2900 4800
236 414 289 469 376
640 414 680 468 De
698 411 785 468 tribum
803 413 945 481 Oupitnlis.

89 579 207 623 meatem
326 556 379 620 86.
403 555 481 620 Alia
503 577 589 640 quae
612 557 651 618 2⁰
678 555 720 620 de
743 555 806 620 hoc
829 554 1016 623 Constituto
1040 561 1261 625 animadverti
1287 585 1361 648 pos-

105 641 193 684 ¹¹²⁶⁰¹⁰'·
237 663 322 736 sunt,
346 655 515 739 aptissime
539 655 676 738 exponit
695 653 885 720 Mnesarelli
908 656 950 720 de
974 657 1090 722 eodem
1114 659 1282 723 disserens
1307 660 1360 724 his

236 749 365 816 verbis:
391 751 462 831 „De
486 750 565 814 Ibee
589 749 726 835 epistola
740 750 822 816 nihil
838 754 1084 820 renascendum
1109 756 1259 821 decernit
1284 767 1360 842 post
1437 807 1438 844 ι

238 847 422 914 Concilium
456 847 735 914 Chalcedoneuse.
791 849 924 914 Etenim
954 851 1085 916 relectis
1123 857 1224 938 gestis
1258 853 1363 940 hujus
1437 919 1438 938 ἢ

237 946 363 1031 Synodi
382 945 563 1030 judicavit,
588 945 676 1031 quod
692 946 772 1010 Ibee
796 947 934 1032 epistola
961 949 1061 1013 fuerit
1083 952 1125 1015 ab
1149 951 1206 1016 illa
1220 952 1363 1038 Synodo
1437 1005 1438 1008 ι

237 1043 402 1110 declarata
430 1043 621 1110 orthodoxa.
667 1044 709 1109 In
736 1065 800 1129 quo
825 1045 982 1131 deceptus
1015 1059 1065 1112 est
1092 1069 1167 1112 cum
1191 1048 1361 1115 Occiden-

236 1140 367 1221 talibue,
391 1141 547 1226 quoniam
582 1142 735 1227 quamvis
768 1141 849 1206 haec
886 1146 1049 1208 mutantia
1085 1148 1281 1210 invenietur
1314 1147 1361 1211 ibi

236 1238 279 1305 ab
311 1237 476 1324 aliquibus
508 1241 731 1324 pronuntiata,
761 1249 872 1304 tammn
905 1250 942 1304 ut
970 1252 1059 1306 recte
1096 1244 1212 1307 dicunt
1244 1245 1363 1308 Peto-es

237 1339 371 1422 quintae
394 1334 530 1420 Synodi,
555 1338 589 1401 in
623 1336 770 1402 conciliis
799 1359 863 1402 non
888 1341 988 1402 unius
1021 1339 1075 1403 vel
1099 1341 1238 1405 secundi
1263 1345 1362 1406 inter·
1437 1331 1438 1334 ¹

236 1435 435 1500 locutionem
458 1433 626 1498 attendere
658 1443 802 1518 oportet,
826 1435 884 1498 sed
916 1435 997 1500 haec
1027 1458 1111 1523 quae
1137 1441 1364 1502 communiter

236 1531 278 1596 ob
311 1531 465 1602 omnibus
498 1530 551 1597 vel
582 1530 796 1616 amplioribus
830 1532 1046 1599 definiuntur.
1094 1534 1209 1602 Collat.
1244 1536 1305 1602 vl.
1331 1559 1362 1622 p.

236 1629 311 1692 515.
358 1629 464 1713 Super
495 1628 557 1692 hac
590 1631 690 1713 igitur
720 1629 803 1694 talea
825 1632 1051 1714 suppositione
1079 1633 1158 1698 facti
1183 1633 1365 1719 innixus¹)

237 1725 380 1809 Vigilius
409 1728 651 1810 pronuntiavit:
686 1728 864 1792 lbaessutis
894 1731 1067 1792 ananum
1091 1741 1218 1794 uestrae
1255 1744 1359 1795 auclo-
1437 1737 1438 1764 ³

236 1825 331 1888 litate
353 1826 520 1888 statuimus
537 1835 629 1908 atque
645 1825 852 1902 deceruimus,
870 1849 938 1889 ceam
952 1829 986 1889 iu
1002 1828 1152 1906 omuibus,
1175 1840 1241 1892 tum
1265 1833 1362 1892 etiam
1437 1889 1438 1892 ,

237 1923 272 1986 iu
305 1923 432 2008 saepius
464 1932 636 1986 memorata
667 1921 857 1986 uenerabilis
880 1923 959 1986 Idae
982 1924 1118 2009 epistola
1140 1928 1360 1990 intemeratum
1437 1977 1438 2000 q

237 2020 368 2084 Puteum
394 2021 429 2084 ia
455 2015 646 2084 amedeus
670 2019 873 2084 residentium
895 2043 1019 2084 munere
1036 2023 1203 2111 judiciati.
1227 2059 1277 2070 -
1301 2023 1357 2088 Er·

237 2139 292 2184 ror
322 2118 434 2202 itaque
458 2117 573 2201 Vigilii
600 2119 634 2180 iu
663 2116 724 2182 hoc
751 2117 887 2182 articulo
907 2117 970 2181 fuit
993 2141 1082 2183 error
1095 2120 1199 2204 faeti,
1224 2131 1258 2184 et
1283 2123 1354 2206 qni·
1437 2111 1438 2192 ζ

238 2215 311 2282 dem
336 2215 424 2300 quod
448 2217 592 2280 maxime
614 2214 852 2281 attendendum
876 2225 940 2296 est,
963 2239 1028 2280 aon.
1051 2219 1085 2281 ia
1109 2219 1280 2295 emutio,
1303 2217 1360 2281 sed

236 2313 271 2376 iu
299 2315 488 2398 praemissis
518 2315 691 2377 sententiae
722 2325 753 2378 et
784 2315 908 2378 decreti¹
958 2314 1048 2394 Quid
1083 2318 1173 2380 enim
1207 2315 1358 2379 decrevit
1437 2335 1438 2408 ἐ

237 2409 391 2500 Vigiliqs,
417 2413 481 2474 nisi
505 2421 541 2474 ut
563 2410 800 2476 irretractebile
823 2413 1148 2497 remaneretSynodi
1174 2412 1356 2477 Chalcedo·
1437 2423 1438 2488 Τ

237 2510 349 2572 nensis
375 2509 563 2593 judicium?
599 2509 639 2572 In
672 2529 736 2593 quo
770 2509 901 2572 decreto
916 2531 1038 2595 ,neque
1073 2513 1197 2574 veritas
1232 2511 1356 2574 subest
1437 2531 1438 2540 ¹

237 2627 345 2692 neque
368 2607 512 2687 falsitas3
536 2609 695 2692 quonium
712 2607 866 2690 Synodus
890 2605 1171 2672 Chalcedonensis
1194 2607 1280 2671 nihil
1304 2608 1356 2671 de
1437 2613 1438 2676 Ῑ

238 2705 368 2770 linierat
390 2726 496 2791 neque
517 2706 551 2768 in
577 2703 817 2768 absolutionem
841 2725 948 2790 neque
969 2707 1003 2770 iu
1027 2705 1255 2769 defensionem
1272 2704 1358 2769 illius
1437 2775 1438 2780 ἵ

239 2802 404 2887 epistolae.
437 2802 540 2868 Dicas
564 2803 672 2886 potius
697 2824 767 2865 esec
783 2801 952 2866 decretum
968 2804 1115 2867 inanest
1131 2805 1221 2867 omni
1237 2805 1358 2868 effectu
1437 2823 1438 2826 ’

239 2922 396 2982 vacuum,
421 2909 593 2985 propterca
616 2899 705 2984 quod
728 2899 772 2962 ad
795 2901 1026 2964 executionem
1048 2901 1184 2986 perduci
1209 2923 1280 2964 non
1303 2921 1355 2985 po·

237 3007 321 3063 terat
339 2997 505 3082 judicium
528 2996 654 3082 Synodi
678 2997 766 3082 quod
795 2996 975 3062 nullimode
999 2997 1162 3083 prolatum
1185 2999 1298 3062 fuerat
1318 2998 1358 3061 de
1437 3017 1438 3022 ¹

239 3095 460 3180 epistolaIbae
477 3096 547 3160 sive
558 3116 616 3180 pro
627 3094 875 3180 approbatione,
892 3097 964 3159 sive
976 3117 1035 3181 pro
1047 3095 1355 3160 condemnatione:-
1437 3101 1438 3134 r

328 3194 380 3258 87.
407 3194 470 3277 „Et
502 3193 584 3256 haec
617 3193 751 3278 quidem
786 3194 966 3274 sufficiunt,
1002 3204 1039 3258 ut
1073 3216 1112 3258 ex
1146 3196 1238 3258 omni
1265 3205 1356 3278 parte
1437 3211 1438 3268 g

239 3292 397 3354 immunis
419 3290 462 3354 ab
486 3312 594 3354 errore
609 3299 723 3354 contra
737 3289 838 3354 fidem
856 3289 1027 3375 judicetur
1055 3290 1117 3354 hoe
1131 3290 1249 3374 Vigilii
1275 3290 1354 3356 Cou-
1437 3333 1438 3370 3

239 3390 389 3452 stitutum
414 3390 448 3452 in
472 3409 572 3452 causa
595 3387 684 3469 Ibae,
719 3409 821 3473 quum
845 3389 944 3451 ctiam
967 3389 1002 3452 in
1026 3387 1185 3453 Consiliis
1208 3409 1354 3452 oecume-

240 3488 324 3552 uicis
348 3508 405 3572 pro
431 3507 557 3550 canone
579 3485 657 3550 fidei
681 3484 843 3550 habeatur
872 3483 978 3550 solum
1009 3487 1172 3550 sententia
1202 3495 1353 3550 contenta
1437 3479 1438 3504 ¹

239 3587 275 3650 iu
299 3583 500 3664 definitione,
525 3605 590 3648 non
614 3582 680 3646 alia
703 3582 871 3669 quaelibet
884 3604 969 3668 quac
994 3583 1178 3647 definitioni
1204 3584 1353 3666 praemit·

239 3683 349 3748 titur.“
398 3681 491 3746 Idem
515 3680 641 3745 scilicet
665 3680 753 3745 valet
775 3701 834 3765 pro
859 3678 1159 3744 Constitutionibus
1183 3679 1251 3744 RR.
1275 3679 1353 3742 Pon·

315 3860 333 3924 ¹)
352 3856 557 3926 aliquantisper
569 3856 737 3910 Mazzarellii
749 3856 882 3924 expositio
899 3856 942 3910 hic
960 3857 1120 3926 corrigenda
1138 3863 1180 3911 cst
1199 3871 1232 3910 cx
1246 3855 1353 3922 itaquae

238 3938 361 4005 superius
381 3937 580 4005 explicavimus.
618 3935 727 3990 Etenim
749 3951 843 3989 revera
863 3952 939 3990 neruo
959 3935 986 3990 iu
1013 3935 1131 3989 Concilio
1151 3931 1352 3989 chalcedonensi
1437 3927 1438 4000 ζ

238 4019 318 4086 plane
337 4015 511 4070 orthodoxam
529 4015 678 4070 declaravit
706 4015 847 4083 epistolam
874 4015 945 4068 Ibus
982 4015 1098 4085 Vigilius
1126 4016 1274 4083 strpposuit,
1301 4011 1352 4078 epi·
1437 4007 1438 4018 ¹

238 4095 336 4150 stolam
355 4097 443 4151 auimo
468 4097 586 4163 propitio
613 4096 641 4150 in
662 4095 778 4150 Concilio
797 4096 851 4149 isto
879 4101 1021 4164 receptam,
1046 4103 1075 4150 et-
1095 4095 1227 4162 jndicinm
1246 4089 1351 4148 Coucild

239 4175 330 4238 luisse,
350 4189 409 4230 cem
427 4189 481 4230 nou
500 4191 558 4230 esse
576 4175 762 4230 duninaudmu.
