2936 4814
480 441 602 500 Clemens
619 435 769 520 Romanoa
1161 439 1196 496 dd

108 591 197 658 lacere
218 593 424 672 mentionem,
447 609 552 676 quum
575 607 643 651 vox
670 583 872 674 μαρτυρήσας
894 586 936 652 de
968 587 1197 654 testificatione

107 690 170 756 fidei
190 689 322 774 intelligi
354 687 466 775 possit.
513 685 579 753 Sed
601 685 730 770 integer
762 693 935 750 contextus
967 690 1119 778 ostendit,
1143 695 1196 780 agi

107 787 139 851 de
158 791 194 854 iis
214 789 267 876 qui
291 786 454 852 violentae
478 785 569 850 necis
583 785 778 868 martyrium
797 785 884 869 passi
909 794 993 868 sunt,
1018 789 1107 875 quod
1125 792 1197 879 jam

107 886 169 952 inde
192 886 231 952 ab
263 885 357 950 initio
391 882 560 948 indicatur
582 879 647 946 illis
679 881 807 964 verbis,
831 886 1080 972 persecutionem
1104 891 1199 976 pasci

106 997 164 1048 eunt
183 997 210 1048 et
229 1007 323 1071 usqece
346 982 391 1046 ud
412 992 540 1045 morum
563 988 759 1044 certaverunt
777 975 848 1062 (ἕως
867 979 1013 1046 θανάτου
1030 979 1197 1073 ἤθλησαν).

105 1081 256 1168 -Darby
280 1081 361 1146 dum
385 1077 563 1144 Clementis
586 1078 810 1142 testimonium
839 1087 986 1144 evertere
1010 1084 1136 1169 nititur,
1160 1107 1199 1149 ea

105 1190 212 1246 nutum
242 1178 389 1260 adducit,
422 1197 507 1263 quae
530 1175 572 1240 de
599 1175 696 1240 Petro
729 1184 762 1238 et
783 1175 886 1241 Paulo
916 1199 936 1240 a
960 1177 1129 1246 Clemente
1153 1181 1199 1247 di-

104 1289 219 1361 euntnr;
241 1278 364 1342 omittit
386 1274 521 1362 reliqua,
541 1272 724 1361 exquibus
747 1275 853 1360 magis
876 1273 991 1361 elucet,
1015 1279 1069 1364 agi
1094 1278 1135 1344 de
1159 1281 1200 1347 iis
1230 1295 1232 1300 ’

104 1378 148 1462 qui
161 1376 276 1440 Romae
299 1374 497 1458 martyrium
521 1371 683 1437 obierunt.
714 1371 803 1437 Dein
826 1371 978 1458 advertit,
994 1378 1073 1441 satis
1086 1387 1199 1464 petere

104 1473 295 1556 (dementem,
310 1493 411 1560 quem
430 1469 555 1536 Romae
568 1491 656 1534 anno
677 1467 720 1534 69
739 1469 911 1557 epistolam
935 1473 1103 1560 scripsisse
1126 1499 1199 1564 sup-

104 1574 188 1658 ponit,
207 1571 300 1638 Pauli
327 1569 462 1658 quidem
485 1577 577 1653 gesta
590 1565 791 1632 luculentius
814 1570 945 1634 novisse
969 1592 1072 1658 esque
1095 1573 1200 1638 fusius

103 1671 212 1754 referre,
236 1668 348 1758 quoad
377 1667 513 1733 Petrum
543 1687 621 1756 aero
651 1687 727 1730 eum
757 1665 842 1732 nihil
871 1668 1018 1753 scivisse,
1042 1673 1106 1735 nisi
1130 1673 1200 1758 ejus

103 1769 291 1854 marm-mm,
326 1777 456 1852 tempus
489 1785 566 1828 vero
599 1773 633 1828 et
664 1762 773 1828 locum
797 1765 828 1829 ei
860 1763 952 1831 haud
983 1777 1061 1834 nota
1088 1769 1199 1836 fuisse.

103 1867 200 1932 llerito
224 1865 302 1932 inde
329 1864 453 1946 inferri,
484 1861 619 1928 Petrum
649 1861 837 1927 nullatcnus
866 1863 991 1929 Romae
1014 1864 1115 1931 luisse
1138 1890 1200 1933 nec

103 1964 139 2028 ibi
159 1975 292 2030 mortem
319 1962 450 2027 obiisse.
459 1959 482 2048 ¹)
527 1961 582 2026 Ex
605 1960 646 2024 iis
669 1982 754 2048 quae
778 1961 924 2026 diximus
946 1961 1030 2028 haec
1052 1967 1131 2030 satis
1153 1987 1200 2031 re·

102 2061 255 2146 lellnntur3
294 2083 357 2126 eur
389 2080 466 2124 vero
501 2057 541 2124 de
573 2056 676 2124 Paulo
708 2058 844 2124 uberius
876 2059 1015 2127 disserat
1049 2061 1201 2130 Clemens

101 2183 185 2248 quam
210 2161 251 2227 de
273 2161 390 2240 Petro,
414 2158 496 2224 ratio
534 2156 632 2222 facile
667 2155 761 2222 reddi
798 2167 914 2244 potest.
960 2159 1122 2248 Apprime
1158 2163 1201 2230 ad

101 2283 158 2325 rem
177 2260 276 2326 Funk
298 2258 322 2324 l.
349 2279 395 2323 c.:
429 2253 569 2320 Cleonae
596 2255 723 2320 uberius
751 2255 791 2320 de
814 2255 915 2322 Paulo
943 2258 1087 2346 disputat
1109 2285 1202 2350 quem

101 2358 131 2422 de
151 2359 247 2439 Petro,
270 2380 338 2422 noa
360 2356 437 2444 quio
457 2354 513 2419 ille
543 2353 758 2419 abundantius
781 2357 913 2420 caeterea
940 2355 1093 2444 upootolio
1116 2358 1201 2436 labo-

100 2459 179 2537 rarit,
201 2459 234 2542 (l
264 2453 339 2521 Cor.
365 2457 418 2532 15,
449 2453 518 2538 10),
543 2452 599 2518 sed
629 2454 706 2540 qrtia
728 2452 926 2540 aliquantum
949 2459 1097 2544 temporie
1119 2457 1203 2522 ieter

103 2551 261 2620 Coriutleioe
284 2561 429 2620 ocreatus
452 2561 506 2616 eet.
540 2549 616 2615 Cum
638 2553 721 2616 euim
743 2562 774 2616 et
796 2552 956 2617 ecclesiam
973 2551 1203 2620 Coriutde'orum

94 2651 249 2736 ιἰιιᾶιιιιιι
281 2663 312 2716 et
337 2653 457 2716 Romae
487 2649 638 2734 obsidem
661 2651 846 2738 martyriam
876 2651 1031 2732 audiisset,
1064 2649 1203 2718 Clemens

99 2773 210 2837 spuere
226 2751 350 2839 potuit,
375 2747 550 2835 eaeemplum
578 2749 642 2812 oiri
664 2749 719 2835 qui
747 2757 778 2812 et
800 2745 1015 2814 Rornanorum
1038 2761 1068 2815 et
1094 2747 1202 2816 Coriu-

99 2849 216 2914 la'oruoa
248 2845 416 2938 apostolae
447 2847 513 2910 dici
538 2847 658 2935 potuit,
683 2846 835 2934 pluribus
866 2847 967 2913 uerbis
988 2849 1204 2936 proferentem

98 2969 152 3012 uae
181 2950 304 3014 animos
338 2945 486 3010 lectorum
517 2967 703 3032 magnopere
729 2955 944 3032 permaturum
974 2971 1048 3012 esce.
1096 2948 1204 3013 Etiam

97 3069 117 3108 r.
138 3049 188 3126 47,
220 3052 238 3113 1
265 3047 320 3132 (in
343 3043 453 3109 eadem
484 3042 635 3132 episstola)
659 3043 704 3109 ad
735 3047 954 3110 cucwrttutem
977 3045 1073 3112 Pauli
1088 3069 1203 3135 provo·

96 3147 194 3211 ms

172 3145 226 3312 ll.
251 3239 383 3326 Quodsi
424 3241 631 3328 testimonia·
653 3262 737 3327 quae
769 3239 940 3308 attulimus
980 3239 1203 3331 perpenderis,

96 3341 247 3432 simulque
272 3337 497 3407 universalem
527 3341 773 3426 persuasionem
802 3362 842 3406 ac
865 3340 1076 3407 traditionem
1100 3341 1142 3406 de
1163 3341 1204 3406 B.

95 3439 173 3506 Petri
198 3443 394 3530 episcopatu
417 3437 566 3503 Romano
590 3461 629 3504 ac
659 3449 792 3526 peracto
816 3438 941 3505 ibidem
964 3440 1133 3525 martyrio,
1157 3441 1204 3505 in·

97 3537 213 3626 telliges
235 3538 398 3627 profecto,
431 3537 627 3602 firmissimis
650 3535 713 3601 hoc
745 3536 869 3602 lactum
893 3538 1026 3626 probari
1048 3537 1205 3603 historiae

97 3639 292 3723 argumentis
325 3634 446 3724 quibus
479 3634 705 3701 contradicere
737 3638 870 3702 omnino
900 3639 1050 3724 ineptum
1074 3645 1131 3703 est.
1162 3673 1205 3684 —

96 3733 264 3826 Reliquum
289 3744 340 3800 est
362 3745 399 3799 ut
420 3734 644 3819 advertamus,
667 3736 913 3822 persuasionem
936 3734 1073 3801 Petrum
1096 3744 1129 3801 et
1150 3757 1206 3800 an·

95 3837 248 3924 tiquitatis
263 3835 365 3900 etiam
381 3833 510 3899 elucere
523 3855 566 3898 ex
587 3829 689 3899 variis
703 3833 970 3900 obseruationibus
984 3835 1149 3923 eeeqeticis
1162 3833 1206 3898 ad

96 3945 191 4001 cenos
212 3933 377 4024 quosdam
399 3955 512 4000 sacrae
529 3931 719 4020 scripturae
734 3941 861 4017 textus3
890 3957 952 3999 nec
970 3935 1081 4000 minus
1100 3955 1205 3998 mouu-

99 4089 301 4102 -n--u-—d-

162 4159 183 4228 ¹)
201 4157 241 4215 at
262 4157 347 4216 Peter
363 4173 446 4216 never
464 4165 495 4214 at
511 4157 596 4216 none
613 4157 631 4214 2
649 4155 690 4217 cd.
709 4155 749 4214 cla
768 4159 794 4216 t.
813 4157 863 4228 (4.)

159 4239 473 4312 theowne
