2924 4818
277 499 328 551 180
612 495 652 551 De
671 495 758 566 Opere
775 495 1057 565 Philosophoumeuon.

174 639 176 644 ’
275 640 437 705 deductus
460 640 503 705 ad
526 640 648 706 molam
679 643 854 706 damnatus
885 651 943 706 est.
989 641 1111 727 Elapso
1134 641 1245 728 aliquo
1269 651 1380 728 tempo-

275 740 320 802 ris
344 741 459 824 spatio,
484 737 600 804 fratres
624 741 859 804 convenientes
883 749 920 802 ut
942 738 1013 802 lieri
1037 739 1118 802 solet
1141 737 1377 825 Carpophorum

275 845 504 916 exoraverunt,
529 845 567 899 ut
589 857 695 922 poena
728 857 860 900 servum
894 858 989 900 suum
1020 835 1213 920 exsolveret,
1245 838 1380 902 dicentes

274 934 383 1017 ipsum
397 955 551 1014 asserere,
567 955 602 998 se
625 934 715 1020 apud
730 933 891 1019 quosdam
911 935 1070 1018 pecunias
1094 934 1236 998 ereditas
1259 934 1378 999 habere.

275 1031 507 1117 Carpophorus
530 1041 650 1112 autem,
676 1053 778 1117 quum
808 1033 883 1117 pius
907 1041 999 1112 esset,
1028 1053 1096 1096 non
1119 1031 1160 1094 de
1184 1035 1253 1096 suis
1277 1055 1310 1096 se
1330 1032 1379 1096 sol·

274 1128 399 1194 licitum
424 1152 493 1194 esse
518 1129 659 1211 dicebat,
684 1129 742 1193 sed
766 1129 807 1193 de
831 1131 981 1214 pecuniis
1005 1132 1187 1194 commissis
1209 1129 1378 1218 (Callisto);

275 1226 368 1290 multi
402 1229 492 1292 enim
524 1228 613 1312 apud
647 1227 739 1291 illum
769 1226 1057 1312 conquerebantur
1084 1227 1247 1311 dicentes,
1276 1249 1380 1313 seper

274 1347 395 1390 nomeu
420 1327 490 1411 ejus
514 1324 650 1390 allectos
674 1325 854 1390 credidisse
887 1324 1022 1390 Callisto
1046 1348 1086 1390 ea
1109 1348 1195 1411 quae
1218 1329 1283 1412 ipsi
1305 1348 1378 1390 com·

275 1427 448 1506 miserant3
482 1435 514 1488 et
545 1424 700 1510 precibus
733 1425 839 1488 flexus
876 1425 976 1508 jussit
1009 1445 1142 1488 servum
1167 1424 1300 1490 dimitti.
1342 1424 1379 1486 llt

275 1520 328 1584 ille
353 1544 454 1606 quum
478 1521 562 1585 nihil
576 1521 713 1586 haberet
727 1521 815 1586 unde
839 1521 988 1603 solveret,
1004 1544 1111 1607 neque
1134 1521 1250 1606 fugere
1273 1525 1376 1586 iterum

274 1627 382 1704 posset
414 1618 456 1683 ob
490 1619 684 1700 custodiam,
717 1621 879 1682 rationem
911 1620 1073 1683 moriendi
1098 1631 1303 1686 commentus
1329 1631 1377 1684 est.

276 1718 318 1780 lit
341 1717 395 1780 die
419 1717 555 1782 Sabbati
589 1718 748 1781 simulans
785 1739 818 1780 sc
843 1719 933 1782 exire
965 1727 1124 1803 tanquam
1147 1718 1192 1784 ad
1217 1719 1376 1798 debitores,

274 1818 419 1880 cucurrit
442 1816 484 1880 ad
516 1837 718 1900 synagogam
746 1815 950 1880 Judaeorum
984 1815 1041 1879 rubi
1072 1819 1264 1902 congregati
1288 1825 1376 1890 erant

275 1925 306 1976 et
338 1914 471 1978 adstans
504 1915 612 1999 coepit
643 1912 776 1978 turbare
801 1912 881 1978 illos.
929 1913 995 1993 Qui
1027 1913 1070 1978 ab
1095 1937 1132 1978 eo
1156 1915 1292 1996 turbati,
1315 1937 1375 1978 con·

274 2011 417 2076 tumeliis
450 2023 482 2075 et
514 2012 620 2098 plagis
653 2012 838 2076 confectum
871 2013 914 2076 ad
948 2013 1150 2078 Fuscianum
1187 2015 1374 2098 preelectum

274 2109 365 2172 urbis
389 2121 528 2175 traxere.
576 2109 673 2173 Hanc
705 2121 815 2173 autem
848 2111 1093 2174 accusationem
1125 2112 1374 2178 intentaverant:

275 2209 414 2272 Romani
439 2208 535 2272 nobis
560 2229 750 2272 concessere
774 2209 896 2292 patrias
915 2206 1003 2292 leges
1026 2207 1159 2292 publice
1181 2209 1305 2294 legere:
1326 2209 1375 2272 iste

274 2315 384 2369 autem
417 2306 599 2370 adveniens
643 2305 804 2390 impedire
842 2305 929 2386 vult,
969 2305 1252 2390 perturbationem
1283 2305 1373 2392 injicit

269 2406 401 2489 jactans
424 2427 458 2468 se
469 2403 695 2468 Christianum
719 2425 799 2468 esse.
838 2404 928 2467 llum
952 2415 1062 2467 autem
1077 2405 1264 2471 Fascianus
1286 2404 1372 2469 intri-

276 2501 387 2568 bunali
404 2503 540 2584 sederat,
565 2511 663 2586 atque
679 2501 720 2565 ob
741 2511 952 2587 expromptae
972 2525 992 2565 a
1006 2502 1144 2567 Judaeis
1168 2505 1203 2567 in
1220 2503 1373 2567 Callistum

274 2601 499 2666 accusationes
523 2601 731 2680 irasceretur,
762 2599 825 2662 fuit
849 2601 905 2684 qui
928 2601 975 2662 rei
1000 2599 1214 2685 Carpophoro
1239 2601 1372 2665 nuntium

275 2701 377 2764 daret.
424 2699 490 2761 Hic
513 2699 615 2782 igitur
645 2719 826 2782 properans
849 2697 892 2761 ad
922 2697 1067 2762 tribunal
1091 2699 1251 2783 praefecti
1273 2698 1373 2764 clama·

275 2798 348 2863 bat:
382 2797 526 2862 Obsecro
560 2805 610 2877 te,
644 2795 777 2860 domine
810 2795 984 2876 Fusciane,
1019 2797 1071 2860 isti
1105 2818 1146 2860 ne
1177 2797 1291 2877 crede;
1319 2813 1372 2858 non

275 2897 363 2959 enim
380 2894 587 2958 Christianus
611 2903 671 2974 est3
694 2895 901 2958 occasionem
925 2903 1035 2958 autem
1060 2896 1173 2958 mortis
1196 2901 1372 2980 aucupatur.

274 2995 352 3079 quia
377 3014 513 3074 inagnas
537 3013 626 3054 nreas
644 2992 805 3075 pecuniae
821 3013 964 3056 summas
979 2992 1169 3078 profligavit
1192 2985 1372 3082 (dresdensi

274 3103 311 3154 ut
334 3112 393 3174 ego
418 3089 599 3154 estendam.
646 3089 721 3152 Rati
752 3099 863 3159 autem
886 3089 1008 3154 ,Iudaei
1032 3092 1192 3174 effugium
1216 3090 1295 3157 illud
1316 3105 1371 3150 esse

275 3213 294 3253 a
328 3187 540 3273 Carpophoro
573 3187 718 3265 allatum,
753 3198 788 3249 ut
820 3209 951 3252 servum
985 3209 1081 3252 suum
1114 3190 1210 3254 morti
1242 3189 1371 3272 eriperet.

275 3287 377 3354 multo
402 3289 501 3350 etiam
535 3286 650 3370 majori
674 3284 803 3349 fervere
834 3286 1037 3370 praefectum
1061 3285 1285 3352 obsecrabant.
1327 3278 1371 3344 Ille

274 3387 316 3450 ab
341 3387 388 3448 eis
412 3394 593 3448 commotus
624 3383 817 3448 verberibus
841 3383 1013 3448 Callistum
1044 3383 1138 3448 caedi
1157 3384 1267 3469 jubet,
1290 3377 1371 3444 tradi·

275 3486 388 3570 ditque
412 3483 454 3548 ad
479 3483 651 3547 Sardiniae
675 3481 807 3546 metalla
830 3482 1059 3546 mittendum.“

364 3673 395 3736 9.
422 3671 603 3755 „Tempore
627 3679 738 3733 autem
761 3669 880 3754 elapso,
910 3692 1012 3754 quum
1042 3672 1076 3735 in
1101 3671 1208 3735 insula
1232 3675 1370 3748 martyres

275 3770 331 3834 alii
357 3778 473 3843 essent,
500 3789 582 3852 opus
606 3767 729 3831 bonum
752 3765 865 3830 volens
880 3767 1037 3852 perlicere
1054 3769 1188 3847 Marcia,
1213 3787 1294 3854 quae
1314 3766 1370 3824 orti

276 3867 448 3932 Commodi
473 3865 659 3930 concubina
678 3865 743 3928 Ilei
767 3887 884 3930 amans
893 3864 925 3950 ¹),
950 3867 1142 3930 arcessitum
1166 3867 1294 3930 boatum
1309 3859 1368 3922 Vie-

278 4029 402 4036 .-..--u-.-
412 4027 485 4034 m·-

350 4115 369 4181 ¹)
389 4113 546 4168 Commodus
571 4112 627 4180 jam
655 4129 679 4166 a.
706 4112 757 4165 183
783 4127 892 4167 uxorem
920 4129 996 4167 suam
1020 4113 1172 4182 Crispinum
1190 4117 1293 4182 propter
1309 4101 1367 4160 adul·

274 4193 374 4248 terium
389 4194 560 4261 rejeceratac
578 4193 640 4247 ‹leiu
653 4193 749 4246 ultimo
759 4192 888 4260 supplicio
905 4191 1040 4249 affecerat
1078 4194 1180 4248 llarcia
1198 4188 1368 4256 umuttjurta

274 4273 365 4330 moris
381 4274 475 4340 lecum,
495 4279 523 4328 et
541 4273 682 4340 inaequale
699 4272 856 4340 conjugium
868 4273 1258 4340 Commoduscumeainierat5
1279 4271 1368 4338 prul&
