2852 4826
236 481 290 532 200
571 478 610 530 ile
630 477 715 544 Opere
734 481 1015 548 Philomphoumenon.

237 629 375 708 poterat.
422 621 607 705 Rigidiores
643 623 700 688 tali
738 627 774 688 in
811 646 889 688 casu
920 624 1102 688 dixissent:
1126 623 1287 689 Maneant
1310 619 1355 688 in·

239 727 370 805 nuptae,
395 741 498 807 quum
521 719 596 784 talis
620 723 662 785 sit
685 723 854 808 dispositio
879 722 1119 808 providentiae.
1153 721 1221 790 Sed
1244 721 1355 806 benig-

239 820 311 884 nior
334 839 413 882 sane
437 827 506 882 erat
530 820 595 899 via,
629 830 666 884 ιιι
688 822 788 885 etiam
818 820 947 884 illarum
972 820 1147 884 mulierum
1171 819 1352 884 infirmitati

239 915 476 1002 provideretur,
501 939 586 1002 quae
609 921 742 1004 nuptias
758 941 832 982 curn
857 920 961 983 servis
984 917 1036 982 vel
1060 918 1186 983 libertis
1210 916 1354 981 christia·

240 1015 291 1081 nis
315 1014 556 1081 desiderabant.
603 1017 744 1080 Nullitas
776 1017 892 1080 talium
925 1018 1211 1080 matrimoniorum
1234 1037 1295 1100 per
1316 1014 1355 1078 le-

239 1135 296 1198 ges
325 1113 491 1177 Romanas
523 1135 589 1178 non
629 1124 699 1178 erat
732 1113 958 1194 obstaculum,
998 1114 1175 1200 quominus
1207 1112 1354 1178 Ecclesia

241 1211 448 1276 difficillimis
471 1212 542 1275 istis
565 1211 768 1297 temporibus
792 1211 953 1298 ejusmodi
977 1214 1104 1298 nuptiis
1136 1211 1354 1277 benediceret.

240 1318 338 1395 atque
363 1310 398 1373 in
421 1309 490 1372 foro
514 1309 685 1374 Ecclesiae
708 1311 805 1374 istam
825 1311 982 1375 unionem
1006 1321 1042 1375 ut
1064 1309 1251 1396 legitimum
1276 1329 1356 1371 com·

241 1407 395 1492 probaret
417 1409 674 1472 matrimonium.
720 1408 836 1493 Neque
864 1406 899 1472 id
923 1407 1026 1472 indoli
1050 1408 1222 1473 Ecclesiae
1245 1427 1355 1492 repug-

243 1503 352 1568 nabat.
398 1503 498 1568 Nulla
521 1515 592 1569 erat
615 1505 781 1590 obligatio,
804 1515 842 1569 ut
864 1527 1007 1592 eousque
1026 1505 1143 1571 honori
1157 1505 1355 1570 familiarum

242 1601 404 1666 nobilium
419 1606 490 1689 ipsa
504 1604 704 1690 provideret,
729 1625 766 1668 eo
789 1603 842 1667 vel
866 1606 987 1690 magis,
1012 1604 1102 1691 quod
1124 1605 1213 1669 inter
1235 1602 1355 1668 nobiles

243 1701 359 1785 ingens
392 1723 430 1766 ea
462 1711 570 1766 aetate
603 1711 687 1767 esset
719 1703 899 1787 corruptio,
933 1704 1020 1767 inter
1051 1723 1161 1766 servos
1195 1710 1306 1765 autem
1328 1709 1356 1761 et

245 1797 379 1863 libertos
394 1799 599 1882 christianos,
620 1821 760 1885 quorum
780 1799 955 1864 multitudo
965 1821 1147 1885 permagna
1166 1809 1248 1880 erat,
1265 1795 1356 1860 hone-

245 1898 378 1962 stissimi
389 1900 489 1963 etiam
501 1900 565 1962 viri
581 1900 819 1963 invenirentur.
854 1895 1029 1963 Caeterum
1040 1899 1163 1963 femina
1173 1895 1295 1962 nobilis
1304 1893 1354 1958 tali

246 2017 340 2060 servo
364 1997 511 2083 profecto
534 1997 720 2061 libertatem
746 1997 823 2062 dein
846 1995 957 2078 dabat,
982 1999 1008 2061 si
1031 1997 1116 2060 forte
1138 1996 1274 2082 publice
1296 2015 1354 2058 non

245 2105 363 2182 posset,
387 2094 501 2159 saltem
526 2104 664 2178 secreto,
689 2118 750 2160 nec
774 2094 912 2160 dubium
937 2103 995 2177 cst,
1020 2095 1054 2160 id
1069 2093 1226 2158 Pontifici
1248 2100 1354 2157 notum

245 2195 357 2258 fuisse.
404 2193 546 2258 Videtur
559 2203 668 2258 autem
686 2217 737 2258 res
759 2195 904 2258 maxime
928 2202 1092 2278 spectasse
1116 2191 1238 2256 viduas
1255 2189 1355 2276 junio-

246 2313 311 2372 res,
345 2312 430 2377 quae
462 2300 595 2376 propter
624 2291 745 2357 liberos
778 2313 820 2354 ex
852 2292 958 2376 primo
991 2291 1203 2355 matrimonio
1236 2286 1354 2373 genitos

247 2388 442 2472 dignitatem
465 2389 659 2454 clariaamoo
683 2391 833 2454 amittere
864 2389 1033 2471 nolebant,
1059 2388 1270 2476 (dignitatem
1293 2403 1354 2468 pes·

247 2486 400 2551 sumdars
408 2485 587 2574 nolebant),
596 2509 636 2552 ac
644 2497 815 2574 propterea
825 2486 1166 2572 matrimoniumlcpale
1175 2481 1353 2550 cumliboro

247 2583 384 2669 ignobili
421 2584 639 2670 refugiebant.
696 2585 800 2652 Dedit
836 2587 937 2670 igitur
963 2585 1117 2649 Pontifex
1157 2595 1353 2651 consensum,

247 2691 284 2746 ut
306 2681 434 2746 nobiles
456 2683 600 2748 feminae
623 2685 831 2748 matrimonio
846 2685 883 2748 ia
897 2683 976 2769 foro
986 2682 1146 2746 Ecclesiae
1168 2679 1277 2745 valido
1299 2693 1354 2738 ser·

248 2782 299 2844 vis
322 2779 376 2844 vel
399 2779 525 2845 libertis
549 2782 673 2846 nubere
696 2792 838 2868 possent.

336 2877 391 2943 35.
415 2877 568 2944 Absurde
587 2889 620 2944 et
638 2879 848 2966 impudenter
870 2881 971 2964 igitur
985 2877 1112 2942 Auctor
1129 2870 1353 2958 Philosophus-

249 2997 369 3041 menon
384 2975 513 3060 clamat,
529 2975 713 3041 moechiam
732 2999 752 3040 a
768 2975 901 3041 Callisto
917 2997 988 3040 esse
1001 2981 1196 3060 promotam.
1227 2971 1353 3036 Conten-

249 3075 298 3139 dit
321 3097 427 3160 porro,
452 3075 530 3140 inde
550 3075 675 3139 factum
694 3097 764 3139 esse
786 3084 823 3140 ut
843 3074 991 3155 abortus,
1015 3075 1051 3139 in
1071 3070 1211 3159 paganis
1234 3062 1354 3134 seminis

249 3195 315 3238 non
338 3195 441 3255 rarus,
466 3175 565 3238 etiam
589 3197 609 3237 a
632 3173 825 3238 mulieribus
849 3124 1036 3236 christiabis
1059 3176 1296 3278 procuraretur,
1318 3177 1353 3222 nt

249 3293 291 3336 ex
327 3271 530 3357 ignobilibus
566 3272 693 3336 maritis
729 3271 849 3337 liberos
886 3269 1056 3334 haberent.
1117 3267 1172 3334 Sic
1210 3263 1352 3330 insinuat

249 3368 306 3434 illa
330 3368 496 3433 connubia
520 3371 617 3434 unice
641 3367 836 3433 cxlibidine
856 3390 877 3430 a
900 3366 1094 3431 mulieribus
1117 3387 1188 3428 esse
1210 3355 1352 3448 appetita,

250 3469 405 3532 eflectum
438 3487 516 3531 vero
550 3467 652 3531 fuisse
676 3466 775 3530 valde
806 3466 1038 3552 perniciosum.
1085 3463 1151 3529 Sed
1175 3460 1258 3526 id'
1234 3481 1260 3524 si
1282 3453 1353 3518 forle

251 3565 417 3632 interdurn
441 3564 628 3648 accidebat,
660 3563 827 3630 Callisto
818 3585 853 3626 m
877 3562 1008 3648 culpam
1032 3559 1116 3625 verti
1141 3581 1207 3626 non
1231 3555 1353 3644 potarat

251 3664 359 3752 Ipsius
393 3664 530 3728 intentio
569 3671 657 3744 erat,
691 3671 728 3725 ut
765 3661 958 3726 subveniret
990 3658 1161 3744 fragilitati
1192 3652 1352 3722 mulierum

252 3781 407 3827 concessa
429 3761 578 3846 legitima
601 3761 733 3826 unione.
782 3758 876 3840 Quas
900 3757 1015 3822 eadem
1025 3755 1256 3832 abutebantur,
1278 3749 1353 3810 serta

252 3863 352 3926 etiam
376 3858 492 3924 eadem
522 3859 662 3924 crimina
690 3867 723 3921 et
750 3857 877 3942 majora
905 3861 1094 3941 perpetrare
1120 3851 1337 3944 pouissent
1330 3855 1351 3897 ⁸¹

252 3961 412 4044 innuptae
435 3958 649 4039 mansissent,
686 3964 839 4041 poterant
862 3953 989 4018 scilicet
1010 3950 1137 4016 occulte
1167 3968 1241 4012 oum
1264 3931 1353 4006 mis

254 4056 529 4124 eomuetndinem
550 4053 673 4120 habere
695 4063 729 4118 at
750 4051 885 4118 abortus
908 4069 1095 4137 procurare.

116 4182 220 4225 namu
346 4153 398 4220 36.
423 4153 606 4218 Veniamus
628 4152 673 4216 ad
700 4151 800 4216 aliam
824 4151 1083 4230 accusationem,
1107 4165 1173 4232 qna
1197 4137 1352 4208 Callitlum

98 4244 241 4296 mann.
258 4251 385 4319 Auctor
406 4251 516 4337 arguit
538 4250 579 4316 da
600 4251 782 4316 rmbsioaa
800 4258 1000 4338 pessuma
1028 4243 1183 4311 omnibus
1204 4243 1351 4304 eoncflffl·
