2806 4848
88 1512 154 1561 Leges
174 1513 248 1552 contra

109 1571 232 1617 haereticos.

109 3088 226 3140 Principis.

260 475 308 532 tos
432 475 472 530 De
490 475 636 530 Arianismi
654 475 830 532 decrementis
848 493 880 530 ac
897 476 929 532 de
948 453 1025 532 Oeno.
1046 477 1155 531 CPtano
1173 477 1195 531 1.

255 642 295 685 ac
319 621 462 684 maxime
486 617 691 682 Theodosius
705 620 738 684 ΙΙ
762 629 795 684 et
817 621 838 686 J
842 621 1036 700 ustrnranus
1063 619 1218 684 Arianam
1240 631 1342 684 sectam

255 719 516 805 proscripserunt
535 716 663 800 legibus
678 719 754 798 suis,
771 727 870 803 atque
884 719 930 782 ita
948 718 1088 782 multum
1112 717 1344 784 contribuerunt

256 826 293 881 ut
330 817 434 900 magis
467 816 638 900 magisque
675 818 708 880 in
742 817 885 902 Imperio
918 817 1065 882 Romano
1099 838 1138 880 ea
1171 815 1344 880 concideret.

256 915 373 1000 Viguit
396 924 505 980 eutem
529 913 673 980 haeresis
697 913 779 980 haec
794 914 904 978 adhuc
922 913 1090 1000 aliquanto
1114 924 1256 1000 tempore
1276 912 1345 975 inter

256 1012 394 1100 populos
416 1011 584 1091 barbaros,
608 1013 763 1076 nimirum
788 1012 924 1092 Suevos,
939 1012 1214 1097 Burigundiones‚
1230 1010 1345 1079 Gothos.

257 1109 424 1176 Vandalos
456 1119 488 1172 et
519 1109 766 1194 Longobsrdos,
799 1113 856 1196 qui
889 1109 1018 1175 saeculo
1051 1111 1100 1174 VI
1123 1119 1156 1174 et
1178 1110 1244 1174 VII
1264 1109 1345 1173 tidem

257 1206 450 1274 catholicam
484 1206 628 1293 amplexi
653 1218 737 1273 sunt.
784 1208 854 1273 Sub
878 1209 1004 1272 exitum
1034 1227 1113 1272 vero
1143 1207 1262 1272 saeculi
1297 1205 1343 1268 Vll

257 1305 372 1370 Ariani
398 1304 596 1389 peculiarem
630 1315 751 1370 sectam
779 1306 850 1390 jam
881 1304 1022 1390 amplius
1045 1327 1111 1370 non
1135 1304 1344 1370 costitusbant

345 1501 398 1566 26.
424 1501 585 1582 Quamvis
609 1501 649 1566 de
672 1501 800 1585 legibus
824 1509 937 1564 contra
961 1500 1141 1564 haereticos
1163 1500 1248 1582 latis,
1270 1498 1348 1562 etde

257 1599 459 1683 repressione
482 1598 655 1664 haeresum
678 1620 737 1684 per
759 1597 943 1663 Ecclesiam
972 1607 1004 1660 et
1026 1597 1190 1682 gubernio
1212 1607 1349 1682 tempora·

256 1697 301 1762 lia
329 1697 516 1778 christiana,
541 1696 622 1762 alies
654 1697 839 1762 accuratius
872 1695 1037 1780 agendum
1069 1697 1119 1776 sit,
1148 1704 1350 1782 opportunum

257 1805 367 1858 tamen
391 1793 523 1858 videtur
546 1795 608 1858 hoc
630 1794 701 1858 loco
717 1794 880 1880 quaedam
896 1794 1061 1880 principia
1084 1793 1234 1874 innuere,
1256 1811 1351 1856 secun·

258 1892 337 1957 dum
361 1915 446 1978 quae
468 1893 550 1958 ratio
582 1893 702 1976 agendi
727 1891 895 1956 Ecclesiae
927 1901 960 1956 et
982 1891 1170 1977 principum
1195 1887 1351 1978 dijudicari

258 1990 363 2058 debet.
420 1990 614 2056 Adversarii
641 1989 810 2055 Ecclesiae
842 1991 987 2054 maxime
1019 1987 1185 2053 invehunt
1220 1990 1254 2052 in
1284 2007 1352 2060 eam,

258 2088 346 2176 quod
369 2098 482 2154 contra
505 2090 686 2154 haereticos
710 2090 781 2175 ipss
804 2089 903 2152 etiam
926 2086 1054 2152 brachii
1078 2087 1257 2151 saecularis
1278 2083 1354 2148 auri-

257 2189 300 2254 lio
323 2209 384 2252 usa
407 2189 458 2268 sit,
473 2189 728 2273 principumque
744 2187 997 2252 christianorum
1012 2185 1101 2270 leges
1124 2193 1157 2248 et
1181 2185 1352 2270 punitiones

259 2285 311 2350 vel
334 2286 574 2370 provocaverit,
598 2284 651 2348 vel
666 2285 851 2370 permiserit
868 2292 902 2348 et
924 2282 1210 2369 comprobaverit3
1234 2304 1291 2346 nec
1312 2278 1354 2342 de·

257 2383 390 2448 fuerunt
402 2385 488 2446 inter
503 2382 690 2466 catholicos,
706 2384 761 2468 qui
777 2383 887 2447 minus
910 2382 1161 2446 convenientem
1188 2402 1250 2445 nec
1263 2379 1354 2443 Evan-

256 2480 343 2566 gelii·
366 2479 498 2564 regulae
531 2483 609 2544 satis
642 2489 895 2544 consentaneam
934 2477 1023 2542 illam
1053 2478 1176 2563 agendi
1211 2480 1353 2543 rationem

258 2579 540 2644 existimaverunt.
587 2577 651 2643 Sed
679 2578 735 2663 jus
765 2576 935 2642 Ecclesiae
967 2577 1030 2642 hac
1059 2578 1096 2641 in
1125 2599 1161 2641 re
1195 2575 1352 2642 indubium

257 2686 315 2756 est,
339 2677 521 2762 meritoque
543 2677 615 2762 ipse
638 2676 753 2740 eodem
784 2674 947 2739 utebatur.
993 2675 1069 2740 Jam
1103 2675 1252 2740 breviter
1274 2691 1353 2759 quae-

258 2775 334 2839 dam
357 2775 522 2860 principia
548 2794 778 2860 proponemus,
810 2793 894 2859 quae
927 2773 961 2836 in
985 2772 1048 2836 hac
1070 2775 1265 2858 quaestione
1286 2789 1349 2856 pree

257 2873 360 2937 oeulis
382 2871 537 2937 habenda
560 2881 645 2937 sunt.

345 3069 397 3134 27.
425 3069 460 3132 1⁰
483 3067 627 3132 Omnino
641 3067 723 3132 falsa
738 3078 786 3132 est
801 3068 963 3154 imprimis
986 3089 1024 3130 ea
1047 3067 1170 3152 opinio,
1196 3087 1289 3152 reges
1309 3061 1352 3127 ds·

257 3167 484 3232 benetentum
515 3187 629 3230 curare
657 3187 773 3250 pacem
796 3165 974 3251 publicam,
1009 3164 1050 3230 de
1073 3164 1235 3250 religione
1257 3173 1352 3227 autem

257 3285 323 3329 non
346 3287 415 3330 esse
439 3265 602 3330 sollicitos.
637 3263 859 3328 Bellarminus
872 3263 937 3328 hac
960 3264 1001 3328 de
1024 3286 1068 3344 re,
1087 3271 1262 3348 postquam
1284 3257 1352 3324 relu-

256 3364 341 3428 tavit
371 3385 426 3428 eos
457 3365 514 3449 qui
544 3363 683 3426 nimium
716 3361 867 3428 tribuunt
896 3361 1161 3447 magistratibus:
1198 3359 1352 3426 &wedre

257 3463 375 3547 inquit,
408 3483 497 3526 error
529 3472 573 3524 cst
605 3459 827 3546 aliorumque
821 3461 894 3526 ud
917 3459 1050 3525 alterum
1073 3471 1246 3523 este-emam
1267 3455 1385 3576 detes

259 3569 354 3624 tentes
377 3560 496 3636 deccat,
530 3581 615 3644 reyes
653 3559 763 3623 debere
794 3583 905 3623 curare
936 3581 1002 3622 rem
1029 3556 1194 3644 publicum
1223 3581 1305 3622 ιικιιιι
1333 3539 1385 3626 cll

255 3679 366 3743 pacem
384 3656 559 3744 publicam,
583 3658 621 3720 de
643 3655 795 3742 reliqioac
819 3668 922 3722 uestem
937 3679 1000 3720 coa
1022 3679 1144 3734 curere,
1168 3655 1225 3720 aed
1242 3653 1385 3741 pensit-

259 3766 321 3820 tere
344 3755 486 3840 stupeatis,
509 3765 544 3818 ut
566 3756 704 3819 cendant
726 3765 826 3840 prout
847 3754 1003 3820 volueriut
1033 3765 1063 3818 et
1083 3756 1193 3818 vivam
1214 3763 1249 3816 ot
1271 3750 1354 3814 veos-

258 3856 333 3932 re'at,
357 3855 448 3917 modo
478 3877 542 3918 noa
567 3851 754 3940 perturbent
780 3876 893 3940 pacem
909 3851 1080 3939 publicum.
1128 3852 1354 3915 Iuliocenon

249 3953 387 4038 feserunt
410 3975 513 4016 omues
545 3953 668 4030 ethuici,
700 3952 755 4036 qui
777 3973 881 4016 omues
907 3950 1074 4038 reliqioues
1097 3948 1314 4037 approbabunt
1333 3955 1355 4004 ft

259 4053 394 4114 omnium
411 4050 669 4138 philosophorum
692 4059 792 4114 sectos
815 4047 1034 4114 admittebant.
1059 4096 1121 4112 ...
1146 4047 1188 4112 m
1211 4047 1260 4110 lu'c
1281 4065 1356 4108 cuer

253 4149 542 4233 perniciosissimus
574 4157 629 4226 est,
662 4157 692 4210 et
724 4148 790 4211 sine
814 4147 908 4212 dudio
941 4155 1085 4210 tenentur
1101 4146 1267 4232 princepae
1290 4139 1356 4204 cdri-
1384 4139 1385 4154 ³

259 4245 442 4313 etiamnum
468 4247 651 4342 permittere
683 4244 905 4310 motiuncula
937 4243 1111 4310 libertatern
1135 4241 1289 4317 medendi,
1310 4233 1357 4300 sed
