2806 4848
259 457 310 510 160
676 455 716 511 De
734 456 807 512 facto
825 453 951 512 Nectarii.

257 600 474 682 subsistentia,
494 599 565 684 jam
590 622 655 664 non
679 603 829 666 occurrit.
868 601 933 666 Sed
958 609 1045 664 certe
1067 623 1174 687 neque
1195 601 1349 666 Nestorius

257 720 363 783 neque
388 697 443 762 alii
468 699 612 784 episcopi
639 699 707 784 juri
733 721 790 763 suo
823 701 1064 784 renuntiarunt,
1094 723 1158 788 quo
1182 707 1350 788 peccatores
1390 685 1391 698 ¹

257 799 392 860 notoriis
416 796 610 860 criminibus
642 799 829 882 inquinatos
862 797 905 861 ad
929 803 1180 865 convenientem
1203 801 1351 887 poeniten-

257 896 336 959 tiam
361 904 393 958 et
416 895 671 958 satisfactionem
695 894 863 980 publicam
881 895 1062 980 adigerent,
1088 899 1139 963 vel
1163 903 1204 965 iis
1227 918 1351 962 eommu-

257 996 389 1058 niouem
413 1015 579 1056 sacrorum
611 995 840 1077 mysteriorum
873 1016 932 1079 per
962 996 1096 1082 aliquod
1120 1009 1249 1084 tempus
1271 999 1352 1059 inter-

257 1093 413 1156 dicerent.
460 1092 510 1154 Ita
532 1091 690 1175 Synesius
714 1093 886 1177 episcopus
907 1093 1119 1160 Ptolemaidis
1143 1097 1186 1184 (a.
1211 1097 1286 1180 400)
1310 1117 1351 1178 ep.

257 1191 297 1253 67
332 1189 447 1253 scribit
478 1190 519 1252 de
549 1191 750 1275 poenitentia
782 1191 1038 1276 Lamponionis:
1067 1194 1127 1258 Ille
1150 1198 1351 1260 coacictivvm

256 1288 450 1373 confessicae
468 1289 678 1373 praeveniaris
696 1311 820 1373 poenus
843 1288 911 1370 luit,
937 1291 976 1353 eb
1001 1291 1220 1358 ecclesiasticis
1243 1315 1350 1356 coama-

257 1386 339 1450 ta'bvs
362 1397 529 1471 seperatus
553 1397 616 1464 est,
640 1409 825 1472 praequam
841 1409 881 1450 eae
905 1391 1005 1452 enimi
1021 1393 1224 1476 poenitentia
1246 1391 1353 1474 {aava

255 1486 362 1562 mevit,
388 1495 417 1546 et
439 1483 578 1570 suppleo
591 1485 732 1571 populas
748 1486 922 1549 coadorari
936 1511 1004 1550 eam
1027 1489 1087 1552 sibi
1103 1491 1220 1574 petiit,·
1242 1489 1293 1552 sed
1312 1509 1355 1572 epo

255 1585 291 1646 ia
313 1584 355 1646 iis
378 1606 456 1668 qvae
481 1583 573 1645 semel
596 1583 791 1647 decreveram
799 1587 1008 1668 perseverari,
1033 1587 1176 1651 solvendi
1199 1598 1296 1652 eutem
1310 1591 1357 1674 jus

257 1691 348 1766 etque
381 1682 598 1744 uector-itatem
631 1681 674 1743 ad
691 1683 889 1766 pontificiam
913 1683 1014 1746 sedem
1040 1687 1143 1774 rejeci.
1192 1685 1246 1748 Ex
1268 1683 1355 1748 Theo-

257 1777 335 1841 doro
369 1778 499 1843 Studita
527 1777 625 1864 (saec.
659 1777 724 1864 IX)
758 1779 931 1864 colligitur,
957 1779 1242 1870 Constantinopoli
1273 1783 1357 1868 lapsis

256 1877 378 1961 passim
409 1878 674 1940 communionem
707 1879 861 1943 orationis
892 1890 922 1943 et
945 1893 1111 1946 conventus
1135 1893 1164 1946 ct
1189 1884 1273 1946 sacr-i
1292 1903 1357 1944 cors-

256 1975 364 2037 mercii
386 1995 445 2058 per
467 1995 569 2037 unum
595 1974 648 2037 vel
678 1975 787 2061 plures
817 1999 921 2042 annos
946 1989 1097 2063 negatam
1121 1981 1236 2060 fuisse,
1259 2003 1295 2043 ac
1316 2001 1357 2061 gc·

258 2073 396 2136 ncratim
420 2074 622 2156 poenitentia
652 2073 763 2158 aliqua
792 2074 936 2160 publica,
968 2079 1121 2162 quamvis
1146 2082 1257 2144 minus
1279 2099 1359 2142 accu-

257 2181 326 2234 rate
360 2171 527 2256 disposita,
561 2173 660 2234 etiam
692 2182 765 2256 post
797 2173 964 2238 saeculum
997 2185 1150 2260 quartum
1177 2179 1212 2242 in
1237 2176 1359 2240 ccclesia

259 2269 407 2332 orientali
432 2271 562 2355 saepius
586 2269 768 2356 occurrit1).

346 2369 398 2432 31.
423 2367 662 2430 Difficultatem
693 2367 747 2431 hic
779 2370 887 2433 facere
921 2370 1078 2435 videntur
1109 2373 1227 2451 verba,
1252 2370 1358 2457 quibus

257 2467 406 2532 Socrates
430 2477 461 2529 et
485 2466 685 2531 Sozomenus
714 2470 936 2532 narrationem
964 2491 1057 2534 suam
1081 2469 1295 2544 concludunt,
1317 2487 1358 2528 es·

257 2587 321 2651 que
345 2587 364 2628 a
386 2565 647 2630 Protestantibus
678 2574 846 2649 urgentur,
871 2575 908 2631 ut
931 2569 1172 2633 confessionem
1199 2587 1358 2632 omnema

256 2663 408 2726 Nectario
441 2661 632 2747 abrogatam
665 2685 734 2727 csse
768 2667 933 2732 evincant.
980 2666 1103 2732 Scribit
1134 2667 1293 2732 videlieet
1313 2665 1357 2728 sc

257 2770 379 2826 crates:
405 2763 588 2825 Eadeeeaoa
611 2811 617 2825 .
644 2811 650 2826 .
684 2811 691 2826 .
726 2764 870 2850 episcopo
895 2765 1046 2830 Nectario
1071 2768 1184 2846 evasit,
1210 2777 1246 2829 vt
1262 2763 1357 2851 poeai-

258 2862 439 2924 tentiorium
462 2861 585 2946 quidem
594 2860 812 2948 presbyteram
828 2875 1025 2950 expungeret,
1042 2886 1286 2950 vavmqvemqvc
1300 2883 1358 2923 rav
1390 2915 1391 2938 ,

251 2983 314 3048 pro
338 2959 470 3023 arbitrio
495 2971 525 3022 et
541 2981 604 3044 pro
629 2961 729 3023 avieni
751 2962 801 3023 sui
827 2963 1018 3026 conscientia
1042 2963 1084 3026 ed
1107 2971 1357 3026 sacramentorum

256 3060 497 3122 commonionem
520 3059 635 3120 sineret
658 3058 809 3121 accedere.
836 3108 842 3122 .
869 3107 876 3122 .
902 3109 909 3123 .
935 3061 977 3123 Et
998 3062 1091 3124 initio
1107 3060 1237 3146 paridem
1254 3056 1359 3122 Este·

255 3159 341 3220 movi
372 3156 462 3219 diat:
504 3153 674 3221 Consilium
707 3166 801 3234 taum,
835 3179 852 3220 o
878 3159 1059 3245 presbyter,
1083 3169 1190 3222 atnam
1214 3157 1358 3221 helesiae

252 3256 412 3343 profuerit
435 3277 551 3332 eavea,
575 3255 662 3318 Deus
684 3253 807 3318 viderit.
859 3252 1020 3320 Caeterum
1052 3279 1164 3320 oasam
1189 3279 1230 3320 ea·
1254 3277 1286 3318 eo
1309 3253 1358 3315 sia·

255 3355 338 3440 pulis
361 3355 470 3418 dotum
493 3375 557 3416 esse
580 3353 680 3430 msice,
703 3363 738 3416 at
774 3352 891 3417 delicta
914 3377 972 3418 sve
993 3355 1124 3418 invicem
1148 3354 1287 3440 amplias
1308 3373 1356 3413 avar

256 3463 437 3537 courpeoat,
460 3475 516 3514 aec
539 3451 698 3514 observent
715 3461 918 3537 praeceptvm
932 3452 1015 3516 illud
1037 3453 1196 3538 Apostoli,
1222 3451 1301 3538 qvod
1321 3449 1357 3510 itu

257 3575 287 3616 se
310 3551 416 3615 babet:
440 3549 549 3614 Nolite
573 3550 796 3612 communicare
829 3551 975 3636 operibus
1001 3551 1210 3636 infamatoris
1234 3549 1356 3614 sarea-

255 3675 333 3728 rvm,
358 3651 412 3713 sed
429 3651 540 3736 potiris
562 3647 751 3733 redarguite.
799 3647 863 3713 Sed
887 3648 969 3711 haec
998 3650 1107 3711 omnia
1131 3648 1234 3734 plane
1257 3665 1356 3711 conve

256 3750 384 3812 nienter
408 3769 483 3809 cnm
508 3745 706 3810 Bellarmino
740 3745 968 3830 intelliguntur
1000 3745 1040 3809 de
1064 3745 1188 3810 abolito
1214 3741 1356 3811 tribunali

256 3846 438 3932 presbyteri
455 3845 699 3930 poenitentiarii
717 3843 883 3927 specialis,
899 3865 938 3907 ac
954 3843 995 3907 ds
1007 3846 1214 3930 poenitentia
1228 3841 1358 3931 publica.

257 3944 420 4008 Videlicet
443 3946 499 4029 qui
522 3943 712 4027 graviorum
735 3944 782 4005 rei
812 3951 905 4006 erant
928 3944 1104 4008 criminum
1128 3965 1215 4028 quae
1240 3941 1358 4005 canoni·

255 4041 318 4107 bus
351 4041 618 4126 designabantur,
653 4063 685 4104 se
718 4039 796 4104 hnic
828 4041 1018 4126 presbytero
1048 4043 1159 4106 sistere
1193 4039 1359 4105 dedebant.

258 4190 464 4197 ———-...—-

331 4265 350 4338 ¹)
368 4265 402 4321 V.
421 4264 518 4329 Frmrk,
538 4265 555 4320 l.
575 4281 596 4317 c
615 4279 658 4332 pp.
678 4263 729 4317 193
747 4279 802 4331 sqq.
