2874 4812
470 458 571 516 Paulus
587 461 785 523 ememtes
877 497 882 506 ·
1130 469 1183 522 369

90 623 105 663 s
124 600 226 668 Meris
241 603 487 690 conciperetur3
511 606 541 671 ei
564 606 600 670 in
615 609 831 693 conceptione
854 608 1066 693 conjunctam
1079 610 1183 677 fuisse

91 698 143 762 Dei
165 701 329 782 rationem,
354 722 419 788 que
433 700 584 770 homiues
599 705 687 770 viem
704 703 819 775 solutis
842 704 1000 788 docuerit,
1025 705 1186 781 miraculo.

91 798 258 880 patruven't,
282 807 315 860 et
334 797 443 865 Filius
466 797 530 864 Dei
554 821 612 866 seu
640 802 743 886 etiam
762 801 857 869 Deus
884 804 1062 888 improprio
1086 826 1183 873 sensu

91 891 144 956 dici
157 896 315 963 meruerit.
340 895 407 960 Ubi
430 893 513 961 haee
527 896 706 962 audierunt
727 898 893 984 praesules
908 898 1003 983 Syri,·
1016 923 1103 969 enno
1118 902 1184 969 264

91 989 268 1058 Antiochiae
301 991 465 1076 synodum
499 991 696 1076 habueruut,
729 997 763 1062 in
796 1018 863 1081 qua
894 998 1079 1082 impietates
1112 997 1184 1067 illas

91 1089 332 1172 execrationum
357 1088 398 1154 de
415 1087 516 1154 Paulo
541 1111 630 1174 vero,
645 1113 720 1156 eum
736 1101 877 1164 mentem
902 1115 996 1158 suam
1018 1095 1185 1180 ambiguis

89 1181 290 1250 locutionibus
323 1184 504 1250 occultaret
535 1197 567 1250 et
598 1209 633 1252 se
666 1187 826 1259 catholice
858 1191 979 1256 sentire
1005 1191 1184 1276 simularet,

85 1278 230 1364 judicium
253 1303 322 1348 non
345 1281 500 1348 tulemnt
523 1283 658 1368 Synedo
682 1285 859 1372 praesedit,
881 1297 1041 1372 quantum
1065 1311 1108 1354 ex
1131 1290 1184 1356 uo.

89 1379 230 1443 cementis
265 1378 375 1464 colligi
407 1389 524 1466 petest,
557 1379 590 1448 S.
623 1381 849 1448 Firmilisnus.
901 1382 1089 1468 Aliquanto*
1112 1397 1186 1474 post

89 1471 142 1536 elia
161 1475 304 1558 synodus
328 1474 443 1541 habite
465 1487 524 1558 est,
540 1499 641 1564 quum
657 1477 779 1542 Paulus
802 1479 917 1546 endem
940 1493 1092 1568 pergeret
1114 1507 1184 1570 pro-

89 1569 158 1632 lerre
179 1572 279 1658 impie
303 1571 478 1656 dogmate;
510 1583 656 1640 attamen
686 1598 788 1660 quum
817 1579 947 1662 ipsese
970 1601 1095 1647 errores
1118 1604 1184 1649 eor-

89 1677 234 1734 rectnrum
257 1671 482 1754 promitteret,
506 1693 581 1737 eum
604 1673 766 1756 (lignitate
798 1695 857 1738 suu
880 1695 946 1741 uon
969 1675 1143 1762 privarunt
1152 1677 1184 1766 ¹).

88 1764 142 1828 Sed
173 1789 273 1852 quum
297 1768 417 1832 iterum
441 1767 564 1834 Paulus
595 1769 747 1835 absoluto
775 1770 902 1856 syuodo
933 1772 1065 1841 easdem
1098 1797 1185 1862 epar·
1263 1791 1277 1820 ¹¹
1306 1778 1313 1817 ¹

87 1873 165 1946 geret
185 1863 360 1947 doctrinas,
384 1887 415 1930 a
444 1865 510 1930 269
534 1867 605 1952 ipse
638 1868 671 1932 iu
696 1869 792 1931 tertia
815 1865 942 1952 synodo
966 1869 1184 1954 Antiochense,

89 1961 135 2023 eui
154 1963 360 2048 septuaginta
392 1961 506 2026 saltem
528 1963 701 2031 Preesnles
732 1963 920 2047 adfuerunt,
945 1965 1088 2032 haeresis
1113 1989 1185 2034 eon-

90 2058 191 2140 vietus,
213 2059 521 2127 excommunicatus
544 2069 576 2124 et
600 2053 767 2145 depositus
790 2061 876 2144 fuit„
897 2071 996 2150 atque
1019 2065 1054 2128 'm
1077 2063 1184 2130 locum

90 2154 148 2238 ejus
174 2155 345 2222 ordinatus
373 2155 536 2222 Domnus.
592 2157 746 2242 Synodus
778 2157 861 2225 haee
891 2158 1063 2246 epistolem
1093 2183 1187 2246 syno-

90 2249 183 2316 dicam
213 2274 252 2318 eo
285 2251 328 2316 de
360 2255 490 2342 negotio
527 2255 653 2336 emisit,
685 2255 721 2320 in
758 2277 824 2340 qun
859 2253 956 2322 Pauli
993 2253 1120 2332 indoles
1156 2268 1188 2324 et

89 2369 180 2416 nores
202 2347 447 2434 describuntur,
473 2351 631 2436 varieque
659 2349 824 2418 habentur
846 2374 930 2438 quae
954 2353 1095 2422 multum
1119 2353 1187 2422 illu-

88 2455 190 2528 suant,
222 2445 331 2534 qunlis
362 2447 461 2512 fuerit
492 2469 530 2512 eo
562 2459 708 2536 tempore
741 2447 886 2514 conditio
909 2450 1088 2518 Ecclesiae.
1136 2453 1187 2516 Ex

89 2553 168 2626 parte
189 2543 355 2610 Eusebius
378 2533 451 2610 eam
475 2543 645 2632 epistolum
675 2542 832 2610 historiae
857 2569 938 2612 suec
962 2549 1109 2630 inseruit,
1134 2571 1188 2634 op-

88 2651 317 2728 portunumque
343 2641 475 2708 videtur
496 2665 539 2708 ex
562 2641 679 2708 eadem
701 2643 813 2730 aliqua
835 2645 962 2710 afferre.

162 2739 213 2806 16.
236 2737 361 2806 Scribit
383 2738 548 2804 Eusebius
572 2737 846 2828 (H.E.1.V11.
874 2762 903 2805 e.
933 2739 1068 2826 XXX):
1120 2743 1187 2806 Om-

88 2857 133 2898 ser
151 2838 255 2922 'unqu
278 2838 314 2900 iu
336 2860 432 2902 uuum
455 2839 633 2924 comprepots'
655 2838 823 2902 Asturius
851 2861 948 2902 uuum
971 2860 1011 2902 ee·
1038 2843 1191 2902 communi

87 2937 228 3000 munus
259 2935 305 2998 nd
336 2934 526 3022 Dionysium
557 2935 720 3000 Rouruuue
752 2931 839 2998 urbis
862 2933 1061 3020 Episcopum,
1094 2938 1191 2999 etad

88 3028 252 3096 Maximum
282 3029 538 3100 Alexandrinum
565 3033 761 3117 tempserunt
793 3029 974 3116 epistelam,
999 3054 1124 3118 eousque
1148 3035 1191 3096 cul

87 3147 178 3192 eurus
199 3128 314 3192 deiude
332 3127 519 3214 prouincias
549 3129 798 3194 transmissurus
823 3173 831 3192 .
863 3176 871 3192 .
903 3175 911 3190 .
937 3127 1035 3212 Porro
1058 3129 1192 3214 ipsamet

88 3221 201 3290 illorum
223 3226 319 3290 ees-ho
343 3225 387 3288 od
402 3235 591 3312 perpetuam
614 3227 826 3310 posteriorum
853 3225 1032 3288 memorium
1058 3249 1121 3290 mou
1144 3228 1190 3290 iu-

88 3324 266 3388 commodum
281 3323 388 3410 fisen‘t
409 3321 458 3386 lie
479 3321 607 3408 referre.
623 3361 659 3370 -
684 3321 841 3408 Dimspsio
858 3332 888 3383 et
912 3322 1055 3406 Muaeimo
1079 3334 1109 3386 et
1131 3347 1190 3388 om·

85 3419 165 3483 uibus
187 3445 251 3508 per
281 3421 458 3486 univercum
487 3417 590 3482 orbem
622 3418 842 3484 comministris
868 3417 999 3498 uostris,
1028 3421 1192 3508 episeopis,

81 3515 280 3600 presbyteris,
313 3515 476 3594 dimonis,
500 3525 530 3578 et
552 3516 715 3584 uniuersae
739 3513 898 3578 Ecclesiae
921 3515 1091 3580 catholicae
1114 3543 1192 3606 quas

86 3609 131 3673 ut
158 3613 241 3676 coelo
275 3623 331 3690 est,
356 3610 505 3691 Helenus,
530 3611 744 3697 Hyrneuasus,
773 3611 969 3696 slluoplu'lus,
995 3659 1002 3674 .
1029 3662 1036 3678 .
1062 3663 1070 3678 .
1094 3625 1124 3678 et
1146 3639 1191 3678 re·

153 3821 230 3894 lhd
249 3822 365 3878 concilis
386 3821 457 3890 quod
482 3827 591 3894 spectet
617 3821 668 3876 beo
686 3821 716 3876 in
740 3837 821 3876 osnes
839 3818 1001 3876 nntiuhus
1018 3820 1120 3890 habita,
1139 3839 1192 3878 nou

86 3902 197 3956 eosvenit
220 3903 295 3958 inter
322 3901 444 3958 eruditos
469 3903 502 3957 de
528 3916 638 3956 numero
665 3916 714 3956 nee
741 3902 774 3956 de
800 3907 927 3970 tempore
964 3897 1083 3956 Pearson
1110 3919 1192 3958 unum

86 3983 178 4035 numm
196 3981 337 4050 admittit3
360 3981 409 4037 ulii
426 3979 492 4036 bine
509 3987 541 4036 nt
557 3979 730 4036 Benedlettni
759 3979 844 4051 (L'srt
861 3981 894 4033 de
912 3977 1021 4034 venter
1039 3981 1077 4037 les
1095 3983 1193 4053 detes),

86 4055 180 4127 Ptgim,
217 4061 402 4125 esbuntius,
430 4060 537 4116 Natalis
563 4060 728 4129 Alexander;
768 4063 824 4115 tris
850 4057 1012 4126 Doduellus,
1039 4063 1194 4130 mnemon,

86 4134 179 4206 Heldo.
195 4141 392 4200 &bathne
429 4143 520 4210 Atque
541 4141 608 4198 haee
632 4141 730 4198 ultime
753 4143 893 4198 sententis
909 4135 1002 4202 relius
1021 4141 1121 4198 nititur
1133 4144 1194 4198 fun·

86 4213 213 4288 huam,
233 4221 276 4276 nti
294 4221 369 4276 infra
386 4219 530 4276 videbitur.

130 4328 250 4382 ιι...-
270 4331 446 4374 mue-u.
1052 4312 1088 4365 24
