2924 4818
558 469 584 524 S.
603 469 737 540 Hyginus
1174 475 1225 528 139

102 625 180 699 post
212 613 397 698 gloriosum
420 612 452 680 S.
486 612 678 699 'l'elesphori
711 617 906 699 martyrium
928 615 1084 680 Pontifex
1105 616 1223 700 faetus,

96 709 274 776 Ecclesiae
291 713 424 775 circiter
447 721 588 796 quatuor
611 735 715 778 annos
739 713 920 800 praefuisse
934 714 1084 778 traditur.
1108 703 1222 801 Ipsum

101 807 232 874 Garum
265 809 459 896 disposuisse
492 821 522 873 st
552 810 671 896 prodas
702 811 909 889 distribuisse,
944 810 1024 875 dicit
1049 810 1224 898 Catalogus

98 908 125 973 F
127 907 314 989 eficianus3
339 907 375 971 id
389 906 604 992 probabiliter
619 907 659 971 de
675 909 881 974 institutione
898 917 930 971 et
944 908 1160 994 completione
1177 931 1223 974 or·

97 1008 220 1070 clinum
257 1008 423 1070 minorum
456 1003 706 1088 intelligendum
739 1015 798 1070 est.
830 1043 873 1052 —
906 1005 989 1070 Inde
1021 1005 1063 1070 ab
1096 1005 1222 1091 Hygini

97 1103 306 1168 Pontificatu
329 1115 440 1167 autem
465 1103 617 1166 videmus
640 1103 779 1166 Romam
812 1125 846 1166 se
877 1104 1024 1168 conferre
1051 1105 1222 1168 haeresiar-

96 1203 171 1266 aas
199 1200 382 1280 Gstosticos,
407 1212 443 1264 ut
465 1225 485 1264 a
508 1201 658 1266 Romana
678 1199 826 1281 ecclesia,
851 1203 998 1265 omnium
1021 1201 1221 1288 reliquarum

100 1315 204 1362 matre
231 1309 266 1362 et
290 1301 409 1383 capite,
440 1300 585 1383 speciem
615 1297 730 1362 saltem
762 1301 1003 1362 communionis
1026 1299 1221 1380 obtinerent,

99 1395 150 1459 rel
182 1420 284 1460 suam
318 1395 619 1481 pseudoecclesiam
651 1397 680 1459 ei
705 1407 916 1482 opponerent.
963 1396 1026 1460 His
1049 1395 1222 1461 haereticis

100 1497 133 1560 S.
158 1495 325 1580 Hyginus
347 1494 484 1580 ejusque
515 1516 719 1560 successores
742 1495 869 1558 fortiter
891 1495 1089 1558 restiterunt.
1136 1493 1222 1560 Gno-

98 1595 262 1656 sticorum
288 1591 424 1678 quidem
449 1603 664 1676 systematum
679 1605 749 1658 erat
771 1614 892 1676 magna
915 1591 1099 1676 diversitas,
1125 1615 1221 1678 quae-

97 1691 174 1756 dam
200 1703 317 1755 umen
341 1691 506 1775 principia
527 1689 694 1773 generalia
708 1693 806 1754 sectis
830 1692 931 1754 variis
955 1693 1144 1754 communia
1166 1690 1221 1754 hic

95 1810 267 1874 exponere
286 1787 433 1873 juvabit.
1135 1851 1142 1862 ,

184 1889 246 1951 41.
269 1885 401 1950 Nomen
424 1883 612 1950 habuerunt
625 1909 645 1948 a
668 1889 762 1966 γνῶσι
783 1907 840 1950 seu
864 1907 943 1950 vera
956 1887 1022 1950 Dei
1045 1906 1220 1970 rerumque

97 1985 295 2050 divinarum
321 1983 518 2066 cognitione,
534 2005 633 2068 quam
658 1983 721 2048 sibi
745 1982 988 2049 adscribebant.
1012 1983 1108 2048 Basis
1130 2006 1220 2069 prae·

96 2085 195 2168 cipna
221 2093 442 2166 systematum
467 2090 536 2144 erat
558 2083 700 2166 quaestio
730 2081 768 2145 de
791 2083 911 2168 eripias
934 2082 1022 2146 itali.
1070 2079 1220 2147 Gnostici

98 2181 275 2244 materiam
300 2201 361 2242 eeu
385 2178 508 2242 fontem
539 2179 646 2242 omnis
677 2175 753 2242 mali
785 2179 1047 2260 considerabant,
1072 2180 1219 2266 adeoque

97 2299 169 2342 eam
193 2299 268 2342 non
289 2299 312 2340 a
325 2276 398 2340 Deo
422 2275 661 2360 perfectissimo
680 2285 897 2361 procreatum,
913 2276 971 2342 sed
995 2299 1068 2342 eam
1090 2289 1221 2364 praeter

97 2373 206 2438 Deum
233 2373 279 2438 ab
304 2382 437 2436 aeterno
462 2374 626 2436 exstitisse
641 2372 807 2438 dicebant.
837 2372 948 2454 Quum
972 2385 1082 2440 autem
1106 2398 1219 2442 secun·

96 2471 176 2538 dum
209 2493 328 2536 eorum
359 2471 542 2534 doctrinam
579 2481 749 2534 contactus
782 2471 1003 2558 immediatus
1025 2476 1111 2538 inter
1149 2473 1219 2540 Ena

97 2592 293 2656 supremum
325 2580 357 2632 et
388 2570 557 2632 materiam
572 2589 725 2653 'pravam
756 2579 841 2632 esset
871 2571 1096 2656 impossibilis,
1127 2574 1218 2638 ellin-

96 2681 220 2734 xerunt
245 2667 363 2731 scriem
390 2667 562 2752 spirituum
588 2664 789 2748 coelestium,
809 2689 891 2752 quos
914 2692 1025 2732 moces
1049 2691 1106 2732 seu
1130 2671 1219 2734 entia

96 2767 262 2848 perennia
285 2763 461 2828 vocabant.
508 2761 635 2828 Horum
659 2765 785 2848 priores
809 2764 999 2830 immediate
1022 2765 1123 2830 aDeo
1147 2789 1217 2853 pro-

96 2865 199 2928 creati
233 2861 333 2946 longe
365 2871 459 2926 erant
490 2861 775 2946 praestantissimi,
808 2861 932 2926 diversi
965 2872 1075 2926 tamen
1108 2885 1216 2946 sexus,

97 2961 188 3026 unde
218 2982 263 3024 ex
287 2961 330 3023 iis
352 2960 500 3043 generati
525 2967 601 3024 sunt
624 2957 679 3022 alii
704 2979 834 3042 aeones,
859 2959 917 3024 sed
941 2961 1216 3046 imperfectiorem

96 3077 135 3122 tc
158 3067 394 3122 successerunt
423 3055 520 3120 simili
553 3055 649 3122 modo
673 3055 783 3142 plures
815 3079 956 3122 aeonum
979 3059 1216 3142 generationes,

96 3177 242 3242 quarum
266 3157 460 3240 posteriores
483 3153 648 3239 prioribus
663 3175 791 3240 semper
814 3155 906 3218 fuere
930 3155 1117 3221 deteriores.
1141 3155 1216 3222 Om-

96 3253 199 3318 nibus
230 3255 303 3316 istis
333 3252 492 3317 aeonibus
523 3253 557 3316 in
588 3253 748 3316 immenso
778 3255 864 3316 aeris
895 3255 1009 3338 spatio,
1041 3253 1129 3340 quod
1152 3253 1216 3339 ple-

95 3373 193 3415 roma
216 3349 383 3432 dicebant,
408 3350 502 3414 sedes
520 3349 744 3434 assignabant.
770 3388 812 3396 ⁸-
836 3350 890 3414 Ex
913 3353 1086 3436 postremis
1109 3353 1216 3416 aeoni-

97 3449 160 3514 bus
194 3447 375 3514 admodum
408 3448 627 3533 imperfectis,
661 3468 743 3533 quos
774 3445 986 3533 appellabant
1018 3448 1215 3534 demiurgos,

98 3547 246 3612 mundus
273 3545 415 3612 visibilis
438 3569 505 3610 una
528 3567 604 3610 cum
628 3545 819 3612 homiuibus
844 3545 996 3610 conditus
1020 3557 1077 3612 est.
1102 3545 1214 3612 Homi-

98 3667 156 3712 nes
180 3643 289 3708 tribus
319 3653 471 3710 coustant
500 3643 660 3730 partibus,
690 3645 847 3708 nimirum
879 3665 1013 3728 corpore
1037 3667 1054 3706 e
1078 3645 1215 3708 materia

100 3744 221 3808 vitiosa
244 3740 468 3826 conglutinate
492 3751 525 3804 et
547 3743 659 3806 anima
675 3740 811 3826 duplici,
833 3740 899 3804 alia
921 3743 1072 3806 secutos
1094 3739 1213 3827 (ψύχη),

99 3861 120 3904 a
143 3837 260 3904 mundi
284 3837 481 3904 fabricatore
515 3861 533 3902 e
566 3840 703 3904 materia
737 3837 952 3902 subtilissima
975 3838 1126 3920 formata,
1149 3836 1214 3904 alia

100 3937 256 4002 mandi
277 3939 426 4018 (πνεῦμα)
449 3957 468 3998 e
491 3934 676 4002 substantia
699 3937 843 4024 supremi
868 3937 931 4000 Dei
956 3935 1085 4000 educta.
1130 3934 1214 4002 Inde

98 4055 212 4120 pugna
245 4037 279 4100 in
312 4031 457 4116 bomine,
490 4055 593 4120 quum
625 4035 737 4100 anima
767 4031 956 4114 rationulis,
990 4032 1122 4098 coelesti
1154 4057 1214 4100 sua

100 4133 226 4218 origine
249 4133 394 4216 cognita,
417 4131 461 4196 ad
475 4131 586 4198 Deum
609 4133 717 4196 omnis
740 4131 817 4196 boni
842 4131 966 4196 fontem
990 4130 1098 4196 redire
1121 4152 1214 4198 cone·

101 4241 163 4312 tur,
186 4253 206 4294 a
229 4229 443 4296 sensualitate
471 4249 548 4294 vero
577 4229 770 4310 retrahatur,
795 4238 827 4290 et
849 4229 885 4292 in
907 4228 1107 4314 profundum
1132 4250 1213 4292 erro·
