2874 4812
412 485 536 540 Conditio
556 485 778 542 murenarum.
1124 493 1177 544 ets

83 629 252 694 stinendum
275 637 347 693 erat
375 652 397 693 a
425 631 504 693 vino
528 639 561 693 et
584 629 625 693 ab
654 631 743 694 omni
769 631 843 694 cibo
866 653 885 694 e
907 652 1008 715 regno
1032 633 1178 716 animali,

83 749 263 792 amannum
287 727 419 807 labore,
453 729 664 812 magistratus
688 729 898 810 muneribus,
923 728 1084 794 bonorum
1107 751 1178 816 pos·

85 828 217 890 cesione.
240 861 285 872 -·
309 823 375 890 Sed
390 824 525 908 vigebat
545 827 631 890 inter
644 825 857 890 Manichacus
872 828 1018 890 maxima
1041 827 1177 892 vivendi

87 921 208 988 licentia.
253 922 409 986 Testatur
438 921 471 988 S.
495 923 712 1008 Augustinus,
745 923 890 1008 perditos
919 923 1049 988 illorum
1073 945 1179 990 mores

86 1041 260 1106 magnopere
293 1019 502 1105 discrepasse
529 1043 552 1084 a
586 1020 695 1104 rigida
728 1019 904 1104 disciplina
936 1041 1042 1106 quam
1068 1022 1179 1086 verbis

84 1115 341 1182 commendabant
363 1126 395 1180 et
416 1116 579 1182 fallaciter
600 1117 821 1196 ostentabant,
845 1121 1065 1204 maximisque
1088 1120 1179 1204 flagi·

82 1215 123 1277 tiis
147 1236 198 1278 eos
226 1215 330 1278 fuisse
358 1217 598 1300 coinquinatos.
636 1249 680 1260 -
719 1214 838 1294 Quoad
861 1227 961 1280 scotos
984 1219 1178 1282 constitutio·

81 1335 148 1390 aea,
174 1312 361 1376 Manichaei
386 1313 611 1396 organismum
641 1312 804 1376 catholico
827 1313 966 1378 similem
991 1312 1178 1376 introduxe

82 1419 151 1473 mnt.
174 1410 272 1475 Secta
292 1409 439 1474 habebat
461 1431 565 1474 unum
581 1431 771 1495 supremum
795 1410 913 1474 ducem
936 1412 993 1494 qui
1010 1409 1178 1474 Christum

80 1515 329 1592 repraesentant,
355 1507 531 1572 duodecim
561 1509 735 1592 magistros
762 1507 855 1570 velut
876 1507 1048 1592 apostolos,
1072 1507 1115 1572 ad
1139 1509 1178 1572 si·

79 1605 283 1668 militudinem
311 1607 522 1690 septuaginta
549 1604 689 1668 duorum
717 1605 955 1690 discipulorum
984 1603 1104 1670 Christi
1134 1615 1177 1670 to

78 1701 163 1765 tidem
194 1703 378 1788 episcopos,
404 1701 526 1787 quibus
562 1703 745 1787 presbyteri
782 1713 816 1765 et
848 1703 978 1766 diaconi
1011 1702 1176 1768 suberant.

77 1799 109 1864 In
128 1799 212 1864 cultu
236 1807 271 1862 et
293 1799 412 1862 ritibus
434 1801 559 1884 pariter
582 1799 761 1864 catholicos
784 1799 1017 1872 imitabantur3
1042 1800 1178 1863 ulterius

78 1897 144 1961 baec
156 1897 343 1961 describere
359 1893 456 1960 modo
470 1919 537 1960 non
552 1905 664 1978 vaeat3
694 1897 775 1961 illud
790 1899 935 1960 sufficiat
948 1897 1079 1968 addere,
1097 1895 1176 1960 eleo·

77 2005 166 2059 torum
188 1997 273 2058 ritus
297 2003 439 2058 secretos
453 1996 622 2058 variorum
633 1995 762 2080 judicio
781 1995 880 2058 valde
902 1995 1043 2058 infames
1065 1994 1176 2057 fuisse.

80 2129 111 2138 -
130 2093 221 2158 Secta
245 2091 330 2156 haec
354 2111 419 2154 non
450 2099 579 2155 tantum
611 2094 646 2154 in
669 2091 805 2156 Perside
832 2092 1012 2155 sedetiam
1036 2111 1094 2174 per
1115 2091 1176 2156 Ro·

78 2211 195 2254 manum
219 2189 399 2275 imperium
422 2188 488 2253 late
508 2189 775 2274 propagatafuit,
799 2187 1016 2273 pluribusque
1039 2188 1178 2252 saeculis

77 2287 103 2349 in
123 2287 287 2351 christiani
313 2288 457 2350 nominis
479 2285 636 2371 probrum
659 2285 861 2371 percrebuit3
894 2289 960 2350 imo
988 2287 1046 2371 qui
1068 2285 1177 2350 medio

76 2405 144 2448 aevo
178 2393 407 2471 apparuerunt
438 2383 627 2448 Manichaei
666 2405 743 2448 cum
775 2381 920 2468 antiquis
956 2382 1021 2446 illis
1053 2393 1177 2448 secreta

76 2482 203 2565 quadam
228 2483 480 2546 continuatione
503 2481 687 2546 cohaesisse
710 2481 875 2545 videntur.

147 2581 197 2645 29.
221 2581 301 2645 Jam
330 2581 446 2664 paucis
469 2599 558 2643 nnnc
588 2581 772 2644 autemnam
802 2583 918 2643 statum
941 2578 1101 2642 Missae
1124 2579 1177 2644 de-

73 2675 250 2741 scribamus.
297 2675 473 2756 Vidimus,
505 2695 592 2740 anno
626 2677 689 2740 aot
713 2695 734 2739 a
757 2675 933 2740 Valeriano
961 2675 1046 2758 Imp.
1071 2697 1177 2758 perse·

73 2773 222 2838 cutioncm
247 2783 364 2836 conus
388 2771 593 2838 Christianos
623 2775 802 2838 excitatam
830 2773 947 2854 fuisse,
969 2775 1005 2836 in
1028 2794 1095 2856 qua
1113 2773 1176 2840 -SS.
1199 2780 1315 2881 ,311‘13‘50

72 2869 259 2954 Stephanus,
284 2869 400 2934 Sixtus
431 2869 480 2950 II,
505 2867 708 2955 (lyprianus,
738 2873 896 2954 martyrio
920 2871 1066 2934 coronati
1089 2881 1176 2936 sunt.
1232 2844 1330 2944 'illim

78 2965 253 3032 Voles-ionas
276 2989 306 3030 a.
330 2967 398 3031 260
420 2989 440 3030 a
463 2968 571 3031 Persis
601 2967 686 3032 bello
717 2977 833 3053 captus
857 2969 1038 3032 miserrime
1061 2969 1176 3052 periit,

73 3063 132 3146 ejus
152 3073 264 3128 autem
288 3063 377 3128 lilius
404 3062 572 3128 Gellianus
601 3064 806 3151 (eoo-268)
839 3087 905 3132 non
933 3074 1061 3130 tantum
1086 3063 1179 3130 Chri·

74 3163 173 3226 stianis
195 3183 314 3247 pacem
339 3162 512 3242 concessit,
537 3183 651 3225 verum
675 3164 774 3226 etiam
798 3183 910 3227 eorum
934 3163 1111 3248 praefectis
1133 3165 1179 3230 fa-

74 3258 215 3323 cultatem
249 3259 360 3340 dedit,
394 3279 515 3321 munus
538 3279 634 3323 suum
666 3281 779 3322 secure
812 3259 967 3341 obeundi,
991 3269 1024 3324 ct
1046 3260 1178 3342 fundos,

74 3358 271 3437 coemeteria,
296 3357 439 3420 oratoria
470 3355 697 3441 recuperandi.
752 3355 923 3421 Gallienus
959 3359 1179 3440 reprimendis

75 3451 277 3517 barbarorum
302 3451 531 3517 invasionibus
555 3463 588 3516 et
606 3454 743 3518 internis
766 3454 983 3518 seditionibus
1007 3455 1124 3537 impar,
1148 3483 1178 3524 a.

74 3551 126 3611 '268
147 3571 370 3614 successorem
394 3549 512 3614 habuit
536 3547 703 3615 amotam
726 3553 768 3632 II,
793 3554 849 3637 qui
874 3551 1071 3614 Christianis
1094 3553 1179 3620 nihil

74 3645 190 3712 adversi
226 3648 395 3728 decrevit,
429 3648 670 3734 imperavitque
699 3670 804 3733 usque
827 3649 870 3714 ad
893 3647 968 3712 270.
1014 3646 1111 3714 Tunc
1135 3653 1179 3716 ad

76 3741 189 3828 imperii
215 3744 334 3809 solium
358 3755 492 3808 evectus
516 3755 565 3808 est
580 3745 783 3825 Aurelianos,
803 3749 857 3812 vir
878 3755 1029 3810 strenuus
1052 3754 1085 3806 ct
1108 3748 1179 3830 plu-

76 3839 151 3904 ribus
173 3839 270 3906 bellis
292 3843 410 3922 victor,
435 3842 491 3926 qui
517 3843 643 3925 integro
667 3842 885 3926 quadriennio
909 3840 1107 3906 Christianis
1130 3855 1179 3910 ut-

76 3955 201 4024 rumque
215 3941 381 4026 peperoit3
406 3939 464 4003 sed
488 3940 602 4023 quinto
626 3948 659 4002 et
682 3938 796 4004 ultimo
812 3939 941 4026 imperii
957 3956 1044 3999 anno
1058 3958 1176 4020 pacem

76 4033 192 4100 *urbm
223 4039 377 4102 tentavit.
433 4035 559 4099 Verum
591 4036 677 4100 inter
707 4037 780 4121 ipss
811 4032 1049 4124 persecutionis
1081 4033 1179 4103 initia

77 4135 241 4198 exstinctos
265 4144 324 4198 est.
372 4131 670 4217 Sub'sequentibus
686 4134 939 4218 imperatoribus
961 4127 1180 4218 (ffb—284),

79 4228 215 4296 nimirum
245 4233 308 4296 sub
344 4233 470 4310 Tacito,
499 4230 617 4306 Probo,
646 4228 741 4311 Cos-o,
769 4232 886 4298 Curiae
923 4235 957 4290 et
980 4222 1181 4295 Nosses-iam
