2874 4812
240 471 296 531 8³4¹
674 471 716 532 Da
733 475 758 530 S.
776 469 918 544 Onasus.

242 642 269 685 c.
296 620 336 684 18
360 620 484 699 scribit,
509 629 622 706 postea
646 620 912 702 controversiam,
937 619 978 684 de
999 641 1065 705 qua
1079 621 1218 705 agimus,
1245 643 1361 687 secun

241 717 321 782 dum
345 715 377 782 S.
403 717 562 804 Stephani
595 707 791 802 rescriptum
824 725 856 780 et
884 736 1092 782 communem
1116 719 1291 784 Ecclesiae
1312 741 1363 784 re-

240 814 351 899 gulam
380 814 518 900 plenarii
538 815 675 879 concilii
698 816 860 878 sententia
882 813 985 878 finisse
1008 814 1189 882 definitam.
1238 818 1364 904 Dispn-

240 921 312 976 tant
331 920 496 994 auctores,
516 921 627 974 utrum
647 911 679 977 S.
695 911 901 995 Augustinus
916 912 1050 976 nomine
1065 912 1216 998 plaaneti
1230 917 1365 980 comta

240 1007 402 1094 intelligat
425 1008 481 1072 hic
502 1008 680 1072 concilium
703 1007 896 1071 Arelatensis
919 1008 1070 1072 habitum
1093 1031 1182 1074 anno
1207 1012 1286 1094 314,
1319 1035 1363 1076 an

242 1125 320 1170 vero
343 1105 528 1170 Nicaennm
550 1105 569 1169 I
591 1103 680 1191 quod
703 1127 733 1169 a.
757 1106 824 1170 325
846 1104 1047 1170 celebratum
1071 1115 1129 1170 est.

760 1417 838 1484 tv.

385 1559 638 1627 acalciam
659 1525 885 1624 oracleum
912 1559 965 1622 aa
987 1559 1219 1638 stephano

296 1697 338 1754 et
361 1691 595 1773 cypreum
616 1692 703 1754 hac
725 1693 780 1755 tn
802 1690 1128 1755 controversae
1149 1693 1315 1773 pastea.

101 1857 157 1887 ιω
172 1857 220 1886 aa·
333 1821 385 1886 84.
411 1819 502 1900 Quid
525 1819 566 1884 de
582 1819 678 1885 modo
695 1819 816 1904 agendi
831 1819 864 1884 S.
880 1817 1040 1905 Stephani
1057 1829 1089 1883 et
1113 1821 1153 1885 de
1177 1823 1373 1890 resistentia
1433 1843 1434 1908 ,

125 1906 189 1946 '¹¹'
244 1941 309 2006 qua
332 1918 365 1983 S.
391 1915 579 2004 Cyprianus
609 1920 639 1982 ei
663 1917 849 1982 obluctatus
879 1927 928 1980 est
957 1916 1156 1981 censendum
1180 1921 1232 1998 sit,
1260 1943 1308 1984 ex
1332 1925 1373 1986 iis
1433 1927 1434 2008 ᾗ

244 2038 328 2103 quae
357 2015 571 2079 disseruimus
590 2016 661 2102 jam
686 2017 755 2078 erui
780 2025 903 2100 potest3
934 2017 1089 2077 convenit
1111 2025 1222 2079 tamen
1249 2029 1292 2082 ut
1317 2019 1373 2083 ali·
1433 2016 1434 2048 ³

244 2119 367 2198 quanto
391 2113 577 2176 accuratius
608 2113 804 2175 sententiam
835 2122 979 2176 nostram
1003 2132 1236 2198 proponamus.
1290 2117 1374 2181 Ani·
1433 2115 1434 2118 ’

244 2199 518 2274 madvertendum
542 2209 723 2294 igiturest,
748 2231 814 2273 non
835 2210 1011 2272 convenire
1035 2219 1193 2292 auctores,
1219 2210 1307 2277 dum
1333 2213 1375 2278 de

244 2308 465 2371 controversia
502 2306 610 2395 quoad
638 2305 840 2394 baptismum
867 2305 1108 2370 haereticorum
1145 2328 1242 2370 suum
1280 2310 1375 2398 judi·
1433 2293 1434 2300 ἵ

245 2407 333 2468 cium
350 2405 500 2468 criticum
514 2405 635 2470 ferunt.
669 2403 779 2490 Atque
800 2405 961 2490 imprimis
985 2403 1028 2468 ad
1043 2401 1250 2488 Stephanum
1278 2407 1371 2494 quod
1433 2445 1434 2454 ι

244 2504 370 2584 attinet,
405 2512 481 2565 sunt
517 2502 554 2564 1⁰
593 2503 649 2588 qui
680 2504 935 2589 inopportunam
965 2507 1109 2586 arguunt
1140 2499 1310 2588 Stephani
1341 2515 1373 2568 et
1433 2561 1434 2586 ,

245 2599 494 2664 immoderatam
527 2600 749 2682 severitatem,
780 2600 814 2662 in
839 2621 979 2684 eumque
1013 2597 1275 2664 vehementioris
1300 2599 1373 2665 litis

245 2697 376 2784 culpam
409 2695 556 2760 conferre
587 2704 748 2780 satagunt.
795 2695 960 2760 Videlicet
982 2695 1167 2782 Leunojus,
1191 2695 1374 2782 Bailletus,

245 2793 485 2879 Tillemontius,
518 2789 697 2858 Gervasius
730 2792 852 2879 aliique
885 2791 1032 2879 ejusdem
1066 2791 1268 2880 disciplinae
1294 2797 1374 2876 riri,

245 2901 282 2955 ιιι
296 2891 500 2978 Cyprianum
525 2914 563 2954 ac
580 2890 811 2954 Firmilianum
835 2914 855 2954 a
878 2891 994 2954 naevis
1016 2888 1159 2954 liberent
1181 2901 1290 2978 atque
1307 2917 1375 2958 om-

245 2991 324 3054 nino
349 3000 515 3072 excusent,
540 2989 616 3052 totis
640 2987 767 3052 viribus
791 2991 824 3052 in
849 2987 1054 3074 Stephanum
1079 2985 1257 3056 invehunt
1293 2991 1376 3056 Illos

246 3087 273 3150 si
297 3085 423 3168 audias,
448 3085 635 3173 Stephanus
665 3083 801 3169 indigne
833 3107 965 3170 prorsus
998 3107 1075 3169 erga
1100 3083 1317 3171 Cyprianum
1343 3113 1377 3152 se
1433 3123 1434 3146 l

244 3186 359 3268 gessit,
393 3185 523 3270 scripsit
553 3183 596 3247 ad
629 3205 704 3246 eum
738 3181 908 3268 epistolam
942 3183 1175 3268 superbam,
1166 3182 1434 3292 injuriarum

244 3281 388 3368 plenam,
411 3273 475 3344 fast
462 3290 532 3345 tum
556 3289 588 3346 ct
611 3280 816 3344 dominatum
839 3279 972 3343 affectat
959 3274 1086 3368 t¹.—)
1090 3279 1152 3344 2⁰
1178 3255 1434 3368 Beanagns,

245 3377 415 3466 Leunojus
430 3387 462 3442 et
484 3377 551 3461 alii,
575 3401 708 3464 praescr
708 3378 766 3441 tim
786 3387 1012 3463 protestantes,
1029 3375 1288 3462 contenderunt,
1308 3381 1378 3445 Ste-

245 3477 393 3564 phanum
425 3475 657 3563 reprobantem
691 3497 833 3539 errorem
856 3473 1014 3539 Afrorum
1043 3475 1232 3539 incidisse‘
1223 3499 1262 3540 1n
1291 3501 1378 3544 erro·
1433 3543 1434 3559 ,

246 3597 315 3640 rem
339 3575 534 3661 oppositum,
558 3584 657 3660 atque
672 3574 858 3655 asseruisse,
883 3593 1165 3660 quorumcumque
1185 3569 1379 3640 haeretico·
1433 3571 1434 3636 ?

246 3695 318 3736 rum
342 3668 432 3758 bapt
423 3693 543 3734 ismum
567 3671 694 3735 etiamsi
719 3669 843 3757 absque
867 3672 933 3734 ritu
957 3669 1132 3753 essentiali,
1156 3691 1213 3733 seu
1241 3683 1379 3738 mutata

246 3763 393 3854 legitima
416 3771 552 3833 materia
577 3779 634 3834 aut
621 3769 762 3834 tforma
786 3767 951 3850 collatum,
983 3790 1052 3831 esse
1077 3767 1226 3832 validum
1254 3779 1294 3833 et
1320 3773 1378 3835 mi·
1433 3782 1434 3842 Τ

247 3869 336 3930 nime
351 3867 546 3932 iterandum.
562 3905 605 3914 -·
619 3865 765 3932 Ulterius
784 3866 920 3953 quidam
941 3866 1133 3930 existimant
1151 3865 1202 3944 3⁰,
1230 3865 1380 3954 Stepha

247 3987 327 4028 num
351 3963 431 4028 dum
463 3986 621 4029 manuum
651 3965 894 4050 impositionem
927 3963 1068 4026 conferri
1093 3961 1164 4026 vult
1187 3914 1380 4032 haereticis

248 4063 424 4145 conversis,
448 4061 648 4126 intellexisse
672 4071 741 4125 tum
764 4062 986 4148 poenitentiae
1009 4069 1079 4123 tum
1105 4059 1381 4130 confirmationis
1433 4105 1434 4121 ι

321 4239 344 4308 ¹)
362 4237 417 4296 cn.
436 4236 558 4296 Bolland.
577 4239 605 4293 ih
624 4235 650 4296 S.
669 4235 820 4294 nimiter.
838 4237 861 4306 θ.
880 4235 927 4292 Vl.
