2806 4848
393 471 590 526 Gallicauorom
609 469 816 538 argumentatio.
1107 473 1157 528 1311

131 621 187 685 62.
212 617 338 684 Insistit
361 615 444 680 Illm.
473 613 578 678 Maret
605 615 703 676 etiam
726 612 789 676 illis
814 613 940 680 verbis:
978 616 1055 680 lide
1078 639 1156 682 coos·

60 721 129 782 11111·
152 741 305 782 emensa
328 713 480 791 stabilita,
505 722 542 775 ut
564 711 723 788 ostendat,
740 712 909 825 episcopos
932 713 1079 778 nondum
1102 713 1155 778 de-

59 817 173 880 finitive
198 813 296 878 modo
321 833 464 898 eousque
479 810 735 874 controversiam
759 812 923 876 censuisse
946 813 1154 878 terminatam

58 937 103 999 per
131 913 275 978 Romani
306 910 476 977 Pontificis
508 908 685 988 decretum,
719 907 776 970 sed
808 929 863 972 eos
896 910 1089 995 exprimere,
1119 933 1154 976 se

14 1029 15 1040 ¹
57 1015 110 1076 suis
130 1010 307 1076 decretis
293 1030 365 1095 Jam
382 1029 465 1093 quae
481 1005 607 1091 reliqua
623 1014 716 1069 erant
732 1005 774 1068 ad
799 1005 1029 1070 stabiliendam
1054 1006 1153 1072 fidem

13 1097 14 1110 ¹
57 1111 200 1190 consenc,
217 1117 254 1172 ut
276 1109 323 1171 ita
337 1105 462 1193 duplici
486 1103 588 1168 veluti
610 1104 803 1167 auctoritate
826 1105 1064 1170 interveniente
1080 1127 1153 1170 con·

56 1209 202 1271 troversia
225 1206 400 1269 terminata
423 1204 473 1269 sit.
498 1201 564 1268 Sed
587 1199 686 1264 eliam
704 1199 786 1264 haec
809 1205 1049 1284 argumentatio
1064 1203 1153 1268 haud

55 1304 144 1370 solida
166 1314 226 1384 cst,
251 1305 299 1366 uti
323 1323 365 1366 cx
388 1311 481 1364 textu
504 1319 621 1386 graeco
645 1297 741 1363 facile
760 1298 951 1365 ostenditur.
974 1300 1152 1386 Postquam

55 1404 187 1488 episcopi
212 1423 297 1487 quae
320 1402 355 1466 in
377 1421 413 1464 re
429 1398 506 1463 fidei
536 1396 673 1483 professi
707 1406 791 1478 sunt,
816 1406 848 1461 et
871 1419 955 1482 quae
978 1399 1012 1462 in
1036 1400 1152 1464 cousti-

55 1501 173 1566 tuendis
207 1499 336 1564 sedium
366 1497 528 1582 episcopis
551 1495 667 1576 fecere,
698 1495 896 1576 indicarunt,
929 1515 1023 1559 suam
1047 1497 1152 1582 expri-

55 1609 133 1662 munt
156 1618 268 1684 spem,
302 1595 444 1681 seposita
466 1595 597 1678 privata
629 1593 664 1657 in
686 1591 813 1679 aliquos
836 1591 1067 1657 benevolentia
1089 1595 1153 1658 iota

54 1696 224 1762 secundum
254 1715 397 1759 canones
429 1699 562 1777 peracta
598 1689 868 1756 Occidentalibus
905 1699 1040 1776 accepta
1072 1691 1150 1758 sore.

54 1791 132 1856 llaec
147 1801 237 1856 certe
253 1793 420 1878 pertinent
442 1789 485 1854 ad
500 1788 730 1873 dispositiones
754 1786 795 1851 de
812 1790 1001 1874 episcopatu
1018 1787 1150 1854 OPtano

53 1903 77 1952 et
96 1889 304 1955 Antiocheno
328 1888 451 1969 factas,
475 1887 539 1950 hac
562 1884 604 1950 de
635 1907 670 1948 re
694 1887 782 1950 enim
805 1884 953 1972 querelas
977 1888 1152 1950 emiserant

53 1987 281 2053 Occidentaleo.
327 1987 415 2050 Dein
446 1993 605 2070 pergunt:
637 1981 728 2048 Οὕτω
750 2005 783 2066 ys
805 1988 862 2046 τοῦ
879 2005 914 2046 τε
936 1987 991 2069 τῆς
1013 1977 1153 2058 πίστεως

53 2083 304 2172 συμφονηθὲντος
334 2083 443 2166 λόγου,
476 2081 529 2146 καὶ
567 2086 622 2164 τῆς
652 2079 866 2169 χριστιανίκης
896 2076 1085 2168 armoriciani,-
1118 2079 1152 2144 ἐν

53 2181 115 2268 rjais·
137 2181 274 2270 ἀγάπης,
299 2184 320 2246 1.
344 2203 372 2246 e.
396 2184 445 2246 ito
460 2191 646 2244 consonante
654 2180 736 2264 fidei
758 2201 896 2244 suumne
919 2192 949 2244 et
971 2181 1151 2244 dominante

51 2281 187 2346 innubis
211 2282 385 2346 ὠνίειίαπα
408 2281 552 2358 caritate,
576 2279 750 2343 desinemus
773 2279 875 2342 dicem
898 2279 980 2364 quod
1003 2278 1042 2342 ab
1066 2279 1150 2366 Apo·

51 2379 119 2443 soto
152 2379 390 2444 condemnatura
413 2388 476 2442 eat:
505 2377 571 2462 Epo
604 2377 728 2462 quidne
759 2399 825 2440 sam
857 2377 961 2456 Pauli,
994 2400 1047 2464 epo
1078 2401 1149 2442 vcro

50 2477 157 2562 Apollo
181 2487 243 2541 etc.
267 2476 425 2562 Episcopi
457 2473 643 2539 nullatenus
675 2473 799 2556 dicunt,
830 2496 888 2562 per
919 2475 1063 2561 ipsorum
1096 2474 1148 2539 de-

51 2585 130 2638 creta
158 2597 248 2640 nunc
280 2572 374 2638 reddi
398 2572 496 2637 fidem
521 2592 708 2654 consonam,
739 2570 796 2636 sed
819 2581 1018 2657 supponunt,
1041 2573 1149 2638 Ponti·

51 2669 136 2734 ficem
159 2673 308 2735 visurum
332 2692 411 2752 esse,
442 2691 554 2734 corum
587 2669 686 2732 fidem
710 2691 784 2734 oum
818 2692 877 2733 sua
900 2669 996 2755 plane
1020 2693 1149 2736 concor·

51 2765 130 2850 dare,
153 2779 362 2856 sperantquc,
379 2769 477 2832 etiam
492 2769 526 2832 in
549 2766 648 2832 rebus
668 2766 732 2831 illis
755 2765 948 2851 disciplinae
971 2769 1148 2854 perlectam

51 2869 211 2930 mmmmm
243 2876 454 2950 regnaturam
486 2887 566 2931 esse.
597 2903 639 2912 —
679 2862 781 2930 Vides
810 2866 919 2949 igitur,
944 2877 1148 2950 argumenta·

50 2965 163 3028 tionem
187 2965 329 3028 auctoris
352 2983 467 3028 revera
490 2985 555 3028 non
579 2983 672 3048 posse
696 2961 835 3028 admitti.

131 3061 181 3128 63
205 3061 328 3144 Restat,
352 3069 389 3124 ut
411 3082 517 3146 pauca
549 3060 698 3125 dicamus
725 3060 766 3125 de
790 3062 989 3147 quaestione,
1013 3085 1078 3148 qua
1100 3085 1148 3126 ra·
1176 3086 1292 3129 anenno

49 3159 131 3223 tione
158 3157 342 3224 Concilium
376 3159 543 3224 CPtanum
576 3159 594 3224 I
622 3160 844 3224 occanacnioum
872 3159 924 3224 sit.
969 3159 1024 3224 Ex
1051 3159 1147 3224 dictis
1160 3143 1305 3188 ‘mm

48 3258 122 3320 satis
144 3255 316 3342 colliffltur,
333 3255 516 3322 Concilium
540 3277 647 3344 perse
670 3279 732 3320 neo
755 3259 990 3323 convocatione
1014 3279 1075 3322 uec
1098 3280 1147 3322 ce·

49 3351 220 3419 lebratione
234 3357 482 3420 oecumenicum
498 3356 615 3420 fuisse:
632 3354 688 3419 sed
704 3355 898 3438 dignitatem
913 3355 1038 3440 Synodi
1053 3377 1146 3421 oecu-

50 3451 190 3516 menicae
213 3452 356 3518 obtinuit
386 3463 509 3538 postea,
533 3461 684 3538 respectu
715 3473 826 3516 eorum
850 3474 933 3538 quae
957 3456 991 3519 in
1014 3476 1050 3518 re
1073 3453 1147 3538 dog-

50 3549 139 3612 matis
169 3549 256 3614 saeta
287 3559 373 3632 sunt,
406 3553 484 3637 quia
512 3553 575 3616 ista
606 3551 796 3616 aRomano
820 3551 979 3616 Pontifice
1002 3573 1147 3637 compro·

49 3643 124 3708 bata
151 3657 247 3733 atque
271 3649 305 3712 in
334 3649 489 3714 universa
511 3647 661 3714 Ecclesia
694 3657 730 3712 ut
761 3647 839 3714 fidei
871 3648 969 3714 valde
1001 3648 1147 3737 proficua

48 3751 123 3806 sunt
141 3755 279 3831 recepta.
303 3745 405 3811 Haud
428 3745 567 3810 dubium
585 3755 643 3828 cst,
663 3768 702 3812 ea
725 3769 809 3832 quae
831 3747 930 3812 fidem
954 3748 1147 3834 spectabant

48 3861 83 3902 sc
108 3840 228 3925 Synodi
252 3842 449 3927 symbolum,
475 3845 545 3929 jam
569 3865 589 3907 a
621 3845 654 3910 S.
678 3845 822 3910 Damaso
846 3848 978 3911 omnino
1002 3867 1145 3930 compro·

49 3935 124 4000 bata
155 3939 270 4022 fuisse,
316 3963 416 4028 quum
449 3941 544 4028 plene
584 3940 666 4006 haec
716 3945 936 4009 consentirent
976 3945 1025 4026 iis,
1062 3965 1145 4029 quae

48 4043 142 4102 antea
156 4038 188 4102 in
208 4041 308 4104 variis
326 4037 491 4123 Conciliis,
515 4049 613 4126 atque
627 4063 647 4104 a
661 4041 820 4106 Pontifice
843 4044 913 4128 ipso
937 4065 976 4106 ac
998 4043 1146 4107 Romana

50 4131 179 4216 synodo,
201 4136 243 4201 ad
267 4136 475 4202 divinitatem
504 4137 644 4223 Spiritus
667 4137 778 4204 Sancti
802 4141 958 4205 tuendam
982 4140 1146 4206 declarata

49 4239 149 4296 crant
181 4233 327 4319 Epistola
345 4234 512 4320 synodica,
536 4257 636 4322 quam
650 4237 764 4302 Patres
785 4260 815 4302 a.
839 4238 904 4302 382
927 4238 1066 4304 Romam
1088 4241 1146 4304 mi-
