2790 4812
426 455 469 511 De
486 471 588 515 maone
605 463 683 513 sexte
700 455 825 513 Nicaeae.
1101 461 1154 515 447

60 599 282 664 confirmantur.
329 601 491 664 Ultimum
523 601 587 666 hoe
619 621 734 668 verum
767 623 848 679 esse,
882 605 1034 686 quamvis
1065 603 1153 667 tituli

58 696 246 762 Pabiarohao
273 698 325 762 vel
349 685 525 766 Examhac
553 719 595 763 eo
613 709 759 785 tempore
783 699 932 763 nondum
955 702 989 765 in
1013 723 1075 764 usu
1098 699 1154 766 ha-

59 793 199 876 terantur,
223 797 288 859 viri
312 797 432 860 eruditi
457 797 570 862 solidis
594 798 796 880 argumentis
820 797 987 864 evincunt.

130 896 198 959 113.
222 894 273 958 Es
296 896 479 959 universim
510 894 624 979 regula
647 895 828 974 obtinebat,
862 905 899 959 ut
921 900 1059 982 quaevis
1082 921 1153 984 pro-

58 991 148 1056 vincia
169 991 289 1074 civilis,
304 995 404 1056 etiam
419 992 628 1078 provinciam
649 992 905 1056 ecelesiasticam
931 997 1151 1060 constitueret.

56 1087 93 1151 Eo
116 1092 254 1175 pertinet
277 1091 366 1176 quod
389 1093 424 1154 in
450 1089 585 1158 Oenone
616 1089 684 1153 1v⁰
705 1090 854 1154 Niceeno
877 1091 1014 1156 dicitur:
1061 1095 1152 1180 Epie-

56 1207 147 1272 wprm
166 1191 311 1253 mevenit
332 1192 469 1252 morbae
483 1189 607 1273 peridem
623 1187 830 1267 adomnibos,
854 1191 909 1273 qai
931 1201 1003 1254 meat
1025 1193 1061 1256 in
1077 1215 1153 1278 pro

56 1307 139 1348 onon
171 1288 329 1372 episcopis
361 1287 517 1353 ordinari.
566 1285 789 1354 confirmatur
822 1290 985 1352 sententia
1017 1291 1079 1353 iste
1112 1311 1154 1353 ex

55 1385 216 1466 occasione,
242 1407 309 1470 qua
331 1384 486 1468 Synodus
509 1393 658 1470 permota
681 1394 729 1448 est
756 1383 800 1448 ad
824 1384 1035 1450 condendum
1059 1409 1154 1454 cano-

54 1501 113 1543 nem
136 1481 216 1547 Vl'.
246 1481 399 1546 Meletius
432 1481 588 1546 videlicet
616 1484 789 1568 episcopus
820 1481 1080 1568 Lycopolitanus
1112 1509 1154 1550 ex

54 1575 223 1663 Epiphanio
260 1581 513 1666 archiepiscopat
543 1578 727 1643 Thebaidis
757 1589 827 1643 erat
856 1580 959 1666 (haer.
991 1581 1057 1670 69),
1089 1605 1154 1672 quo

52 1677 116 1738 satis
136 1677 351 1762 significatur,
369 1699 444 1742 eum
460 1677 549 1742 illius
561 1678 753 1762 provinciae
772 1678 1014 1762 metropolitam
1037 1681 1153 1764 fuisse3

53 1774 128 1858 isque
144 1777 222 1860 jura
248 1775 470 1861 patriarchica
492 1795 577 1860 quae
599 1774 746 1839 Praesuli
767 1772 996 1840 Alexandrino
1020 1779 1055 1842 in
1071 1778 1155 1842 The-

54 1867 168 1938 baidem
201 1873 467 1954 conveniebant,
501 1881 728 1958 usurpaverat.
775 1871 848 1935 Hoc
878 1872 993 1937 saltem
1026 1897 1155 1940 summa

53 1989 112 2032 eum
142 1971 377 2056 probabilitate
409 1993 451 2034 ex
484 1971 586 2034 variis
619 1969 825 2033 documentis
858 1972 1065 2056 scriptorum,
1097 1974 1154 2060 qui

52 2065 84 2129 de
103 2069 276 2134 schismate
290 2069 466 2133 Meletiano
490 2077 603 2153 agunt,
628 2067 809 2152 colligitur,
834 2071 986 2153 quamvis
1010 2069 1154 2156 Epipha-

53 2166 112 2228 nius
132 2170 164 2232 in
188 2167 410 2233 describenda
433 2168 561 2250 origine
590 2165 677 2232 illius
708 2165 895 2229 schismatis
917 2166 1156 2255 aliquantisper

52 2261 206 2352 discrepet.
256 2265 401 2331 Omnino
425 2273 536 2328 autem
559 2264 638 2328 inde
660 2285 713 2327 res
736 2263 925 2346 conficitur,
950 2266 1039 2350 quod
1053 2267 1156 2352 Syne-

53 2363 157 2428 sinsin
183 2367 281 2450 epist.
312 2364 355 2428 69
379 2363 422 2427 ad
445 2361 667 2447 Theophilum
682 2363 873 2447 episcopum
888 2360 1155 2430 Alexandrinum

52 2461 157 2546 scribit,
181 2485 203 2527 a
225 2463 261 2529 S.
277 2461 462 2526 Athanasio
487 2460 662 2542 Siderium,
688 2460 744 2545 qui
769 2461 804 2523 in
828 2461 1020 2546 episcopum
1043 2463 1155 2527 Palae-

52 2557 145 2624 biscae
176 2571 211 2626 et
244 2560 412 2644 Hydraeis
445 2559 615 2623 ordinatus
647 2567 727 2639 erat,
760 2558 954 2622 translatum
987 2559 1088 2624 fuisse
1112 2562 1155 2625 ad

51 2658 145 2722 sedem
167 2659 393 2740 Ptolemaidis,
417 2668 453 2720 at
476 2655 637 2720 emlaeiom
665 2656 927 2742 nwtropolitieam
949 2658 1155 2722 administra-

51 2767 97 2819 ret
139 2757 254 2838 Quum
285 2757 444 2840 Syuesius
476 2756 547 2840 ipse
574 2755 709 2818 ineunte
739 2754 869 2820 saeculo
894 2757 1008 2841 quinto
1032 2757 1154 2840 episeo-

50 2875 99 2936 pus
120 2854 337 2921 Ptolemaidis
359 2862 454 2935 esset,
488 2853 609 2916 summi
642 2873 721 2916 sane
745 2854 903 2916 momenti
926 2850 989 2916 hoo
1013 2853 1084 2937 ejus
1107 2863 1156 2916 est

50 2955 270 3034 testimonium,
295 2973 337 3016 ex
367 2971 431 3038 quo
456 2949 629 3034 colligitur,
656 2951 726 3036 jam
751 2960 897 3036 tempore
921 2949 954 3014 S.
979 2949 1154 3014 Athanasii

49 3051 181 3139 adeoque
212 3063 246 3117 et
270 3049 411 3115 Concilii
434 3049 573 3114 Niceeni
597 3048 835 3113 Ptolemaidem
857 3047 1055 3133 metropolim
1077 3049 1155 3112 Pea-

51 3152 153 3236 lupolr's
175 3151 290 3218 fuisse.
336 3147 499 3234 Tempore
528 3147 660 3232 Synesii
689 3147 894 3211 Ptolema‘r'de
926 3167 1005 3210 vere
1035 3145 1154 3210 Sedem

50 3249 312 3336 monopoliticam
343 3248 455 3327 fuisse,
486 3267 530 3310 ex
560 3245 710 3331 pluribus
743 3245 820 3308 aliis·
839 3244 919 3308 locis
943 3243 1155 3329 epistolarum

49 3347 107 3430 ejus
127 3359 226 3412 etex
250 3348 351 3431 gestis
374 3346 478 3432 ipsius
508 3343 624 3408 elucet.
671 3343 781 3407 Etiam
812 3341 1018 3408 Theodosius
1049 3339 1083 3404 Π
1106 3340 1155 3404 lit-

48 3447 113 3510 teris
140 3447 228 3512 datis
264 3445 308 3510 30
337 3444 448 3508 Martii
479 3465 509 3508 a.
539 3442 605 3506 449
634 3441 830 3505 Dioscorum
855 3441 1044 3525 episcopum
1080 3439 1151 3502 Ale·

50 3545 237 3610 xandrinum
253 3543 384 3624 invitat,
401 3551 438 3604 ut
449 3561 523 3604 eum
549 3540 663 3604 decem
679 3537 903 3624 metropolitis,
928 3538 984 3621 qui
1001 3536 1044 3600 ad
1069 3537 1155 3600 dioe-

49 3644 136 3706 cesim
159 3644 233 3729 ejus
256 3640 514 3705 ecclesiasticam
538 3659 576 3701 eo
599 3647 747 3722 tempore
770 3634 990 3722 pertinebant,
1006 3631 1155 3698 Concilio

49 3738 234 3806 celebrando
256 3742 436 3803 interesset.

126 3841 200 3904 114.
225 3836 406 3902 Indubium
430 3835 613 3919 igiturest,
639 3851 765 3896 canone
788 3831 837 3894 VI
852 3829 992 3894 Consilii
1016 3829 1155 3894 Nicaeni

51 3937 225 4000 confimari
251 3939 334 4026 jora
364 3944 394 3998 at
420 3931 604 4020 privilepie,
637 3951 723 4015 quae
746 3931 899 4016 episcopo
928 3928 1161 3992 Alexandrino

51 4033 283 4100 conveniebant
315 4034 349 4095 in
383 4031 573 4116 provincias
605 4027 845 4092 ecclesiasticas
877 4036 912 4090 et
933 4025 1156 4112 metropolitas

51 4153 159 4214 carum,
185 4133 243 4218 qui
268 4132 330 4216 ipsi
355 4136 391 4192 ut
414 4129 620 4191 Patriarchae
644 4125 783 4210 subjecti
808 4134 910 4189 orant.
939 4124 1023 4188 Jura
1046 4133 1155 4187 autem

51 4227 119 4293 haec
141 4233 231 4295 inter
257 4227 322 4292 alia
345 4225 573 4307 continebant,
599 4223 690 4310 quod
712 4225 888 4309 episcopus
909 4221 1157 4286 Alexandrinus
