2766 4836
450 477 718 548 viennensem.
1106 469 1143 552 sc

55 629 297 700 communionem
320 632 451 718 habere,
476 657 518 700 ex
549 658 588 700 ea
611 647 721 702 autem
745 637 965 704 Athanasium
993 663 1063 704 esse
1087 663 1139 704 ex-

54 731 174 814 clusum,
215 754 251 796 se
280 753 358 796 vero
382 734 510 797 misisse
533 735 808 800 fortunatianum
840 737 883 801 ad
906 737 1140 822 Imperatorem

52 829 84 892 ad
103 829 314 894 obtinendum
336 830 480 895 reditum
511 854 553 895 ex
577 832 686 898 exilio.
732 833 900 920 Epistolas
932 834 1139 921 adjungitur:

52 928 285 992 ltaesoricotori
316 929 484 992 anathemo
515 953 580 993 aaa
616 955 683 994 com
715 933 847 996 Arianis
884 957 905 996 o
935 955 981 996 me
1013 934 1139 998 dictem.

51 1025 155 1104 Quarta
179 1025 318 1111 epistola
341 1037 391 1089 est
413 1027 457 1090 cd
486 1028 680 1092 Vincentiom
708 1027 942 1117 (Capuanum).
988 1030 1141 1096 Liberius

50 1126 242 1209 conqueritur
264 1123 305 1186 de
336 1123 427 1188 exilii
459 1127 636 1190 aerumnis.
682 1127 915 1192 Dilectissimae
936 1128 1029 1212 filiae
1057 1153 1142 1194 meos

52 1221 162 1285 libicos
194 1221 357 1299 diaconos,
389 1220 519 1304 scribit,
544 1247 632 1307 qoem
653 1224 784 1289 videbar
806 1225 917 1290 babere
940 1226 1096 1307 solatium,
1121 1251 1142 1291 a

49 1342 82 1382 ne
96 1343 153 1405 per
172 1319 338 1382 Venerium
362 1330 501 1404 apeatcm
523 1322 558 1384 in
578 1321 669 1386 rebec
692 1321 834 1387 sublatus
857 1333 911 1387 est.
936 1324 977 1388 Ei
1000 1326 1140 1407 nuntiat,

48 1439 72 1478 sc
91 1418 260 1481 recessisse
283 1439 303 1479 a
327 1416 517 1482 defensione
547 1418 723 1484 Athanasii
755 1430 787 1484 et
810 1423 1075 1486 communionem
1098 1431 1141 1486 te·

47 1537 108 1580 nere
137 1537 216 1580 cnm
248 1515 411 1600 episcopis
444 1515 661 1597 Orientisne
692 1527 794 1602 rogat,
819 1528 856 1582 nt
879 1520 949 1604 ipse
973 1541 1048 1584 cum
1071 1519 1141 1584 reli·

46 1615 103 1696 quis
125 1613 329 1699 coepiscopis
354 1611 556 1699 Campaniae
587 1614 710 1680 scribat
737 1615 800 1680 hac
833 1615 873 1679 de
905 1639 939 1680 re
972 1616 1015 1680 ad
1037 1618 1141 1703 Impe-

45 1727 177 1792 ratorem,
202 1734 264 1797 qao
281 1713 404 1798 possim
427 1723 457 1776 et
479 1735 533 1798 epo
556 1713 595 1776 cle
614 1715 747 1778 elsatia
770 1735 885 1798 mopna
907 1713 1049 1778 liberari.
1074 1714 1141 1778 Ad-

42 1809 153 1891 jicitur:
197 1810 302 1873 Manu
333 1810 435 1895 ipsios
460 1812 603 1895 popinae
630 1813 849 1898 perscriptae:
894 1809 969 1877 Citm
1002 1812 1142 1876 omnibus

45 1909 182 1994 episcopis
212 1907 428 1972 Orientalibus
444 1931 558 1992 pacem
587 1908 732 1974 labemus
756 1921 785 1974 et
807 1909 961 1974 vobiscum
985 1932 1048 1994 epo.
1089 1911 1142 1973 Me

45 2006 76 2066 od
103 2007 205 2070 Deam
237 2004 368 2084 absolvi,
391 2027 446 2070 ooo
477 2007 622 2072 videritis
643 2031 690 2072 me
723 2010 757 2072 io
790 2007 887 2072 exsilio
920 2006 1057 2091 deficere,
1082 2008 1142 2070 erit

44 2103 114 2168 Deus
127 2103 236 2194 judeo
258 2104 342 2166 inter
364 2126 410 2166 me
434 2113 464 2166 et
485 2126 548 2172 oos.

114 2203 166 2266 90.
191 2201 344 2265 Profecto
360 2201 386 2265 si
402 2200 563 2286 ejusmodi
571 2202 729 2288 epistolae
738 2202 864 2267 Liberii
875 2203 1039 2286 genuinae
1055 2210 1140 2284 sunt,
1165 2221 1291 2294 ingessu

45 2298 152 2364 ocdlum
168 2297 312 2364 dubium
334 2297 374 2362 de
392 2299 462 2384 ejus
477 2302 758 2384 praevaricatione
777 2309 941 2382 remanet3
966 2323 1005 2364 ac
1027 2321 1142 2364 revera
1190 2282 1276 2324 ΗΜ·

44 2396 189 2462 Boionius
213 2395 337 2482 aliique
360 2396 531 2461 Pontificio
561 2397 689 2483 lapsum
721 2399 832 2482 negari
864 2420 930 2462 non
958 2419 1053 2483 posse
1077 2400 1142 2462 exi-

44 2497 256 2576 stimaverunt,
282 2517 319 2558 eo
343 2494 431 2579 quod
455 2494 527 2559 illas
542 2489 695 2582 epistolas
715 2496 829 2560 saltem
853 2505 1009 2581 exparte
1032 2497 1142 2580 genui-

45 2614 90 2656 nas
109 2617 178 2658 esse
204 2602 437 2679 supponerent.
476 2631 518 2640 -
555 2592 601 2658 At
624 2617 701 2658 vero
733 2615 799 2658 non
827 2592 932 2657 solum
955 2592 1142 2657 nullatenus

44 2691 156 2772 probari
193 2701 316 2777 potest,
349 2690 511 2776 ejusmodi
544 2690 668 2756 litteras
701 2690 876 2756 aLiberio
901 2691 1038 2775 scriptas
1062 2713 1141 2774 esse,

45 2789 209 2856 sedetiam
234 2790 455 2874 peremptoria
473 2788 594 2854 adsunt
608 2799 811 2876 argumenta,
836 2787 956 2874 quibus
980 2789 1144 2852 evincitur

43 2911 85 2950 cos
105 2911 188 2974 opus
212 2909 283 2952 esse
307 2885 441 2951 falsarii.
464 2925 509 2934 -
531 2887 647 2974 Itaque
670 2887 752 2953 haec
775 2885 1070 2951 animadvertenda
1094 2907 1143 2949 oc-

43 2997 173 3052 currunt.
211 2987 251 3049 1⁰
288 2983 427 3069 Scripsit
449 2984 581 3070 quidem
615 2985 648 3050 S.
680 2984 828 3050 Hilarius
864 2982 1031 3070 quoddam
1063 3005 1144 3067 opus

42 3081 240 3165 historicum,
272 3081 361 3168 qnod
391 3105 411 3146 a
441 3081 474 3147 S.
499 3083 701 3168 Hieronymo
730 3079 830 3147 Cetei.
855 3082 999 3166 emptor.
1022 3103 1054 3146 n.
1082 3082 1144 3147 100

44 3180 154 3248 Hilario
180 3181 340 3246 tribuitur
362 3179 414 3245 his
437 3179 564 3244 verbis:
588 3183 631 3246 Et
654 3181 733 3246 liber
755 3181 904 3244 odverm
933 3179 1092 3244 Valentem
1115 3193 1145 3244 et

46 3279 197 3346 l'rsoeiam
229 3279 394 3344 littorium
417 3278 627 3344 Ariminensis
650 3290 680 3343 et
703 3277 910 3342 Seleucieasia
939 3277 1053 3364 synodi
1075 3300 1143 3342 coa·

44 3381 138 3444 tineos.
188 3377 256 3442 Sed
288 3375 475 3442 nullatenus
508 3387 643 3460 constat,
677 3375 733 3452 iila
763 3375 955 3459 lbopmento
984 3375 1143 3460 ejusmodi

43 3479 134 3560 operis
157 3499 241 3557 esse,
267 3477 333 3538 imo
367 3475 512 3540 maxima
545 3484 637 3560 parte
670 3497 689 3538 e
721 3473 843 3536 criticis
867 3471 994 3538 Hilario
1018 3472 1144 3557 abjudi-

44 3585 153 3641 cantur.
205 3573 417 3638 Constantius
441 3574 475 3636 in
505 3573 709 3658 praefatione
740 3570 783 3636 ad
807 3569 985 3634 editionem
1009 3591 1144 3655 operum

43 3673 68 3735 δ’.
89 3673 210 3738 Hilarii
234 3668 469 3758 (edit.blaur.),
499 3672 651 3756 quamvis
683 3672 752 3755 ipse
776 3670 959 3754 fragmenta
982 3689 1023 3730 ex
1047 3687 1144 3752 opere

44 3768 203 3835 Hilariano
233 3769 408 3853 desumpta
431 3791 499 3832 esse
524 3767 709 3850 contendat,
744 3776 853 3832 tamen
886 3768 1015 3846 fatetur,
1045 3765 1079 3829 id
1102 3788 1145 3828 ex

45 3870 265 3954 manuscriptis
290 3864 460 3932 codicibus
484 3888 550 3930 non
574 3868 644 3930 erui
668 3887 772 3952 posse.
814 3865 895 3929 Erat
918 3867 951 3928 in
976 3862 1145 3928 codicibus

44 3969 88 4034 ait.
111 3978 310 4032 memoremus
333 3965 602 4050 qooedcmreram
612 3963 721 4050 facies
738 3973 768 4027 et
792 3963 979 4026 inordinato
1002 3960 1146 4046 confosc-

44 4087 87 4145 qoe
100 4068 265 4129 vodonem
288 4061 493 4150 epistolarum
517 4063 683 4147 comperies.
708 4060 809 4124 Plane
834 4061 951 4122 vitiata
967 4081 1035 4121 esse
1050 4057 1145 4144 plura

45 4161 151 4226 inillis
174 4162 369 4246 fragmentis
393 4182 506 4223 omnes
530 4161 634 4223 critici
660 4159 730 4222 soni
755 4157 942 4238 admittunt,
967 4166 998 4220 et
1013 4155 1146 4238 Scitting

45 4259 133 4325 frisius
157 4259 278 4348 probat
301 4281 343 4324 ex
367 4260 407 4322 iis
431 4281 515 4344 quse
539 4257 743 4322 documentis
762 4255 938 4340 adduntur,
962 4255 1146 4338 fragmenta

1008 4361 1040 4414 5*
