2874 4812
249 439 301 492 366
530 437 571 496 De
589 437 742 494 Arianismo
761 437 1083 499 nestorianismo.

247 582 357 668 quibas
380 584 475 646 etiam
504 583 627 648 ostendi
657 582 834 646 nsendacem
863 585 1112 650 criminationem
1140 609 1236 671 qaam
1257 597 1369 652 eontra
1430 627 1431 660 ;

246 703 293 744 me
319 680 502 766 proferant,
531 682 624 766 qnasi
654 679 769 744 nollem
798 681 901 746 dicere
934 678 1089 746 (illistam
1117 684 1186 748 Deo
1210 708 1276 750 esse
1299 709 1369 750 con·
1430 765 1431 768 Ἴ

247 777 486 842 substantialem
509 775 556 864 (ἐν
584 768 634 852 οἷς
666 774 778 864 ἡλεγξα
800 775 854 842 καὶ
886 776 904 842 ὁ
936 778 1197 866 προφερούμενον
1229 776 1369 870 i'ysiptcn

247 873 317 938 κατ’
341 872 418 957 ἐμοῦ
443 872 561 962 ψεῦδος
584 871 629 954 lin,
654 871 697 950 (ὃς
720 871 757 936 od
776 873 922 957 λέγοντος
943 874 1001 940 τὸν
1023 871 1166 962 Χρίστον
1194 876 1370 960 inmanior
1430 925 1431 936 ,

246 962 328 1036 elnon
353 977 400 1056 τῷ
420 969 521 1058 Θὲῳ);
546 974 604 1036 etsi
627 974 708 1036 enim
722 972 838 1058 fatear
860 997 907 1038 me
929 975 984 1038 ltoe
1007 975 1190 1040 vocabalum
1213 1001 1369 1063 nuspiam

246 1072 401 1134 invenisse
434 1081 490 1134 ant
521 1069 630 1156 lepisse
662 1071 699 1134 in
731 1069 787 1134 SS.
829 1069 1017 1157 Scipionis,
1051 1085 1240 1159 arpamenta
1264 1086 1368 1138 minen
1430 1103 1431 1164 γ

246 1192 316 1233 mea
338 1191 417 1254 qaae
440 1167 591 1258 snbjunaei
613 1177 643 1230 et
665 1189 744 1253 qaae
767 1169 823 1232 isti
856 1179 1019 1233 taeaesnnt
1047 1170 1086 1234 ab
1109 1171 1163 1234 ltoc
1187 1195 1283 1236 sensa
1306 1197 1369 1238 non
1430 1165 1431 1190 ¹

247 1267 429 1352 discrepant
451 1263 587 1350 (Athen.
611 1262 632 1330 l.
657 1288 685 1330 o.
709 1287 741 1330 n.
767 1263 832 1352 18).

338 1363 388 1426 12.
412 1362 528 1446 Itaque
552 1383 724 1426 censemus
756 1361 795 1426 5⁰
830 1385 850 1426 a
878 1363 1041 1448 Dionysio
1065 1363 1298 1432 Alexandrino
1323 1392 1368 1433 re-

249 1481 328 1524 vera
350 1458 567 1524 orthodoxam
592 1459 774 1524 doctrinam
792 1481 920 1546 semper
942 1463 1144 1547 propositam
1167 1463 1282 1548 fuisse,
1308 1489 1368 1530 nee
1430 1507 1431 1528 i

225 1621 226 1626 ,
247 1557 289 1622 ab
314 1559 384 1643 ipso
408 1567 586 1642 antequam
610 1567 798 1622 moneretur
820 1581 840 1621 a
855 1558 1017 1624 Pontifiee
1031 1561 1179 1625 Romano
1203 1564 1369 1648 infensa-
1430 1595 1431 1658 ᾗ

249 1665 344 1720 tatem
376 1654 452 1718 Filii
486 1663 518 1717 et
541 1654 773 1720 distinctionem
805 1665 942 1720 naturae
975 1656 1046 1742 ejus
1068 1681 1088 1720 a
1110 1659 1218 1723 Patris
1250 1670 1369 1724 natura

248 1776 317 1818 esse
341 1762 509 1817 assertam.
555 1751 674 1815 Effatis
709 1755 743 1816 in
776 1755 901 1818 crimen
924 1757 1051 1820 voeatis
1075 1755 1158 1820 nihil
1179 1755 1276 1821 aliud
1301 1759 1370 1844 ipse

247 1851 433 1936 significare
467 1847 589 1932 voluit,
624 1851 688 1914 nisi
722 1851 969 1916 distinctionem
992 1873 1218 1938 personarum.
1268 1855 1370 1919 Haud

247 1949 419 2014 admisisse
434 1946 699 2012 Alexandrinum
724 1949 969 2014 distinctionem
993 1959 1139 2032 naturae,
1164 1953 1268 2016 etiam
1284 1952 1371 2018 clare

248 2071 288 2115 ex
313 2046 377 2110 illis
401 2047 472 2131 ejus
495 2044 607 2108 verbis
631 2043 814 2129 colligitur,
839 2045 975 2132 quibus,
999 2049 1047 2110 uti
1080 2048 1127 2112 ait
1149 2047 1370 2118 Athanasius.

248 2143 443 2208 insecundo
466 2142 549 2208 libro
574 2141 781 2209 adversarios
804 2143 930 2229 pudore
953 2145 1133 2210 suffundit:
1163 2146 1305 2234 quiela
1320 2173 1372 2212 no·

248 2244 334 2305 mina
366 2266 387 2305 a
418 2263 465 2304 me
492 2240 626 2325 prolata
658 2265 679 2304 a
711 2265 743 2304 se
775 2243 906 2306 invicem
937 2265 993 2306 nec
1016 2245 1164 2328 separari
1186 2267 1244 2308 nee
1269 2245 1373 2310 dividi

242 2351 395 2426 possunt:
420 2339 546 2404 Patrem
569 2339 655 2418 dini,
671 2350 701 2402 et
718 2339 906 2426 prinsquam
921 2339 1001 2404 Filii
1022 2343 1207 2408 mentionem
1220 2341 1371 2426 facerem

240 2442 312 2526 jam
334 2435 425 2500 illam
447 2437 482 2498 in
497 2437 593 2500 Patre
617 2435 849 2522 significaram
873 2437 991 2502 Filiam
1005 2437 1154 2528 adjuvati,
1178 2462 1216 2502 ac
1241 2442 1371 2504 etiamsi

247 2535 373 2600 Patrem
405 2556 467 2598 non
494 2535 589 2620 prins
621 2535 844 2612 nominassem,
877 2536 907 2600 is
939 2538 1044 2600 tamen
1074 2537 1109 2598 in
1133 2535 1212 2599 Filii
1241 2539 1369 2602 nomine

247 2632 479 2718 comprehensas
503 2630 636 2717 fnerat;
667 2629 823 2716 ›Spiiitam
846 2629 996 2698 Sanctam
1027 2633 1151 2714 addidi,
1184 2633 1242 2696 sed
1277 2634 1371 2698 simul

246 2729 330 2794 iliade
361 2739 391 2794 et
417 2752 479 2812 per
510 2751 598 2814 pacm
624 2730 814 2814 processerit
840 2729 986 2818 adjunxi.
1032 2730 1089 2794 llli
1110 2753 1182 2795 aero
1206 2733 1370 2818 ipnorasst

246 2850 343 2912 iisqne
366 2827 511 2904 Patrem,
544 2850 606 2912 qna
628 2827 725 2890 Pater
746 2836 803 2903 est,
836 2851 857 2889 a
880 2826 963 2892 Filio
997 2827 1135 2892 alienari
1160 2851 1272 2914 posse,
1297 2853 1370 2893 nam

246 2949 357 2996 nioman
383 2923 467 2988 illud
489 2935 535 2986 est
557 2925 643 3010 oripo
667 2925 915 3014 conjunctionis;
946 2949 1042 3011 nepae
1075 2924 1194 2990 Filiam
1224 2949 1246 2989 a
1272 2927 1370 2992 Patre

247 3023 402 3110 separari,
425 3044 557 3106 namque
590 3023 699 3086 Patris
729 3022 912 3086 vocabalum
943 3017 1099 3090 commane
1127 3023 1302 3110 quidpiam
1325 3028 1370 3088 in-

247 3123 342 3184 dicat.
389 3121 427 3184 In
455 3118 598 3184 manibus
621 3129 725 3184 antem
746 3119 875 3184 illoram
897 3131 943 3185 est
966 3119 1108 3206 Spiritus
1113 3169 1123 3198 ,
1146 3121 1203 3208 pai
1224 3147 1328 3210 neque
1352 3147 1370 3184 a

246 3221 387 3284 mittente
419 3239 516 3302 neqae
549 3240 570 3280 a
593 3216 720 3303 ferente
753 3220 900 3303 separari
916 3229 1031 3305 potest.
1083 3216 1245 3292 anmoda
1272 3221 1372 3308 iqitnr

246 3341 310 3403 epo,
334 3317 388 3402 qai
412 3315 529 3378 talibas
552 3325 625 3388 ntor
657 3315 851 3396 nominibus,
876 3315 935 3380 illa
959 3339 981 3380 o
1003 3337 1036 3380 se
1059 3316 1189 3380 invicem
1213 3329 1371 3402 separata

246 3426 275 3480 et
291 3415 416 3482 omnino
440 3413 544 3478 divisa
567 3414 826 3478 mistionem...
845 3413 898 3476 Sic
919 3412 1044 3499 quidem
1066 3435 1124 3478 noe
1138 3413 1372 3478 indivisibilem

245 3515 398 3578 unitatem
420 3512 455 3574 in
476 3511 663 3574 Trinitatem
678 3509 861 3590 dilatemus,
878 3521 908 3576 et
929 3511 1116 3576 Trinitatem
1138 3512 1265 3590 denam,
1291 3537 1370 3599 qaas

244 3611 389 3675 imminui
411 3610 527 3695 nequit,
550 3609 586 3672 in
607 3609 761 3672 unitatem
792 3610 1002 3674 contradimus
1030 3606 1076 3694 (n.
1103 3607 1168 3693 ll).
1191 3606 1302 3676 Hisce
1325 3609 1370 3673 lu·

246 3708 468 3773 calentissime
491 3707 599 3770 onitas
614 3707 774 3770 nemesion
789 3717 924 3772 naturae
940 3705 1085 3789 divinae,
1110 3705 1275 3770 distinctio
1295 3733 1370 3794 per-

245 3829 394 3872 sonatam
422 3813 455 3868 et
487 3824 600 3868 earum
633 3803 811 3889 aequalitas
834 3803 1082 3890 praedicantur,
1115 3802 1285 3890 simulque
1316 3829 1369 3891 ap·

245 3913 347 3990 paret,
378 3902 594 3966 haecomnia
627 3909 697 3964 tum
720 3901 843 3966 Romae
873 3910 943 3966 tum
967 3899 1191 3966 Alexandriae
1217 3903 1369 3968 conside·

245 4013 316 4066 rata
339 4001 440 4065 fuisse
454 4009 492 4063 ut
506 4000 615 4084 capita
631 4021 714 4084 quae
730 4000 932 4064 strictissime
953 3998 996 4064 ad
1019 3997 1119 4062 fidem
1141 3999 1368 4083 pertinebant.

336 4099 386 4164 13.
410 4098 463 4161 Ex
487 4096 578 4160 hisee
601 4098 702 4180 igitur
725 4107 868 4180 constat,
892 4097 1092 4181 Dionysium
1121 4095 1218 4160 Alex.
1245 4119 1368 4183 magno

245 4217 321 4264 cum
345 4197 458 4282 vigore
482 4215 573 4258 suam
584 4192 814 4258 orthodoxiam
829 4202 1021 4280 perpetuam
1046 4193 1233 4258 defendisse
1259 4207 1295 4258 et
1318 4219 1368 4259 ac·
