2924 4818
518 484 544 538 S.
567 483 659 538 Linus.
1149 490 1199 542 tal

90 647 178 694 ratur
211 651 253 692 ex
275 626 475 692 Pontifieatu
511 627 597 711 ejus,
635 627 743 712 ipsum
779 649 822 691 ex
850 639 1025 715 praecepto
1049 630 1087 696 B.
1111 631 1200 696 Petri

89 727 304 806 constituisse,
328 735 366 788 ut
389 723 507 788 mulier
529 725 564 786 in
585 723 759 788 ecelesiam
774 725 881 790 velato
905 729 1013 812 capite
1037 729 1200 810 introiret3

88 835 118 886 et
140 825 266 888 Auctor
288 823 445 906 antiquus
458 841 645 904 anonymus
664 823 771 906 operis
794 833 909 886 eontra
932 823 1122 906 haereticos,
1147 826 1201 888 cui

88 921 201 986 titulus
232 921 464 996 Praetextatus,
497 917 605 998 refert,
639 917 762 1004 Linum
796 919 1031 984 condemnasse
1062 920 1202 986 asseclas

89 1018 274 1098 Menandri,
307 1014 460 1100 discipuli
484 1014 629 1079 Simonis
660 1015 761 1098 Magi,
794 1038 833 1080 ac
863 1016 1062 1100 declarasse,
1092 1019 1202 1082 Deum

88 1117 212 1201 antiqui
233 1113 391 1178 Foederis
414 1114 561 1176 omnium
590 1133 700 1177 rerum
727 1112 914 1178 Creatorem
943 1137 1023 1198 esse,
1054 1115 1202 1202 nihilque

89 1235 154 1278 esse
187 1216 221 1277 in
244 1210 344 1274 rebus
374 1233 417 1274 ex
450 1219 568 1274 natura
597 1231 658 1273 sua
685 1210 953 1295 reprehensibile.
1001 1210 1112 1292 Quum
1136 1211 1202 1274 Me-

89 1311 212 1376 nander
234 1330 352 1372 revera
376 1331 414 1372 eo
442 1319 588 1392 tempore
618 1307 784 1373 doctrinas
815 1330 890 1373 suas
920 1319 1095 1395 spargeret,
1120 1308 1203 1374 haee

89 1409 202 1472 notitia
225 1405 326 1470 valde
348 1404 529 1490 probabilis
553 1414 610 1468 est.
627 1441 671 1450 --
686 1404 727 1468 In
735 1405 813 1470 Lini
828 1407 1061 1470 Pontificatum
1085 1405 1204 1470 incidit

88 1505 254 1569 excidium
278 1501 515 1586 Jerosolymae,
540 1511 573 1564 et
596 1499 776 1566 Christiani
797 1503 937 1567 Romani
961 1511 1203 1588 conspexerunt

91 1603 283 1688 Vespasiani
307 1623 347 1664 ac
369 1600 436 1664 Titi
461 1599 502 1662 de
516 1597 656 1664 Judaeis
680 1600 777 1662 victis
796 1599 1010 1685 triumphum,
1035 1599 1202 1664 viderunt-

89 1723 148 1786 qne
172 1698 366 1785 prophetias
397 1697 517 1760 Christi
549 1695 755 1780 adimpletas.
787 1697 827 1761 ln
853 1697 1009 1781 Catalogo
1034 1695 1202 1760 Felieiano

89 1797 208 1862 dicitur
231 1796 275 1860 de
298 1796 401 1861 Lino:
426 1796 584 1881 Martyria
599 1806 785 1876 coronatur,
808 1797 908 1881 idque
922 1794 1072 1859 accidere
1086 1794 1202 1878 potuit,

88 1917 187 1981 quum
211 1893 396 1960 identidem
426 1891 605 1958 Christiani
635 1893 719 1956 varii
751 1895 785 1956 in
809 1895 976 1977 judicium
1007 1899 1204 1954 vocarentur

88 2005 117 2056 et
139 1990 444 2056 condemnarentur
471 1991 572 2054 etiam
605 1987 665 2052 snb
692 1988 755 2053 illis
777 1990 1045 2076 Imperatoribus,
1071 1990 1127 2073 qui
1150 2009 1203 2071 ge·

88 2089 231 2154 nernlem
264 2089 526 2172 persecutionem
560 2087 649 2150 haud
681 2089 878 2153 excitarunt.
929 2087 1052 2152 Saltem
1086 2084 1203 2150 multos

89 2186 215 2252 labores
239 2185 363 2250 Linum
388 2207 445 2270 pro
469 2183 626 2267 religione
657 2186 848 2269 suscepisse,
873 2184 1041 2269 multaque
1065 2183 1204 2246 sustinu-

90 2287 145 2348 isse
174 2284 242 2348 hac
265 2284 391 2346 ratione
415 2281 596 2362 indicatur,
621 2283 806 2366 summique
836 2283 942 2346 meriti
968 2292 999 2343 et
1022 2281 1205 2344 sanctitatis

88 2403 157 2446 enm
185 2381 289 2444 luisse
312 2381 412 2443 etiam
436 2379 514 2442 inde
544 2379 717 2462 colligitur,
753 2377 841 2463 quod
866 2381 900 2443 in
925 2377 1205 2443 Canone'lllissae

88 2481 154 2566 ejus
178 2499 303 2544 nomen
326 2479 436 2542 statim
460 2487 533 2562 post
552 2475 726 2562 Apostolos
750 2487 1034 2542 commemoratur.
1080 2475 1120 2540 In
1145 2473 1204 2540 Ca-

88 2577 138 2642 tol.
162 2578 193 2640 F
195 2575 270 2641 elic.
294 2575 433 2640 dicitur:
456 2577 511 2660 qui
534 2586 563 2638 et
586 2574 727 2660 sepultas
750 2585 796 2638 est
811 2579 911 2664 jueta
934 2597 1046 2659 empus
1061 2573 1098 2637 B.
1118 2573 1206 2636 Petri

88 2678 118 2736 in
147 2675 316 2738 Vaticano.
364 2672 416 2736 Ac
437 2694 563 2753 revera,
588 2693 690 2756 quum
720 2671 783 2734 sub
808 2670 943 2736 Urbano
974 2671 1058 2736 VIH
1082 2682 1204 2736 restau-

88 2775 167 2836 ratio
204 2769 427 2834 Confessionis
459 2770 497 2834 B.
530 2769 618 2833 Petri
652 2767 754 2849 lieret,
788 2769 1018 2855 Sareophagus
1050 2769 1204 2832 inventus

88 2869 163 2952 luit,
191 2870 246 2932 cui
270 2866 411 2952 simplex
443 2867 526 2930 haec
550 2868 720 2952 inscriptio
745 2865 865 2946 Mnus,
888 2867 1026 2952 aliisque
1059 2887 1204 2951 compro-

89 2967 185 3032 batur
218 2965 431 3050 argumentis,
466 2964 674 3028 verissimum
708 2985 788 3044 esse,
821 2985 1024 3030 successores
1046 2964 1084 3030 B.
1115 2965 1203 3028 Petri

87 3087 189 3152 prope
214 3066 321 3150 ipsum
346 3064 444 3126 etiam
469 3061 612 3147 sepultos
635 3063 745 3126 fuisse.
754 3061 777 3148 ¹)

179 3162 232 3226 18.
258 3159 602 3224 Animadvertendum
636 3161 728 3223 venit
759 3157 822 3222 hoo
854 3158 935 3238 loeo,
969 3159 1095 3246 aliquos
1123 3161 1205 3224 anti·

89 3281 170 3346 quos
194 3269 354 3338 auctores,
379 3267 415 3320 ut
429 3255 679 3338 Tertullianum,
705 3259 920 3336 existimasse,
948 3255 1037 3320 Petri
1061 3258 1205 3342 primum

89 3377 311 3422 successorem
336 3355 436 3419 fuisse
461 3353 673 3420 Clementem.
720 3355 772 3418 De
800 3353 920 3440 quibus
938 3353 1010 3438 jam
1034 3353 1067 3418 S.
1091 3352 1206 3418 Hiero·

91 3477 210 3539 aymus
233 3453 379 3539 loquitur
401 3452 549 3516 scribens
573 3452 683 3538 quoad
707 3449 927 3517 Clementem:
973 3447 1113 3524 Quartus
1131 3463 1206 3538 poet

92 3553 216 3617 Petram
250 3553 368 3616 Romae
401 3551 592 3637 Episcopum
633 3549 786 3636 siquidem
817 3549 970 3613 remandas
1002 3549 1101 3614 Linea
1124 3550 1205 3636 ficit,

90 3652 202 3714 &tius
226 3647 406 3726 Anaeletus,
432 3649 555 3712 tametsi
572 3647 716 3734 plerique
740 3647 925 3712 Latinorum
948 3647 1115 3711 aeneidum
1132 3659 1207 3732 poet

93 3747 215 3812 Petrum
240 3745 417 3832 apostolum
434 3755 549 3832 puteat
563 3745 670 3831 foisse
693 3742 923 3829 Clenseotem.²)
969 3743 1035 3810 Sed
1059 3744 1207 3830 plerique

94 3845 204 3909 Patres
227 3845 355 3929 antiqui
381 3853 413 3906 et
436 3844 620 3928 scriptores,
655 3843 702 3905 uti
726 3842 759 3908 S.
784 3841 949 3923 Irenaeus,
974 3841 1148 3924 Eusebius,
1173 3841 1206 3908 S.

93 3940 234 4029 Optatus
267 3941 497 4021 Milevitanns,
531 3939 564 4006 S.
597 3939 816 4026 Epiphanius,
850 3939 889 4004 S.
923 3939 1139 4023 Augustinus,
1173 3938 1207 4006 S.

94 4039 240 4127 Ptoeper,
265 4041 452 4124 pariterque
476 4038 603 4123 antiqui
636 4035 784 4122 Catalogi
816 4038 1028 4118 conveniunt,
1051 4036 1084 4102 S.
1110 4037 1207 4100 Petro

112 4149 118 4154 -
167 4181 185 4245 ‘l
204 4180 260 4237 etr.
279 4178 398 4244 Sehrodl,
416 4179 446 4235 L.
466 4197 487 4235 e.
506 4197 531 4249 p.
552 4182 586 4232 62
604 4195 660 4246 sqq.

163 4263 186 4330 ¹)
204 4261 245 4314 De
264 4259 331 4314 viris
350 4257 433 4314 illust.
454 4260 581 4314 ermetis.
