2936 4814
229 473 262 526 14
523 481 564 536 De
581 481 645 538 hist
664 481 756 539 eccles
775 488 836 538 ortu
854 497 887 536 ae
904 497 1056 553 progressu.

57 613 220 726 Ἢξω*
324 623 372 688 li.
399 623 475 688 Alia
499 623 613 689 classis
637 636 807 690 auctorum
822 626 979 690 historiae
1003 627 1245 693 ecclesiastieae
1269 637 1347 691 tem-

229 743 309 807 pore
323 721 423 785 medii
447 725 523 786 aevi
547 724 588 786 iis
611 726 830 807 constituitur,
853 727 909 811 qni
932 725 1109 812 quantulam
1133 727 1227 790 totius
1242 725 1347 789 moa-

230 820 297 884 riac
315 820 492 884 Historiam
520 831 792 907 composuerunt3
830 833 929 909 atque
959 845 1025 887 non
1055 825 1158 910 pauci
1184 823 1347 909 ejusmodi

230 919 404 1002 scriptores
416 929 602 984 occurrunt.
627 919 717 984 Talis
731 921 796 985 fuit
809 921 940 984 saeculo
955 921 1005 985 IX
1021 921 1157 1008 Haymo,
1172 923 1347 1007 episcopus

230 1013 543 1099 Halberstadiensis,
568 1019 623 1104 qui
648 1016 741 1084 libris
772 1019 886 1083 decem
916 1021 955 1082 dc
978 1020 1221 1084 amianarum
1243 1041 1348 1083 roton

229 1115 378 1177 mommio
400 1114 571 1179 historiam
600 1126 741 1203 quatuor
762 1119 943 1202 primorum
971 1117 1176 1182 saeculorum
1205 1117 1346 1202 scripsit

229 1247 273 1258 -
297 1212 498 1292 Armatasius,
522 1215 649 1299 origine
663 1215 799 1300 quidem
814 1213 962 1280 Graecus
981 1215 1038 1280 sed
1052 1215 1221 1280 Romanae
1234 1214 1347 1280 Eccle-

229 1309 298 1372 siae
311 1307 591 1394 bibliothecarius,
611 1313 742 1377 saeculo
757 1314 790 1378 X
809 1335 851 1377 ex
869 1313 976 1380 tribus
990 1313 1128 1378 Graecis
1141 1311 1343 1396 auctoribus,

228 1406 416 1494 Nicephoro
439 1410 526 1476 Patr.
552 1409 695 1496 Optano,
720 1410 863 1495 Georgio
891 1411 1044 1496 Synoello
1068 1420 1101 1475 et
1132 1409 1345 1496 Theophane,

229 1507 414 1591 composuit
437 1527 531 1572 suam
550 1505 837 1596 Chrmtopraphiom
856 1511 1068 1596 tripartitam,
1092 1510 1222 1594 ipsique
1245 1509 1347 1572 mam

229 1601 330 1666 tribui
362 1603 444 1669 solet
472 1604 706 1671 celeberrimus
735 1605 830 1672 Liber
859 1607 1071 1691 Pmofleato,
1102 1625 1160 1670 seu
1190 1605 1229 1669 ds
1264 1606 1347 1670 Vitis

228 1701 445 1766 Romuuomsm
467 1703 660 1788 Poothtmm.
685 1705 842 1770 Attamen
858 1705 978 1770 eruditi
1003 1706 1210 1786 existimant
1227 1702 1346 1794 ploras⁴

227 1819 294 1884 que
317 1800 352 1863 in
375 1799 439 1864 hoc
462 1821 560 1887 opere
590 1804 678 1867 vitas
708 1803 751 1868 ab
781 1802 1024 1889 antiquioribus
1054 1801 1222 1867 confectas
1244 1801 1347 1866 fuisse
1415 1801 1417 1808 ⁸

229 1897 429 1964 auctoribus.
453 1937 497 1946 —
521 1899 622 1986 Apud
645 1899 772 1986 Anglos
800 1899 968 1966 Ordouicas
997 1899 1128 1978 meato,
1152 1898 1257 1963 abbas
1281 1919 1347 1963 mo-

230 1997 363 2059 nasterii
398 1997 565 2062 Uticensis
597 1997 862 2064 Normanncrum
874 2049 882 2082 ,
923 1998 1090 2063 mediante
1122 1996 1253 2061 saeculo
1276 1996 1347 2061 ΧΠ

229 2091 400 2157 historiam
422 2091 593 2159 Ecclesiae
625 2117 730 2182 usque
762 2095 805 2168 ad
837 2117 930 2160 suam
954 2105 1096 2160 aetatem
1129 2096 1276 2180 scripsit3
1312 2103 1349 2158 et

229 2191 323 2254 initio
356 2189 477 2255 saeculi
502 2190 585 2257 XIV
618 2192 759 2257 similem
798 2194 976 2262 historiam.
1006 2191 1228 2258 universalem
1260 2211 1347 2256 com·

228 2288 338 2372 posuit
366 2287 625 2356 Bartholomaeus
663 2292 702 2355 de
735 2291 837 2355 buca
875 2313 917 2356 ex
950 2291 1066 2356 ordine
1098 2293 1131 2356 S.
1165 2291 1346 2354 Dominici.

228 2385 414 2450 Maximum
444 2409 522 2452 vero
553 2411 635 2475 opus
664 2388 857 2454 historicum
887 2389 989 2454 medii
1013 2389 1088 2453 aevi
1112 2388 1287 2453 adornavit
1310 2386 1345 2451 S.

227 2482 410 2549 Ammiano
420 2485 681 2574 Aratispioaopus
687 2487 907 2568 florendum
929 2489 964 2552 in
979 2509 1039 2552 sua
1053 2483 1348 2551 videlicotSumtaa

225 2581 388 2646 Materiali
410 2595 549 2649 eventus
572 2585 650 2650 inde
664 2585 706 2650 ab
722 2587 849 2670 origine
863 2585 979 2650 mundi
1003 2605 1107 2671 usque
1130 2584 1173 2648 ad
1197 2582 1346 2648 medium

228 2679 396 2744 saeculum
424 2683 490 2747 XV
528 2683 703 2766 describit,
728 2693 779 2748 sat
801 2683 941 2748 feliciter
973 2683 1072 2747 etiam
1101 2681 1252 2746 adbibita
1274 2689 1348 2744 arte

228 2778 352 2841 critica.
399 2779 744 2846 Animadvertendum
775 2780 932 2845 videlicet
955 2790 1017 2862 est,
1041 2779 1129 2845 hanc
1152 2789 1256 2843 artem
1280 2799 1346 2841 me

227 2873 282 2938 dio
297 2896 380 2941 aevo
395 2878 563 2965 paulisper
576 2879 760 2964 neglectam
774 2879 886 2961 fuisse,
903 2879 1009 2944 donee
1022 2878 1222 2941 Laurentius
1236 2873 1345 2958 Valla,

227 2976 407 3041 canonieus
431 2977 609 3058 Romanus,
634 2987 667 3042 ot
695 2976 853 3042 Nicolaus
884 2976 1072 3042 Cardinalis
1096 2975 1248 3040 Cusanus
1270 2993 1346 3038 eam

226 3092 359 3160 quoque
381 3085 485 3142 artem
509 3075 740 3141 vehementius
761 3084 1006 3160 promoverunt.

63 3164 207 3275 ,2222ssss
319 3174 370 3238 18.
394 3173 543 3238 Tertium
567 3181 730 3259 postremo
749 3193 854 3257 genus
873 3191 1009 3258 operum
1030 3171 1131 3236 medii
1154 3170 1230 3234 aevi
1259 3189 1347 3254 quse

225 3269 398 3335 historiam
422 3281 587 3356 spectant,
618 3273 824 3336 constituunt
848 3271 938 3334 Libri
961 3269 1137 3334 Annalium
1159 3277 1190 3331 ct
1215 3263 1347 3330 Chroni-

224 3391 341 3448 oorum,
366 3388 495 3436 necnon
518 3369 730 3456 Biopropla'ac
758 3367 949 3454 multiplicor
978 3369 1125 3430 virorum
1153 3363 1345 3430 celebrium.

227 3465 367 3532 'Ilalium
392 3485 528 3552 operum
560 3469 678 3551 ingens
706 3475 755 3530 est
784 3486 957 3548 numerum
994 3465 1038 3529 ad
1068 3463 1165 3549 plura
1187 3461 1347 3527 videlicet

227 3565 332 3630 millia
364 3585 511 3650 eaquae
543 3565 640 3628 nobis
672 3573 848 3650 supersunt
879 3563 1051 3644 accedunt,
1085 3562 1210 3646 vixque
1233 3558 1346 3646 aliqua

228 3664 357 3744 civitas,
381 3664 659 3726 monasteriumve
692 3661 826 3747 aliquod
858 3662 1037 3740 invenitur,
1066 3657 1155 3744 quod
1178 3679 1254 3724 suos
1277 3677 1346 3721 non

227 3760 351 3826 habeat
372 3758 524 3842 annales;
554 3757 729 3846 nullusque
758 3759 827 3824 fere
856 3768 906 3822 est
934 3758 988 3821 vir
1011 3759 1046 3821 in
1075 3755 1175 3820 rebus
1196 3754 1348 3840 profanis

227 3858 290 3923 vel·
306 3857 537 3924 ecclesiasticis
567 3858 694 3940 clarior,
726 3858 821 3943 cujus
847 3855 1043 3941 biograpbia
1072 3852 1189 3918 littoris
1213 3873 1279 3917 non
1304 3853 1347 3916 sit

227 3959 432 4041 consignata.
460 3955 625 4022 Universa
638 3954 721 4019 hacc
735 3963 949 4020 monumenta
971 3954 1035 4018 viri
1050 3949 1171 4018 eruditi
1184 3949 1347 4036 paulatini

224 4055 434 4136 adunarunt,
465 4053 609 4139 indeque
633 4051 841 4117 collectiones
864 4052 979 4115 variae
1000 4058 1290 4114 monumentorum
1314 4057 1348 4112 et

224 4152 501 4220 documentorum
516 4151 616 4215 medii
631 4149 835 4216 oenimultis
848 4147 1077 4213 voluminibus
1083 4145 1348 4232 ¹corripi-sirenum

225 4249 432 4338 prodiernmt.
