2836 4804
111 1975 204 2028 tigillus

91 2038 160 2091 cplim
174 2047 235 2080 voea-

140 2099 184 2140 tur.

245 447 299 500 aso
668 449 709 504 ne
727 449 815 504 tubus
834 450 975 520 Capitulis.

246 590 308 654 tria
332 586 486 674 Capitula
509 590 692 656 seeundum
707 614 741 658 se
755 602 903 678 spectata
919 605 1006 660 certe
1030 595 1181 661 damnari
1205 602 1365 686 potuisse.

246 688 332 752 Nam
355 685 547 752 Theodorus
570 689 820 774 Mopsuestenus
853 693 888 755 in
912 694 1042 778 seriptis
1065 696 1133 758 suis
1156 718 1287 762 errores
1311 701 1364 762 im·

246 787 318 872 pios
340 783 530 867 tradiderat,
555 808 637 872 quos
660 781 830 874 nunquam
850 791 1001 856 correxit.
1047 791 1088 856 ln
1111 796 1244 880 seriptis
1260 795 1367 860 Theo-

248 883 352 948 doreti
378 881 533 967 Cyrensis
558 895 671 950 eontra
694 886 986 951 anathematismos
1009 888 1042 954 S.
1067 887 1194 974 Cyrilli,
1217 891 1278 957 hic
1303 895 1367 958 vel-

248 982 295 1047 uti
327 980 512 1045 haereticus
544 982 811 1068 vituperabatur,
841 985 1012 1050 Nestorius
1051 1007 1128 1051 vero
1162 1011 1367 1077 magnopere

246 1078 454 1144 laudabatur.
500 1078 540 1144 In
573 1080 710 1164 epistola
741 1081 821 1146 Ibae
853 1081 1009 1147 laudibus
1032 1083 1237 1152 evehebatur
1262 1089 1366 1153 Theo-

248 1176 347 1241 dorus
370 1176 631 1261 Mopsuestenus,
656 1177 890 1244 detrahebatur
919 1189 1029 1244 autem
1054 1182 1272 1250 vehementer
1295 1211 1366 1252 auc-

247 1275 370 1338 toritati
396 1271 535 1338 Concilii
559 1273 718 1359 Ephesini
743 1287 776 1340 et
808 1275 841 1342 S.
867 1275 994 1361 Cyrilli,
1019 1281 1197 1366 variaeque
1221 1289 1367 1370 proposi-

248 1374 353 1436 tiones
377 1371 593 1436 oeourrebant
628 1371 669 1436 de
692 1373 951 1438 Nestorianismo
979 1376 1159 1442 admodum
1183 1393 1368 1467 suspectae.

248 1467 315 1534 Sed
338 1490 440 1554 quum
463 1469 527 1533 viri
550 1467 597 1532 illi
616 1470 688 1555 jam
703 1473 823 1536 mortui
838 1481 954 1554 essent,
976 1481 1010 1536 et
1032 1475 1067 1537 in
1090 1476 1369 1544 condemnatione
1414 1551 1415 1554 Ἴ

249 1589 334 1655 quae
357 1566 584 1652 postulabatur
616 1567 710 1632 multi
743 1580 966 1656 supponerent
989 1571 1127 1636 insidias
1149 1577 1231 1639 strui
1257 1599 1279 1640 a
1304 1579 1369 1641 Mo-

249 1664 433 1750 nophysitis
463 1685 640 1750 eorumque
672 1666 855 1732 fautoribus
888 1679 1001 1732 eontra
1033 1668 1205 1754 Synodum
1231 1670 1369 1737 Choloe·
1414 1689 1415 1732 i

250 1763 439 1844 dunensem,
464 1761 637 1847 intelliges,
662 1785 721 1828 eur
735 1765 830 1829 multi
850 1767 970 1830 aeriter
993 1789 1062 1832 sese
1086 1767 1134 1832 illi
1160 1770 1367 1836 damnationi

250 1862 470 1947 opposuerint.

337 1959 390 2023 40.
418 1957 529 2039 Quum
554 1959 587 2023 in
612 1961 683 2024 istis
706 1959 919 2025 ecclesiarum
936 1959 1082 2026 dissidiis
1096 1981 1204 2023 annus
1227 1959 1369 2024 babere
1414 2001 1415 2054 3

250 2067 311 2140 tur,
336 2056 609 2143 Justinianusque
632 2060 837 2142 persentiret,
862 2081 896 2122 se
927 2061 996 2123 sine
1020 2057 1215 2124 auctoritate
1239 2067 1272 2121 et
1295 2079 1367 2120 con-
1414 2079 1415 2102 ³

251 2177 348 2220 sensu
371 2155 511 2220 Romani
544 2155 713 2220 Pontificio
744 2156 787 2220 ad
817 2166 1009 2241 exoptatum
1033 2176 1168 2243 scopum
1193 2156 1366 2240 pervenire
1414 2165 1415 2170 ’

251 2275 318 2318 non
350 2274 455 2338 posse,
487 2251 648 2338 Vigilium
682 2262 836 2338 urgenter
858 2253 976 2318 litteris
1000 2254 1200 2336 sollicitavit,
1226 2265 1263 2318 ut
1286 2251 1366 2316 Oen-

252 2350 498 2437 stantinopolim
522 2351 792 2436 proficisceretur.
835 2352 1029 2417 Praetextus
1052 2351 1189 2438 quidem
1213 2351 1277 2414 fuit
1298 2371 1367 2436 pro-

252 2449 418 2513 curandae
441 2450 574 2512 unionis
597 2448 858 2534 Acephalorum,
893 2450 952 2514 sed
975 2449 1056 2514 illud
1078 2449 1275 2535 Imperatori
1298 2469 1367 2533 pro·

251 2548 394 2632 positum
418 2556 496 2628 erat,
521 2557 558 2611 ut
586 2547 833 2612 damnationem
861 2549 959 2612 trium
994 2545 1222 2632 Capitulorum
1247 2545 1368 2610 obtine·
1414 2585 1415 2592 .

251 2652 311 2710 ret.
356 2645 511 2709 Pontifex
534 2646 665 2710 nonnisi
680 2646 784 2709 invite
800 2645 982 2710 Justiniani
1005 2645 1178 2708 desideriis
1202 2643 1257 2708 vel
1281 2663 1366 2707 man·

253 2742 338 2808 datis
362 2741 471 2828 quoad
495 2743 556 2806 iter
580 2741 749 2807 OPtanum
782 2743 966 2822 obsecutus,
990 2743 1157 2828 profectus
1182 2753 1232 2806 est
1256 2763 1369 2805 versus
1414 2769 1415 2776 ¹

252 2841 353 2906 finem
376 2843 454 2905 anni
479 2840 560 2922 5453
591 2840 649 2906 sad
681 2863 768 2906 anno
801 2840 868 2904 fere
900 2841 1026 2925 integro
1061 2841 1155 2904 varia
1178 2840 1220 2905 ob
1246 2841 1366 2903 motiva
1414 2879 1415 2882 =

254 2941 288 3004 in
312 2938 426 3004 Sicilia
458 2947 616 3020 moratus,
648 2939 739 3024 apud
761 2938 999 3024 Imperatorem
1034 2939 1196 3002 instanter
1226 2939 1300 3021 egit,
1331 2947 1367 2998 ut

254 3037 379 3102 ibidem
402 3035 456 3100 vel
480 3038 514 3100 in
545 3035 643 3100 Italia
675 3035 810 3121 aliquod
844 3034 1030 3101 Concilium
1060 3035 1312 3100 occidentalium
1335 3043 1367 3096 et

254 3135 462 3200 orientalium
499 3136 726 3220 episcoporum
767 3133 884 3200 adres
924 3132 1147 3218 disponendas
1185 3132 1366 3197 haberetur.

255 3233 384 3298 Interea
408 3234 552 3318 episcopi
567 3231 701 3296 Africae
725 3241 758 3296 et
771 3231 944 3297 Sardiniae
965 3231 1089 3315 legatos
1112 3230 1157 3295 ad
1174 3229 1364 3295 Pontificem

256 3331 455 3416 deputarunt
477 3339 633 3416 petentes,
658 3352 699 3394 ne
722 3330 934 3416 Imperatoris
957 3328 1102 3394 edictum
1125 3327 1283 3392 adversus
1303 3325 1365 3387 tria

257 3427 410 3515 Capitula
439 3429 633 3492 auctoritate
667 3450 726 3493 sua
762 3426 930 3492 roboraret
966 3428 1000 3489 in
1038 3426 1195 3512 injuriam
1230 3421 1363 3489 Concilii

257 3524 579 3612 Chalcedonensis1).

344 3625 398 3690 41.
423 3623 566 3708 Vigilius
600 3623 735 3689 tandem
773 3644 858 3688 anno
896 3622 971 3703 547,
1013 3622 1063 3684 uti
1098 3621 1231 3686 videtur
1260 3639 1363 3682 mense

257 3722 447 3802 Februario,
466 3720 784 3807 Constantinopolim
798 3721 946 3800 advenit,
971 3727 1003 3782 et
1026 3741 1046 3781 a
1061 3718 1249 3783 Justiniano
1270 3711 1364 3776 valde

258 3821 437 3885 honorifice
460 3830 628 3906 exceptus,
653 3821 746 3883 initio
780 3818 985 3884 damnationi
1018 3817 1118 3880 trium
1143 3811 1363 3902 Capitulorum

259 3941 328 3982 sese
342 3941 507 4004 opponere
520 3919 675 4004 perrexit.
700 3917 871 3982 Adversus
879 3913 1076 3999 Acephalos,
1090 3912 1169 3977 lieet
1185 3914 1231 3976 eis
1246 3911 1365 4016 faveret
1414 3981 1415 3986 γ

258 4015 597 4100 Theodorarlugusta,
610 4015 777 4078 decretum
789 4011 1020 4099 promulgavit,
1030 4021 1063 4074 et
1073 4011 1229 4074 Mennam
1237 4015 1361 4092 patriar
1414 4033 1415 4070 1

261 4151 468 4159 —-.—.—..——

333 4227 352 4294 ¹)
370 4227 487 4282 Facund.
507 4227 596 4281 Herm.
616 4227 633 4280 l.
653 4226 686 4281 V.
705 4241 727 4282 u
748 4227 772 4280 8.
