2902 4824
545 491 570 544 S.
589 491 717 546 Clemens.
1136 494 1187 545 125

71 633 165 698 Libro
202 633 395 700 Pontificali
429 634 548 698 divisio
587 634 798 698 emlesiastica
821 634 922 699 Urbis
961 634 1025 698 illis
1056 635 1186 700 verbis:

71 730 127 794 Hie
139 730 226 816 seuit
250 743 371 818 εεριεπι
393 734 549 818 repioaes,
581 742 610 794 et
636 731 746 796 diuisit
772 734 909 796 notariis
923 732 1075 816 fidelibus
1097 732 1187 797 eccle·

71 830 139 906 a'ae,
161 829 220 914 qui
241 840 336 915 qesta
357 841 536 916 martyrum
560 829 692 892 sollicite
706 840 736 892 et
758 831 877 894 curiose
900 831 1110 914 unusquisque
1127 851 1189 915 per

71 927 217 1010 repioness
241 949 336 990 msam
359 926 531 1012 dilipenter
554 931 783 1015 perquirerent.
836 928 954 991 Merito
977 925 1060 990 haec
1084 926 1188 990 distri·

71 1020 152 1086 butio
177 1021 349 1088 Clementi
374 1023 522 1088 adscribi
547 1025 689 1104 videtur,
717 1027 980 1111 antiquissimam
1003 1025 1091 1087 enim
1115 1043 1188 1086 eam

70 1139 131 1182 esse
152 1119 247 1185 band
273 1121 420 1186 dubium
445 1131 503 1188 est.
550 1123 736 1188 Distributa
760 1133 830 1186 erat
852 1123 957 1186 Roma
980 1121 1023 1185 ab
1038 1120 1188 1203 Augusto

71 1217 98 1280 in
128 1219 391 1304 quatuordecim
424 1222 576 1303 regiones
609 1221 740 1302 civiles3
774 1229 900 1306 septem
932 1220 1082 1302 regiones
1115 1217 1189 1282 illae

71 1313 314 1380 ecclesiaticae
328 1327 442 1382 tamen
467 1337 534 1380 non
558 1318 801 1382 conveniebant
823 1339 897 1381 cum
922 1317 985 1382 illis
999 1314 1189 1400 regionibus

71 1411 228 1478 civilibus.
255 1413 428 1478 Numerus
443 1417 649 1499 septenarius
663 1415 877 1501 probabiliter
889 1414 1007 1478 alludit
1020 1414 1063 1479 ad
1078 1434 1189 1478 nume·

71 1529 133 1571 nim
155 1512 392 1595 septenarium
416 1514 597 1598 primorum
621 1513 845 1578 diaconorum.

149 1607 204 1673 24.
230 1608 307 1672 Sub
323 1609 357 1674 S.
374 1607 555 1674 Clementis
578 1611 771 1697 pontificatu
794 1609 939 1674 secunda
962 1619 1032 1672 orte
1055 1618 1103 1672 est
1116 1633 1188 1694 per·
1217 1615 1339 1686 renerus

72 1707 176 1770 sam
200 1708 239 1770 a
254 1703 458 1770 massanos
480 1707 601 1774 asama
628 1711 724 1773 assa
742 1709 921 1772 nominans
942 1707 1189 1793 imperiumn
1213 1676 1339 1717 ⁰⁰³²²¹⁸”¹‘

73 1803 115 1866 lte
137 1805 200 1870 bac
225 1805 462 1891 persecutione
492 1805 607 1870 scribit
628 1804 792 1870 Eusebius
815 1805 857 1870 H.
882 1803 921 1870 Ε.
944 1803 965 1869 l.
989 1803 1050 1867 ΙΠ.
1076 1825 1104 1866 c.
1131 1803 1188 1864 l‘l:

73 1901 274 1966 Domitianus
298 1925 394 1988 quum
423 1907 497 1992 jam
533 1903 633 1967 malta
669 1905 704 1967 in
739 1902 853 1966 maltos
889 1901 1087 1965 crudelitatis
1123 1919 1189 1982 spe-

72 2001 178 2064 cimina
201 1999 373 2078 edidisset,
397 2023 454 2064 nec
458 2023 580 2086 paucos
588 1999 740 2065 nobilium
754 2011 846 2086 atque
860 1999 1032 2063 illustrium
1053 1998 1191 2060 uirorum

72 2095 149 2160 vtis
172 2099 299 2162 Roseae
324 2098 442 2186 injuste
472 2099 692 2176 interemisset,
722 2097 806 2161 alios
822 2106 992 2182 praeterea
1013 2097 1189 2158 innumera-

72 2193 141 2258 biles
162 2217 308 2258 summae
334 2193 504 2281 diprsitatis
526 2196 609 2259 viros
628 2195 846 2260 licetinsontes
869 2191 967 2256 eailio
991 2203 1021 2254 et
1043 2190 1191 2254 bonorum

70 2295 300 2380 proscriptione
324 2291 516 2369 mulctasset,
549 2292 593 2355 ad
624 2303 794 2356 maenum
818 2290 1025 2354 Neronianae
1047 2289 1189 2374 impieta-

73 2391 107 2452 tis
128 2389 267 2475 tollique
292 2399 325 2453 et
348 2389 417 2452 odii
439 2389 590 2454 adamans
607 2391 709 2454 Dema
738 2409 940 2454 successorem
962 2388 1098 2472 seipsum
1114 2407 1189 2470 pro·

67 2487 165 2570 fessus
189 2499 249 2550 est.
303 2483 430 2572 Quippe
453 2487 503 2550 bia
534 2488 685 2551 secandus
702 2487 950 2572 persecutionem
971 2486 1007 2547 in
1029 2505 1087 2546 nos
1109 2483 1190 2545 enci·

74 2585 445 2672 taa'1‚qnasnvispater
473 2585 574 2669 ipsius
602 2585 815 2670 Vespasianus
840 2582 962 2647 nullam
984 2603 1121 2666 anquam
1143 2581 1190 2642 in-

69 2683 182 2766 juriam
207 2681 303 2746 nobis
327 2681 447 2768 inferre
471 2692 629 2746 tentamet.
680 2681 745 2746 Dio
771 2679 903 2746 Cassius
926 2701 964 2744 ea
988 2679 1028 2743 de
1051 2699 1086 2740 re
1109 2675 1191 2740 haee

75 2775 183 2844 babet:
209 2779 335 2844 Eodem
358 2803 443 2844 anno
469 2777 525 2866 (U
541 2776 577 2845 (l.
602 2777 681 2864 848)
695 2779 900 2843 Domitianus
923 2789 987 2840 tum
1010 2774 1092 2839 alios
1114 2772 1191 2836 mul-

76 2887 126 2954 tos,
149 2891 216 2944 tum
238 2899 316 2942 uero
348 2877 498 2942 blaviam
534 2875 719 2942 Clementem
750 2875 915 2952 consulem,
946 2875 1005 2938 etsi
1035 2874 1065 2936 is
1087 2893 1191 2934 conso-

76 2971 177 3040 ln‘nes
186 2983 259 3067 ejus
274 2987 355 3054 erat,
367 3000 405 3040 aa
414 2975 565 3040 Flauiam
574 2974 774 3038 Domitillam
784 2985 814 3038 et
823 2976 926 3058 ipsam
935 2970 1115 3036 Domitiani
1123 2989 1190 3030 con·

76 3077 278 3160 nominem
312 3095 444 3138 auorum
476 3072 616 3151 lubebat,
648 3083 745 3136 morte
778 3069 893 3156 affecit,
920 3068 1012 3132 illato
1046 3063 1192 3128 ambobus

76 3175 197 3238 etatae
232 3173 410 3258 impietatis
443 3173 480 3234 in
503 3169 592 3234 deos:
624 3193 683 3256 quo
707 3170 835 3234 crimine
868 3179 898 3231 et
924 3165 1035 3252 plures
1058 3161 1118 3226 alii
1140 3162 1194 3247 qui

77 3269 105 3332 lu
137 3295 238 3335 mores
270 3269 474 3334 Judasoraa
506 3267 730 3332 aberraverant
761 3266 906 3330 damnati
937 3273 1027 3340 suna·
1064 3283 1193 3347 quomam

75 3389 146 3450 pars
155 3371 263 3432 occisa
277 3377 333 3444 est,
343 3389 428 3453 pars
443 3364 584 3450 spoliata
586 3364 808 3450 facultatibus.
835 3360 1005 3426 Domitilla
1019 3369 1141 3422 tantum
1157 3359 1192 3420 in

79 3463 303 3530 Pandateriam
320 3464 466 3550 releqatu
484 3460 570 3546 est.¹)
614 3459 741 3526 Causae
759 3460 858 3546 hujus
876 3457 1113 3545 persecutionis
1131 3455 1192 3518 bae

78 3559 168 3628 fuisse
178 3563 351 3628 videntur.
366 3560 581 3626 Domitianus
591 3567 751 3644 tyrannus
758 3567 828 3622 erat
835 3554 986 3635 crudelis,
994 3553 1193 3637 suspiciosus

145 3709 164 3772 't
182 3705 252 3760 Post
270 3703 418 3758 interitum
446 3699 560 3754 Neronis
588 3701 689 3768 (mense
717 3698 799 3754 lunio
827 3713 850 3750 a
879 3698 934 3764 68),
962 3693 1056 3756 Galba,
1076 3691 1147 3744 Otho
1165 3696 1194 3744 et

80 3779 195 3840 Vitellius
215 3785 250 3840 de
268 3782 390 3851 Imperio
410 3783 559 3844 certarunt,
588 3784 617 3832 et
634 3777 710 3832 brevi
729 3791 818 3831 omnes
846 3775 941 3829 misere
960 3772 1105 3840 perierunt.
1143 3769 1193 3821 De-

79 3865 165 3920 enutri
184 3881 208 3919 a
238 3867 274 3918 69
304 3863 333 3918 12.
354 3858 540 3928 Vespasianus
559 3858 683 3926 persenit
710 3857 744 3910 eil
763 3855 915 3923 Imperium,
944 3852 1021 3917 sique
1040 3866 1063 3902 a.
1083 3850 1117 3902 79
1135 3863 1192 3902 sue

80 3945 245 4010 enisurus
256 3941 392 4012 quibrevi
412 3937 650 4008 postumianus.
669 3939 701 3990 81
723 3935 798 3990 obiit.
818 3935 851 3988 ui
871 3933 999 3986 sircoessit
1018 3928 1192 3996 frateripsius

80 4025 158 4084 lnior
173 4027 228 4082 'lit
247 4025 290 4080 st
312 4019 497 4081 Domitianus,
526 4017 601 4070 bomo
629 4015 708 4070 valde
725 4029 874 4082 perversus,
903 4010 948 4076 qui
966 4009 1094 4076 regnavit
1112 4009 1193 4063 donec

81 4117 101 4152 ι
123 4107 155 4158 tt
179 4105 348 4162 interiectus
376 4101 428 4154 est.
476 4097 509 4150 ui
536 4100 720 4152 sucmsserunt
747 4093 838 4148 Nerva
865 4093 901 4160 (a
929 4090 1055 4156 96-98),
1074 4103 1105 4143 aa
1131 4089 1193 4144 dein

80 4177 199 4252 mm
217 4185 254 4256 (ι
274 4179 428 4246 es-un

143 4265 368 4332 'thunitiam
388 4273 410 4311 e
432 4257 473 4310 lt
