2810 4846
423 443 629 498 Dissertationis
648 443 756 497 indoles.
1126 449 1180 502 259

61 589 241 652 necessario
275 587 477 673 Apollinaris
511 597 544 650 et
566 588 766 650 Arianorum
800 586 986 652 divinitatis
1009 599 1041 653 et
1065 589 1179 654 buma-

63 688 170 750 nitatis
194 686 421 750 confusionem
445 686 560 766 teneri,
585 705 688 770 eoque
718 705 826 748 errore
850 683 1012 770 Cyrillum
1037 709 1107 752 esse
1132 691 1179 752 in-

61 785 190 848 fectum.
223 821 266 830 -—
299 782 390 846 Inter
413 806 468 847 eos
492 784 548 868 qni
574 781 722 846 Concilio
747 782 917 867 Ephesino
947 783 1178 862 adhaeserunt,

60 881 158 967 aliqui
189 881 324 944 fuerunt
346 902 462 946 revera
486 883 634 966 opposito
664 901 773 944 errore
796 881 1086 968 Monophysitismi
1108 883 1180 969 jam

61 979 181 1060 infecti,
216 980 273 1064 qui
309 980 406 1043 sicuti
442 977 524 1042 duas
557 1001 713 1064 personas
747 980 793 1041 ita
823 988 855 1042 et
878 978 961 1044 duas
985 991 1119 1044 naturas
1144 983 1180 1045 in

61 1075 187 1139 Christo
213 1077 410 1162 rejiciendas
435 1099 504 1140 esse
528 1075 700 1162 putabant,
730 1099 768 1140 eo
793 1099 890 1141 sensu
916 1081 1038 1164 scripta
1064 1077 1180 1164 Cyrilli

7 1229 8 1232 ,
62 1174 368 1258 interpretabantur,
394 1195 534 1260 eumque
566 1175 645 1259 ipsis
675 1176 875 1258 patrocinari
897 1177 1179 1241 existimaverant.

7 1269 8 1276 '
64 1271 154 1336 l'nde
179 1273 278 1335 etiam
304 1271 350 1336 illi
364 1271 528 1355 indignati
544 1281 630 1350 sunt,
649 1271 737 1356 quod
754 1269 899 1356 Cyrillus
923 1277 1079 1338 unionem
1104 1295 1180 1337 oum

61 1368 284 1433 Orientalibus
308 1371 415 1452 iniret,
441 1381 473 1434 et
497 1369 579 1433 duas
603 1379 737 1432 naturas
770 1371 804 1433 in
819 1369 948 1435 Christo
973 1393 1049 1435 eum
1073 1373 1113 1435 iis
1136 1373 1181 1436 fa-

61 1477 187 1532 teretur.
234 1466 391 1531 Dehisce
409 1466 554 1552 loquitur
572 1466 605 1532 S.
624 1465 768 1550 Cyrillus
789 1470 823 1530 in
840 1469 978 1552 epistola
993 1491 1122 1556 quoque
1138 1470 1180 1533 ad

7 1589 8 1648 3
62 1564 235 1650 Eulogium
266 1565 494 1650 presbyterum
519 1564 785 1630 Alexandrinum
816 1565 1102 1653 Constantinopoli
1128 1567 1181 1630 de·

60 1674 200 1746 gentem,
234 1662 398 1727 scribens:
428 1664 668 1749 Ezpositioaem
700 1687 793 1748 qaam
830 1664 1008 1728 Orientales
1033 1665 1183 1750 fecerant

61 1761 325 1848 reprehenderant
356 1761 504 1824 nonnulli
536 1785 573 1823 ae
603 1761 732 1824 dictant:
778 1760 985 1835 Quamobrem
1017 1765 1181 1849 episcopas

62 1858 302 1922 Alexandrinas
333 1857 407 1924 illos
439 1857 585 1922 toleravit
619 1883 656 1922 ac
679 1859 834 1938 laudavit,
869 1862 964 1924 etiam
996 1883 1078 1934 cam,
1096 1860 1179 1924 duas

63 1968 191 2020 araturas
215 1957 438 2022 nominarent?
471 1955 534 2030 Qui
557 1967 659 2019 antem
684 1957 869 2020 Nestorium
890 1966 1051 2021 sectantur
1074 1957 1183 2021 eadem

61 2067 87 2117 et
109 2055 202 2118 illum
235 2057 349 2119 sentire
383 2055 582 2136 contendant,
617 2077 713 2140 eaque
744 2055 869 2118 ratione
893 2053 976 2133 illos,
1001 2057 1055 2142 qai
1076 2057 1180 2120 miaaa

62 2164 205 2217 obaurata
246 2177 311 2216 rem
342 2155 546 2240 percipiant,
584 2154 619 2216 in
653 2175 741 2216 raam
781 2151 968 2216 sententiam
1005 2153 1178 2239 abripiant.

69 2251 175 2314 Veram
199 2252 243 2314 iis
266 2253 320 2336 poi
341 2252 396 2314 loc
420 2253 542 2315 eramiae
573 2274 630 2314 onos
663 2259 826 2327 accusant,
850 2249 1104 2334 respondendam
1127 2261 1182 2326 est,

64 2371 119 2411 aon
144 2351 252 2412 omnia
275 2373 353 2434 petae
387 2349 537 2412 baeretici
559 2349 669 2412 dicuat
697 2349 803 2412 statim
818 2347 981 2433 jispienda
1004 2360 1034 2412 et
1056 2347 1183 2436 repudi-

62 2447 144 2510 anda
169 2470 244 2511 ease.
293 2446 399 2510 Malta
423 2447 505 2510 enim
524 2445 710 2530 confitentur
740 2469 780 2508 aa
804 2447 856 2521 iis,
880 2469 960 2531 qaae
983 2469 1042 2510 aas
1065 2470 1182 2532 qaoque

7 2625 8 2628 Ἴ
64 2547 239 2608 asserimus.
287 2545 435 2631 Exempli
463 2569 570 2626 caasa,
595 2569 663 2608 mem
686 2544 806 2608 Ariani
837 2543 940 2606 Deam
970 2544 1098 2607 Patrem
1121 2565 1182 2605 om-

66 2644 145 2706 nium
169 2641 363 2706 conditorem
391 2667 429 2706 ac
461 2641 621 2706 dominam
653 2665 718 2706 esse
743 2642 862 2720 dicuat,
886 2665 961 2704 nam
985 2641 1056 2704 ideo
1081 2663 1183 2704 coare-

65 2763 156 2824 qnens
188 2751 244 2819 est,
273 2751 308 2804 at
340 2740 493 2828 ejusmodi
520 2740 732 2825 confessiones
764 2739 983 2803 adversemur?
1016 2737 1069 2801 Sic
1093 2749 1123 2801 et
1146 2737 1183 2800 ale

67 2837 212 2902 Nestorio
245 2861 373 2924 qaoque,
407 2837 481 2902 licet
513 2839 595 2902 duas
626 2849 762 2901 mataras
790 2860 855 2900 esse
887 2837 986 2914 dicat,
1017 2837 1123 2899 earnis
1153 2845 1184 2898 et

71 2935 158 2998 Verbi
171 2935 237 2998 Da·
260 2935 473 3021 afferentium
497 2936 688 3022 sipaiflcaae,
705 2935 766 3020 (eet
790 2937 872 2998 enim
896 2934 964 2997 alia
989 2933 1090 3010 Verbi,
1116 2933 1184 2996 alia

7 3019 8 3032 ¹
53 3035 166 3100 ,corais
199 3035 350 3117 natura),
374 3043 514 3096 attamen
543 3035 690 3097 anioaem
720 3057 784 3096 arna
816 3032 975 3095 nobiseum
998 3053 1061 3094 aaa
1095 3031 1185 3114 coafi-

66 3130 185 3216 tetnr¹).

148 3231 180 3294 3.
206 3229 260 3292 Ex
283 3228 374 3293 hisce
405 3229 483 3292 satis
515 3238 616 3314 patet,
636 3229 707 3313 jam
739 3238 886 3313 tempore
911 3225 1051 3291 Consilii
1076 3223 1184 3311 Epho-
1202 3251 1340 3290 nrsssraaa

7 3315 8 3338 ³
67 3327 123 3390 sini
157 3327 278 3408 fuisse,
312 3329 369 3413 qui
393 3349 516 3390 novam
539 3327 701 3390 haeresim
734 3323 947 3389 excubabant
978 3323 1018 3386 de
1051 3348 1117 3387 aaa
1150 3326 1184 3386 io

7 3499 8 3504 η
70 3423 190 3489 Claieto
204 3435 332 3489 natura.
379 3424 445 3488 Iste
470 3447 567 3504 error,
586 3424 863 3510 Monoplrysitt'emi
877 3424 930 3485 eui
949 3442 1079 3502 nomen,
1105 3443 1181 3484 mox

67 3535 174 3606 aperte
206 3525 366 3608 prorupit,
401 3533 433 3586 et
466 3508 606 3608 majores
639 3523 739 3584 etiam
772 3542 872 3606 quam
904 3520 1183 3583 Nestorianismus·

67 3627 176 3686 turbas
199 3623 233 3684 in
249 3619 399 3685 Ecclesia
423 3622 591 3685 excitavit.
631 3619 701 3682 Imo
725 3640 785 3702 per
807 3617 903 3702 plura
927 3617 1058 3681 saecula
1072 3615 1185 3681 Orien-

67 3719 103 3781 tis
126 3720 312 3804 exagitavit
335 3720 495 3802 regiones,
529 3717 647 3782 multos
677 3718 712 3782 in
736 3717 867 3778 ruinam
891 3716 1061 3800 pertraxit,
1087 3725 1185 3800 atque

68 3819 183 3882 nostris
206 3839 338 3902 quoque
362 3815 479 3881 diebus
503 3816 593 3902 apud
609 3817 718 3880 varias
735 3823 840 3877 sectas
864 3813 1090 3876 schismaticas
1114 3835 1184 3898 per·-

69 3915 170 3979 durat.
200 3953 244 3962 —
273 3915 371 3979 blodo
391 3917 463 4001 jam
487 3915 752 4001 disquisitionem
776 3913 988 3976 instituamus
1012 3911 1052 3974 do
1074 3911 1185 3973 Mono-

68 4011 281 4096 pbysitism03
317 4013 357 4077 de
386 4014 457 4098 ejus
489 4012 645 4077 videlicet
676 4013 780 4075 initiis
803 4033 950 4095 agemus,
983 4021 1016 4071 et
1040 4008 1185 4071 maximo

139 4229 160 4294 ι)
181 4225 210 4278 L.
231 4241 252 4278 e.
273 4241 294 4277 o.
316 4225 391 4278 1147.

1206 3313 1239 3352 nis
1253 3311 1343 3352 indoles.
1397 3353 1398 3362 ,
