2790 4812
414 483 480 552 Quis
499 484 617 542 emma
635 483 809 554 maduit
1114 493 1168 546 429

76 626 165 712 colligi
195 637 309 714 potest
365 627 547 696 Eusebium
586 627 839 694 Caesareensem
880 632 1081 714 praesidium
1123 646 1167 698 te-

75 727 180 806 nuisse,
204 727 448 792 centuriatores
483 725 787 809 Msgdeburgeuses
821 727 1077 812 contenderunt3
1109 731 1166 794 sed

75 822 153 905 plane
183 824 364 906 immerite,
389 809 544 908 nirlleque
573 822 737 908 probabili
766 822 992 890 fundamento.
1042 825 1096 890 Ex
1128 849 1167 892 ec

74 920 146 1004 quod
167 923 235 1006 ipse
259 920 414 986 videatur
443 922 625 986 orationem
655 919 811 984 habuisse
840 921 1039 987 adveniente
1061 923 1167 1010 Impe-

74 1029 171 1098 ratore,
193 1017 382 1084 nullatenus
402 1039 477 1082 eum
489 1016 638 1084 Concilio
651 1017 856 1102 praesedisse
879 1020 1036 1103 sequitur,
1061 1043 1168 1107 neque

75 1115 100 1178 id
110 1115 198 1180 homo
222 1115 415 1182 ambitionis
439 1137 518 1180 sane
540 1137 608 1180 non
618 1137 738 1200 expers
759 1116 794 1180 in
818 1137 878 1180 sua
900 1116 1167 1184 historiataeuis-

73 1225 119 1278 set.
159 1213 268 1278 Etiam
291 1212 505 1278 Patriarchae
527 1211 775 1278 Alexandrinus
798 1222 830 1276 et
853 1213 1080 1280 Antiochenus
1103 1219 1168 1282 tale

73 1311 265 1395 privilegium
290 1312 352 1396 ipsi
377 1332 444 1376 uon
468 1310 715 1376 concessissent.

144 1411 194 1474 91.
219 1409 400 1488 Leunoius,
415 1409 518 1493 episc.
543 1407 588 1472 ad
603 1406 816 1494 Ruirouadum
838 1408 1059 1489 Famosum,
1082 1413 1168 1476 affir-

72 1515 133 1586 mat
163 1505 277 1570 Vitum
308 1517 342 1570 et
371 1506 585 1570 Vincentium
615 1503 825 1590 presbyteros
855 1503 990 1590 quidem
1012 1507 1083 1573 loco
1108 1509 1168 1574 Sil·

74 1605 155 1668 ratri
177 1603 290 1689 Papae
314 1604 511 1682 interfuisse,
535 1602 592 1667 sed
625 1623 691 1666 non
715 1603 918 1686 praesedisse
941 1604 1090 1671 Concilio
1113 1609 1168 1672 Ni-

72 1723 176 1782 caeno;
209 1701 350 1766 Hosium
387 1702 578 1785 episcopum
616 1698 864 1764 Cordubensem
898 1700 1045 1768 Concilio
1077 1727 1168 1789 prae-

72 1797 164 1878 fuisse,
189 1821 256 1862 non
279 1799 420 1862 Romani
449 1797 620 1862 Pontifieis
642 1795 713 1860 loco
747 1806 780 1860 et
802 1799 1006 1878 auctoritate,
1030 1802 1088 1864 sed
1110 1811 1169 1866 aut

73 1898 185 1960 nornine
210 1895 419 1960 Constantini
451 1895 673 1980 Imperatoris,
706 1903 764 1958 aut
792 1895 834 1958 ab
859 1896 929 1980 ipso
954 1895 1101 1964 Concilio
1124 1899 1166 1962 ad

74 1991 99 2054 id
111 1995 251 2058 odicium
266 1992 433 2060 selectum.
455 1992 599 2058 huuoii
615 2001 759 2058 mentem
774 2002 905 2058 secutus
915 2003 964 2058 est
974 1995 1167 2062 Febronius.

72 2090 124 2154 s'cd
136 2115 176 2156 ex
191 2092 368 2178 principiis
382 2091 552 2156 doctrinae
567 2087 749 2154 catholicae
758 2089 830 2174 jam
845 2090 1036 2175 responderi
1051 2101 1167 2177 potest,

72 2189 259 2272 seponendus
268 2210 340 2252 esse
350 2187 484 2253 fallaces
499 2187 719 2274 conjecturam
736 2207 811 2250 curn
826 2189 915 2252 enim
929 2187 972 2252 ad
982 2189 1168 2256 Romanum

74 2283 245 2350 Pontificem
261 2283 381 2368 solum,
401 2287 479 2372 quia
500 2285 600 2348 totius
620 2283 790 2350 Ecclesiae
807 2293 906 2368 caput
925 2294 987 2368 est,
1007 2287 1170 2371 pertineat

74 2384 202 2449 l'oncilie
218 2383 416 2472 praesidere,
439 2383 461 2446 ii
478 2383 541 2470 ipsi
563 2382 619 2468 qui
636 2381 776 2446 Romani
795 2381 964 2448 Pontificis
983 2387 1116 2450 nomine
1138 2396 1170 2450 et

74 2477 129 2544 locu
151 2480 296 2546 Concilio
321 2480 540 2545 interfuerunt
567 2479 723 2564 vicesque
747 2479 817 2564 ejus
841 2490 988 2562 egerunt,
1012 2481 1075 2546 hoe
1097 2485 1169 2568 ipso

75 2579 202 2642 t'oncilio
217 2577 422 2666 praesedisse
438 2586 631 2644 noscuntur.
653 2614 696 2624 -
721 2575 860 2640 Hosium
885 2597 951 2643 non
965 2579 1168 2662 praesedisse

75 2673 202 2742 Concilio
231 2678 366 2740 nomine
390 2673 597 2740 Constantini
620 2673 832 2758 Imperatoris
864 2673 918 2739 vel
942 2697 983 2738 ex
1007 2698 1045 2740 eo
1068 2687 1168 2762 patet,

74 2775 144 2856 quod
156 2773 391 2839 Constantinus
414 2775 484 2858 ipse
508 2773 569 2836 etsi
582 2794 737 2857 praesens
760 2781 854 2854 esset,
873 2771 930 2856 jus
953 2782 1064 2838 tamen
1078 2796 1169 2859 prac-

75 2869 184 2936 sidendi
216 2869 405 2936 nullatenus
435 2869 498 2934 sibi
529 2871 742 2954 arrogaverit.
788 2869 829 2934 Id
860 2891 902 2934 ex
924 2869 1081 2936 relatione
1104 2871 1169 2936 Eu·

75 2967 141 3032 sebii
155 2969 198 3057 (V
200 2972 246 3034 ita
264 2967 376 3034 Const.
400 2967 517 3032 LIII.
543 2989 570 3034 c.
598 2967 638 3030 10
662 2964 747 3053 sqq.)
772 2965 858 3030 clare
882 2966 1055 3052 colligitur,
1070 2977 1169 3054 etque

76 3063 236 3151 Imperator
260 3065 302 3130 ab
315 3064 460 3130 Eusebio
484 3087 504 3130 a
526 3069 596 3140 τοῖς
618 3069 673 3151 τῆς
696 3061 831 3128 συνόδου
854 3063 1025 3149 προέδροις
1048 3065 1168 3132 diserte

75 3161 278 3250 distinguitur.
325 3163 466 3227 Hosium
497 3183 562 3227 non
596 3162 798 3247 praesedisse
823 3183 865 3228 ex
887 3162 1092 3246 delegatione
1116 3164 1169 3228 vel

74 3258 211 3327 electione
236 3259 386 3342 Concilii,
412 3259 490 3324 inde
512 3261 683 3348 probatur,
708 3259 796 3348 quod
821 3257 1007 3324 Concilium
1031 3260 1065 3326 id
1082 3261 1169 3346 juris

76 3378 127 3422 oon
142 3357 285 3440 haberet,
302 3367 335 3422 et
348 3355 558 3422 Patriarchae
578 3357 751 3422 orientales
767 3365 866 3444 atque
889 3357 1168 3424 nobilissimarum

75 3455 266 3524 ecclesiarum
282 3455 464 3538 Praesnles,
488 3477 627 3542 quorum
650 3455 761 3540 plures
784 3475 905 3540 magna
929 3457 1029 3519 etiam
1054 3457 1169 3519 merita

76 3550 230 3640 habebant,
254 3554 298 3618 ad
331 3555 477 3618 officium
508 3553 718 3640 praesidendi
748 3571 814 3615 non
843 3551 1018 3636 elegissent
1047 3553 1169 3638 episeo-

77 3667 138 3732 pum
164 3673 284 3738 parvae
308 3652 453 3716 civitatis
476 3653 510 3715 in
533 3649 708 3737 Hispania.
754 3649 870 3734 Neque
894 3649 985 3712 favet
1008 3649 1168 3732 Launoio,

77 3747 148 3830 quod
168 3749 326 3832 Socrates,
358 3749 558 3814 Sozomenus
588 3759 621 3811 et
649 3745 876 3811 Theodoretus
906 3746 1062 3830 scribant,
1088 3747 1170 3810 duos

78 3853 195 3929 untum,
218 3847 334 3912 Vitam
357 3858 391 3911 et
413 3845 638 3926 Vincentium,
670 3867 690 3908 a
714 3844 871 3910 Silvestre
895 3843 987 3929 Papa
1009 3844 1168 3908 Nicaeam

79 3943 173 4007 missos
203 3945 319 4028 lnisse3
355 3953 388 4009 et
419 3943 508 4032 quod
540 3944 663 4008 Hosius
695 3965 762 4007 non
786 3941 1015 4026 subscripserit
1048 3951 1085 4004 ut
1108 3941 1168 4006 Ro·

79 4043 149 4104 uani
163 4042 330 4108 Pontificio
352 4041 488 4128 legatus,
505 4042 562 4105 sed
578 4050 615 4104 ut
629 4041 801 4128 episcopus
817 4037 1050 4122 Cordubensis,
1075 4061 1168 4103 secus

79 4155 108 4196 ac
127 4137 267 4206 fecerunt
280 4141 378 4206 Vitus
394 4151 427 4205 et
441 4141 651 4220 Vincentius,
672 4140 728 4223 qui
744 4137 1008 4222 subscripserunt
1030 4145 1067 4202 ut
1081 4159 1169 4222 pres·

79 4229 166 4316 hylari
188 4239 279 4304 urbis
300 4239 424 4304 Romae
447 4261 506 4324 pro
526 4237 685 4304 Silvestre
709 4237 810 4321 Papa.
833 4273 877 4286 -
899 4236 1010 4298 Primo
1034 4236 1169 4322 quidem
