2876 4814
462 488 649 546 Controversia
666 489 699 548 de
717 489 805 558 lapsis
1137 495 1190 548 286

95 643 121 696 ct
140 634 243 696 omnia
266 642 396 698 servato
420 631 534 696 ordine
557 634 682 700 fierent.
730 633 841 714 Quum
865 655 943 698 vero
968 635 1009 700 de
1033 636 1190 702 dilatione
1251 637 1255 650 '
1319 633 1326 642 '

95 728 325 814 expostularent
348 752 412 794 non
436 729 540 794 solum
570 729 664 816 lapsi,
689 731 746 794 sed
770 733 869 796 etiam
893 732 1041 796 nonnulli
1067 735 1190 800 confes·

95 849 179 904 sores,
206 830 263 913 qui
294 849 329 890 se
360 826 482 913 despici
514 826 768 910 contendebant,
793 829 825 894 S.
850 829 984 894 Praesul
1008 832 1190 914 provisoris

95 926 203 988 ratione
234 927 359 1003 statuit,
392 934 428 987 ut
461 925 482 987 ii
516 924 598 1009 lapsi
632 927 749 1010 quiin
778 927 924 1012 periculo
948 928 1061 991 mortis
1084 949 1190 994 verea-

95 1030 200 1102 rentnr,
225 1022 315 1086 facta
338 1021 558 1105 exomologesi
582 1022 624 1085 ad
642 1025 906 1087 communionem
930 1045 1113 1109 pacemque
1136 1024 1190 1090 sd-

96 1120 295 1200 mitterentur,
323 1129 525 1182 caeterorum
556 1140 634 1182 vero
665 1141 764 1184 causa
792 1119 835 1184 ad
865 1121 1028 1204 synodum
1052 1121 1191 1186 deferre-

95 1227 145 1279 tur.
187 1217 252 1282 Sed
276 1227 348 1280 tum
372 1215 466 1280 multi
480 1214 573 1302 lapsi,
588 1226 659 1280 tum
675 1216 785 1301 plures
800 1217 1001 1280 confessores
1025 1217 1059 1282 id
1083 1238 1192 1302 aeger·

95 1313 162 1376 time
191 1313 347 1394 tulerunt,
380 1335 419 1376 ac
445 1313 612 1378 Lucienus
645 1316 778 1378 nomine
808 1313 1007 1399 reliquorum
1032 1315 1192 1380 confesso·

94 1431 154 1472 rum
175 1410 299 1475 litteras
333 1412 421 1474 misit
453 1411 496 1474 od
520 1409 735 1496 Cyprianum,
770 1411 890 1496 quibus
915 1411 987 1496 jam
1010 1432 1076 1476 non
1100 1413 1191 1496 petit,

95 1505 141 1570 sed
162 1509 335 1592 significat,
358 1507 458 1594 lapsis
481 1531 501 1570 a
531 1507 731 1592 martyribus
760 1530 876 1593 pacem
900 1530 970 1572 esee
994 1531 1191 1575 concessam.

95 1601 171 1666 llaec
193 1603 332 1689 epistola
361 1605 407 1666 ita
436 1627 470 1667 se
501 1603 616 1668 babet:
644 1605 789 1670 Universi
817 1606 1008 1691 confessores
1035 1603 1193 1692 Cypriane

94 1723 181 1786 popae
203 1701 346 1766 solutam.
386 1699 486 1780 Scias,
510 1725 567 1764 nos
580 1703 744 1780 coiocrsis,
768 1703 805 1766 de
829 1702 940 1788 quibus
955 1703 1041 1788 opud
1065 1714 1092 1765 tc
1108 1705 1193 1767 ratio

94 1799 249 1862 casamo
277 1799 356 1884 quid
378 1809 455 1884 post
483 1799 675 1862 commissum
709 1801 837 1886 operiat,
861 1800 983 1863 dedisse
1006 1821 1135 1884 pacem;
1165 1811 1195 1864 st

95 1893 160 1958 loce
179 1895 321 1982 fmrrtam
345 1905 458 1982 perte
489 1907 519 1958 et
541 1895 618 1960 aliis
641 1898 795 1982 episcopio
818 1899 1006 1960 innotescere
1030 1895 1192 1960 voluimus.

99 1989 234 2076 Optamus
257 2003 286 2056 te
311 2015 380 2056 cum
402 1995 521 2056 sanctia
538 1993 729 2078 martyribus
745 2017 859 2080 pacem
881 1993 1002 2056 ltabcrc.
1029 1993 1193 2056 Praesente

96 2085 220 2153 declaro
243 2102 274 2154 ct
298 2091 456 2154 exorcista
479 2100 509 2152 ot
532 2089 652 2168 lectore,
678 2089 836 2154 astam
858 2091 993 2176 saepsit.
1002 2087 1026 2174 ¹)

169 2187 219 2252 28.
244 2185 434 2272 Cyprianus
456 2185 519 2249 hoc
543 2187 577 2248 in
596 2188 727 2272 negotio
743 2187 971 2251 auctoritatem
994 2206 1088 2250 suam
1112 2186 1194 2270 epis·

98 2281 225 2366 copulem
248 2283 429 2370 periclitari
455 2281 600 2363 videbat,
622 2283 770 2369 adeoque
786 2293 856 2346 tum
881 2283 966 2346 clero
991 2303 1049 2346 suo
1073 2281 1195 2368 pluries

97 2381 218 2463 scripsit,
242 2402 382 2445 monens
406 2389 442 2443 ut
465 2379 622 2443 mandata
646 2401 705 2444 sua
728 2378 990 2462 observarentur,
1015 2389 1086 2443 tum
1109 2377 1194 2443 clero

100 2473 228 2542 &muno
253 2476 533 2542 communicanda
547 2498 617 2540 esse
632 2479 760 2542 censuit
774 2499 859 2563 quae
882 2476 1088 2542 accidebant.
1113 2473 1195 2540 Oen·

100 2572 177 2638 sobet
191 2575 358 2656 videlicet,
383 2595 516 2638 causam
539 2572 707 2658 lapsorum
729 2572 827 2638 talem
852 2596 932 2652 esse,
957 2583 1080 2638 utnon
1097 2573 1196 2636 unius

100 2672 226 2758 episcopi
259 2673 426 2736 sententis
464 2691 515 2734 res
552 2669 681 2734 deliniri
715 2669 858 2735 deberet.
913 2670 964 2733 Ita
997 2670 1039 2733 ad
1072 2669 1195 2732 clerum

100 2787 179 2832 suum
210 2770 342 2834 scribit:
371 2765 494 2831 Caetesi
523 2789 596 2831 vero
628 2768 682 2852 qui
712 2766 800 2831 callo
824 2767 930 2831 libello
955 2791 976 2830 a
1008 2764 1197 2851 martyribus

100 2879 206 2952 accepto
228 2865 386 2931 invidiam
400 2866 542 2951 faciant,
567 2865 714 2949 quoniam
736 2886 801 2928 noo
818 2887 1003 2950 paucorum,
1026 2887 1082 2927 aec
1105 2861 1195 2926 ecclc·

100 2963 154 3024 sice
174 2965 265 3027 caius
290 2974 346 3026 aut
369 2963 463 3026 unios
479 2961 676 3047 provinciae,
701 2960 756 3024 scd
780 2962 875 3024 totius
897 2962 981 3026 orbis
1004 2961 1078 3024 laec
1100 2981 1197 3022 cocao

100 3069 145 3136 est,
166 3071 342 3147 aspectent
364 3059 402 3123 da
425 3059 557 3122 Domini
574 3058 768 3143 protectione
791 3057 950 3122 Ecclesiae
973 3057 1073 3143 posius
1091 3053 1196 3142 publi-

100 3177 155 3216 cem
171 3155 322 3241 pacem.¹)
372 3154 482 3242 Atque
509 3154 593 3218 baec
615 3163 796 3240 opportune
828 3163 990 3234 notamus,
1030 3173 1132 3237 quum
1155 3173 1197 3216 ex

100 3249 141 3314 his
157 3253 222 3336 jam
245 3263 405 3338 appareat
427 3251 508 3316 falso
523 3253 637 3332 asseri,
660 3249 863 3336 aCypriano
887 3273 953 3315 non
977 3251 1039 3313 nisi
1064 3268 1137 3312 cam
1153 3257 1197 3312 at·

100 3347 176 3412 tendi
198 3352 359 3414 unitatem
375 3347 554 3430 Ecclesiae,
580 3369 689 3434 quam,
714 3357 751 3412 ut
774 3347 911 3432 singulis
935 3349 969 3410 in
993 3344 1198 3410 dioecesibus

101 3444 257 3512 submissio
292 3445 352 3510 sub
386 3447 538 3532 episcopo
573 3456 605 3509 et
642 3444 817 3510 concordia
848 3447 881 3508 in
914 3443 999 3507 clero
1032 3465 1071 3506 ac
1102 3441 1198 3528 plebe

101 3539 255 3610 habeatur.
303 3543 391 3610 Satis
422 3545 521 3608 etiam
554 3552 690 3628 apparet
723 3563 765 3605 ex
795 3543 834 3606 iis
858 3563 942 3627 quae
964 3541 1043 3604 lecit
1066 3543 1100 3604 in
1124 3562 1198 3604 con-

101 3644 243 3706 troversia
265 3641 340 3722 hac,
364 3663 554 3726 supremum
569 3638 714 3703 tribunal
730 3639 838 3724 quoad
863 3637 1074 3723 disciplinam
1098 3636 1197 3702 ecele-

102 3737 249 3803 siasticam
283 3739 325 3803 ab
363 3740 432 3824 ipso
467 3739 501 3800 in
540 3737 679 3801 ecclesia
711 3735 860 3800 Romana
892 3734 1054 3800 collocari.
1111 3735 1198 3800 Hinc

102 3831 136 3896 ad
156 3835 275 3900 clerum
299 3857 394 3900 suum
419 3833 552 3898 scribit:
586 3832 650 3898 Sed
673 3845 702 3897 ct
724 3832 807 3896 illud
840 3833 883 3896 ad
910 3855 964 3896 eos
980 3833 1125 3920 perscore
1149 3833 1194 3897 lit·

103 3933 165 3994 ten'o
185 3935 260 3998 mdo
283 3933 386 4010 debui,
409 3943 535 4018 serpente
559 3954 656 3995 causa
679 3931 759 3994 clero
783 3932 818 3993 ia
840 3930 920 3995 Urbe
944 3931 1126 3994 consistenti
1148 3929 1195 3992 lit-

104 4037 173 4092 terna
192 4054 238 4094 mc
261 4027 423 4115 misisse.³l
446 4028 491 4093 Et
513 4028 556 4092 ad
572 4027 704 4091 Clerum
719 4025 904 4092 Romanum
928 4027 1029 4111 priori
1046 4025 1198 4110 epistola:

566 4231 588 4299 ¹)
607 4229 656 4298 llp.
679 4231 718 4282 la.
976 4231 999 4298 1)
1017 4229 1066 4299 Ep.
1085 4231 1127 4284 29.
