2806 4848
428 485 569 542 Vindiciee
588 485 697 542 hiberii.
1110 490 1145 548 81

133 631 201 696 lot.
224 629 290 694 Vix
312 651 432 715 operee
464 631 606 716 pretium
630 638 689 712 cst,
720 638 757 694 ut
780 651 1071 698 commemoremus
1094 657 1146 700 ec·
1181 655 1275 698 ninum

55 731 237 794 cusationem
260 729 411 814 superius
435 729 570 794 citatam
593 729 629 794 in
643 729 826 812 Liberium,
851 751 935 814 quae
959 733 1147 800 continetur
1188 729 1279 769 'm'

54 826 296 912 inProesctiocc
319 824 421 892 libelli
435 850 566 912 precam
588 827 739 891 Faustini
761 837 790 891 et
813 827 1004 896 Marcellini.
1036 830 1145 912 Quam

53 925 151 1010 inepta
171 926 236 990 sint
266 947 305 988 ea
338 945 423 1010 quae
446 923 570 988 ibidem
602 922 766 989 habentur
798 922 852 990 vel
875 947 916 992 ex
940 947 977 992 eo
1002 927 1144 1013 colliges,

52 1023 127 1106 quod
148 1021 299 1088 Liberius
316 1022 389 1108 jam
420 1021 531 1107 lapsus
563 1020 755 1108 perhibetur
786 1033 964 1110 autequam
988 1024 1146 1092 Constan-

52 1121 105 1184 tius
125 1119 259 1186 Romam
289 1120 443 1186 venisset.
491 1117 665 1184 Caeterum
697 1119 841 1186 asseclae
870 1121 1023 1188 iectionis
1046 1123 1146 1190 schie-

52 1220 175 1282 naticae
188 1217 475 1284 Luciferianorum
490 1218 671 1282 universim
694 1219 864 1306 episcopos
888 1218 1065 1288 catholicos
1088 1223 1146 1288 im·

50 1315 190 1400 petebant
212 1325 249 1380 ut
271 1316 512 1380 contaminatos
540 1317 772 1382 communione
795 1337 871 1382 cum
894 1315 1038 1401 Arianis,
1063 1322 1145 1386 veri·

50 1425 135 1478 tatem
158 1436 273 1500 parum
298 1411 468 1494 curabant,
501 1421 535 1476 et
557 1414 665 1498 ipsum
689 1435 819 1500 quoque
851 1415 884 1481 S.
908 1415 1073 1484 Hilarium
1096 1441 1145 1484 ar-

49 1523 150 1593 guunt,
172 1511 251 1578 dum
276 1511 316 1576 de
333 1512 465 1598 scriptis
478 1510 549 1595 ejus
564 1509 735 1596 loquentes
757 1512 903 1578 eddunt:
927 1515 1013 1580 Licet
1030 1527 1145 1602 postea

50 1631 106 1672 rere
135 1609 341 1696 intenuperit
360 1608 479 1694 ferm
506 1609 829 1694 praevaricatoribus,
861 1621 897 1676 ut
917 1605 982 1678 rien
1004 1614 1145 1680 dieamus

49 1707 158 1772 merim
180 1708 256 1793 quio
274 1706 360 1792 (ubi)
384 1716 414 1770 et
434 1707 608 1785 lacrumo,
631 1708 667 1770 in
689 1729 764 1793 paor
787 1707 980 1794 eloquentiae
1003 1736 1078 1778 suae
1100 1715 1143 1777 oi·

48 1805 119 1868 ribes
134 1802 384 1892 permoverer).
410 1802 586 1870 Caeterum
610 1805 689 1870 dum
712 1805 834 1871 dieitur
856 1806 898 1872 ab
923 1805 987 1872 illis
1001 1809 1145 1874 Liberius

48 1901 155 1968 conse
177 1925 289 1968 monce
306 1901 475 1989 perfidiae,
507 1924 566 1988 per
588 1924 623 1966 se
654 1903 803 1968 nondum
831 1904 1044 1990 significatur,
1069 1929 1143 1975 eum

49 1999 221 2066 adhaesisse
243 2000 418 2066 haereticis
442 1999 495 2066 vel
509 2000 671 2066 formulae
686 2001 927 2088 subscripsisse,
952 2003 1010 2068 sed
1032 2026 1144 2091 quam-

49 2119 173 2185 eunque
196 2099 232 2164 in
255 2097 476 2166 Semiarianos
509 2097 767 2167 moderationem
800 2101 971 2185 rigoristae
1002 2099 1050 2166 illi
1086 2102 1143 2168 tali

50 2197 128 2262 nodo
151 2195 340 2281 significare
364 2206 551 2281 potuerunt.

121 2295 194 2362 108.
219 2293 332 2359 Restat
354 2294 581 2380 Philistorqios
604 2296 743 2380 scriptor
765 2292 925 2378 Asianum
958 2297 1028 2382 ejus
1061 2319 1143 2384 opus
1172 2306 1291 2350 ¹³¹¹⁵¹⁰⁸2⁰r

49 2391 224 2458 historicum
247 2391 455 2478 deperditum
479 2403 537 2475 est,
561 2392 620 2458 sed
633 2394 775 2478 epitome
799 2415 910 2460 eorum
936 2417 1020 2480 quae
1043 2396 1143 2461 refert
1205 2369 1261 2421 ’ω’

48 2577 87 2630 ee)
102 2595 181 2645 quum
200 2577 288 2632 adhuc
304 2576 333 2632 in
352 2577 433 2632 exilio
451 2582 530 2642 esset,
549 2577 591 2633 uti
610 2577 718 2632 videtur
732 2577 978 2650 Constantinopoli,
998 2582 1042 2652 (cl.
1062 2583 1141 2638 Reiu-

49 2657 104 2715 ren
121 2657 208 2714 Hilar.
229 2673 254 2711 v.
268 2657 385 2712 Poitiers
403 2655 429 2712 S.
449 2659 521 2721 234).
542 2657 595 2710 Per
612 2673 640 2711 se
654 2657 713 2711 lieri
732 2657 872 2726 potuisset,
891 2667 923 2713 ut
943 2666 1008 2715 tuno
1020 2661 1143 2720 Hilarius

49 2737 129 2804 aliquid
147 2737 292 2794 tribuisset
319 2737 460 2791 calumniis
485 2737 647 2792 Arienorum
671 2738 704 2792 de
726 2735 829 2793 hiberii
857 2739 942 2808 lupen,
968 2757 999 2795 ac
1017 2743 1142 2812 deceptus

49 2819 134 2884 hicet,
153 2820 199 2874 val
218 2833 315 2886 anceps
333 2817 472 2874 haesisset.
510 2817 654 2872 censemus
671 2823 770 2883 tarnem
790 2820 848 2890 ejus
866 2820 949 2875 rerba
967 2837 1046 2878 sensu
1065 2839 1141 2890 quern

48 2897 143 2954 thirsus
161 2897 343 2967 ntetbgsuds
360 2912 427 2954 esse.
458 2925 485 2936 ·-
520 2899 558 2952 Do
581 2897 678 2954 Felicis
696 2898 856 2966 pontificatu
878 2901 1018 2958 admodum
1036 2904 1142 2960 divona

47 2979 277 3034 resuscitarem
298 2977 410 3046 judicia.
446 2978 605 3044 Tillemont,
630 2979 736 3034 Natalis
760 2979 924 3048 Alexander,
953 2981 1026 3048 Orsi,
1050 2984 1142 3040 Palma

47 3069 143 3126 curem,
164 3075 226 3114 eum
243 3059 317 3114 inter
335 3057 471 3126 legitimos
489 3058 634 3114 Pontifices
658 3059 760 3113 censeri
780 3075 832 3114 non
850 3076 934 3128 posse.
972 3063 1013 3116 Ab
1032 3065 1141 3120 Arianis

47 3141 102 3193 euin
118 3141 173 3196 fuit
191 3138 340 3204 ordinatus,
359 3138 449 3194 fideles
468 3139 581 3192 Romani
604 3139 662 3208 ejus
681 3139 890 3194 communionem
908 3141 1046 3210 fugerunt,
1065 3145 1139 3199 adeo·

48 3235 85 3284 que
100 3227 128 3274 ut
146 3219 251 3275 hiberii
269 3217 386 3272 vicarius
405 3217 496 3272 heberi
515 3219 617 3286 nequit.
654 3219 698 3274 SS.
718 3220 889 3288 Augustinus
908 3228 937 3276 et
955 3223 1072 3290 Optatus
1091 3225 1140 3278 Mi-

47 3299 161 3355 leritenus
181 3299 240 3353 ΒΚ
258 3298 417 3354 Pontificum
440 3299 537 3353 seriem
564 3305 733 3354 recensentes
759 3299 840 3368 hujus
859 3299 957 3356 Felicis
980 3303 1141 3359 mentionem

47 3378 101 3434 nse
125 3381 240 3436 iaciunt
271 3409 305 3422 -
335 3379 470 3434 Baronius
500 3385 598 3446 tamen
616 3379 804 3446 Bellarmiuus,
829 3381 955 3436 Sollerius
974 3383 1141 3438 Bollaudista

47 3461 127 3528 dique
144 3460 323 3523 arbitrantur,
342 3459 459 3516 Felicem
477 3459 607 3529 legitimis
634 3459 810 3514 Pontificibus
829 3461 1055 3518 adnumerandum
1074 3481 1140 3522 esse.

49 3537 118 3594 iuriis
141 3537 372 3610 suppositionibus
399 3555 455 3594 rem
478 3540 624 3609 explicant.
659 3539 711 3596 Sed
741 3542 863 3608 quamvis
881 3543 957 3598 Felix
984 3544 1141 3600 adoctrina

48 3619 177 3676 nutemus
195 3635 248 3674 non
266 3620 414 3685 recesserit,
442 3635 524 3689 aegre
542 3620 715 3690 intelligitur,
744 3619 871 3686 quomodo
892 3621 1030 3692 legitimus
1048 3623 1140 3679 Ponti-

48 3701 150 3756 teresse
168 3699 297 3769 potuerit.
335 3700 463 3754 Advertit
472 3701 530 3756 Bm.
543 3701 746 3769 Hergenrbther
760 3701 797 3769 (K
819 3701 851 3756 G.
871 3703 955 3771 ΠΜ)
985 3705 1053 3772 106),
1072 3703 1140 3758 hauc

48 3779 151 3838 ultimam
175 3781 342 3838 sententiam
366 3782 454 3850 magis
475 3781 629 3847 invaluisse,
657 3781 762 3847 quando
789 3782 875 3836 medio
902 3796 969 3836 aero
999 3782 1089 3849 opinio
1108 3784 1140 3838 de

49 3859 225 3928 leuttherii
244 3867 396 3930 propagata
414 3860 469 3916 nsit
514 3863 569 3916 Nec
587 3861 613 3916 ei
632 3861 709 3916 favet
727 3861 847 3928 multum,
868 3863 936 3930 quod
955 3879 978 3916 a.
1001 3863 1069 3916 1523
1088 3862 1139 3916 Ro·

48 3955 91 3994 cae
107 3959 200 4011 corpus
217 3943 359 3996 inventum
378 3941 462 3996 luerit
484 3947 513 3996 et
535 3942 674 4010 inscriptio
701 3941 785 4009 lapidi
812 3941 970 4010 sepulchrali
989 3941 1139 4008 insculpta:
1217 3989 1219 3994 .

50 4021 133 4090 torpes
146 4025 176 4080 S.
187 4022 291 4078 Felicio
308 4022 404 4090 Papae
422 4022 543 4076 etMurt.
563 4023 610 4092 qui
628 4022 813 4076 mudeusncoit
829 4021 1022 4076 Constetrtiem.
1044 4020 1140 4074 Potuit

49 4101 204 4158 reinuomen
215 4100 378 4168 antiquioris
396 4101 524 4170 martyris
543 4119 602 4158 cnm
620 4101 727 4156 nornine
744 4099 824 4168 hujm
837 4101 934 4156 Felicis
952 4098 1086 4155 conlundi.
1106 4101 1138 4156 V.

51 4177 231 4250 husonibus
248 4183 265 4238 l.
284 4200 323 4250 c;
345 4181 479 4246 Wonters,
497 4182 531 4236 H.
551 4199 574 4238 e.
593 4187 655 4238 tom.
677 4183 697 4236 Ι.
716 4197 742 4250 p.
762 4185 822 4236 214.

106 4267 122 4333 ¹)
139 4263 200 4318 Lib.
218 4278 327 4331 precum
346 4261 469 4316 Faustini
489 4267 517 4316 et
536 4263 701 4328 Marcelliui;
720 4261 761 4318 ed.
780 4262 856 4316 Sirm.
875 4278 900 4330 p.
922 4263 979 4314 141.

89 4373 209 4428 lupam,
226 4375 400 4416 Dtsssrtsttonsa
431 4373 489 4416 Tem.
505 4373 531 4416 ll.
1017 4353 1034 4404 6
