2936 4814
251 439 285 492 38
606 437 647 493 De
664 437 731 494 Sede
751 440 914 496 Romanas.
933 439 1018 495 Pstrt
1081 441 1090 472 ³

92 585 229 628 Mum·
341 577 392 644 15.
416 579 494 644 Jam
532 580 743 664 procedimus
781 584 825 648 ad
861 584 1089 670 probationem
1129 585 1372 650 accuratiorem

250 701 294 742 ex
316 679 515 742 testimoniis
539 680 755 763 antiquitatis.

88 770 239 812 mmm·
339 777 384 842 Ut
408 774 673 840 cavillationibus
702 780 781 845 inde
808 779 850 843 ab
883 780 978 842 initio
1011 800 1231 864 occurramus,
1266 793 1374 867 utque

248 875 451 961 probationis
492 874 543 937 vis
593 875 710 944 melius
755 877 1009 958 determinetur,
1051 877 1134 942 haec
1161 880 1375 944 animadver-

248 974 349 1038 tenda
373 974 576 1038 censuimus:
629 980 666 1042 10
688 979 763 1041 Non
800 984 849 1038 est
872 974 1108 1039 confundenda
1142 978 1292 1060 quaestio
1329 979 1373 1043 dc

248 1075 438 1158 episcopatu
478 1072 518 1142 B.
559 1077 649 1141 Petri
689 1076 838 1139 Romano
877 1095 981 1159 usque
1023 1073 1067 1137 ad
1108 1081 1256 1157 mortem,
1291 1099 1370 1142 cum

248 1173 437 1256 quaestione
475 1174 515 1238 de
553 1175 721 1238 duratione
762 1172 861 1258 hujus
897 1173 1114 1256 episcopatus.
1164 1171 1228 1236 Par
1261 1193 1373 1239 annos

247 1271 367 1352 viginti
400 1272 546 1358 quinque
560 1272 598 1336 B.
609 1271 743 1336 Petrum
758 1272 983 1355 episcopatum
1006 1269 1193 1334 Romanum
1216 1273 1369 1354 gessisse,

247 1365 360 1430 solidis
383 1370 587 1452 argumentis
611 1371 785 1451 evincitur,
801 1389 939 1453 eamque
961 1369 1158 1434 sententiam
1182 1369 1282 1432 etiam
1306 1389 1370 1434 nos

246 1486 503 1550 propugnamus.
551 1467 678 1548 Quodsi
711 1489 790 1531 vero
823 1466 925 1551 aliqui
950 1473 1100 1548 auctores
1123 1464 1277 1530 catholici
1302 1465 1370 1532 hac

246 1562 287 1626 de
325 1585 359 1626 re
392 1585 458 1628 non
492 1566 702 1648 concordant,
745 1567 806 1628 ista
839 1563 999 1628 dissensio
1032 1562 1220 1627 nullatenus
1251 1565 1368 1630 afferri
1457 1625 1458 1628 ,

244 1670 360 1744 potest,
394 1671 430 1724 ut
462 1663 625 1728 incertum
655 1654 815 1728 reddatur
851 1662 960 1746 ipsum
984 1661 1112 1747 factam
1144 1661 1367 1746 episcopatus.
1457 1681 1458 1722 ς

245 1757 341 1822 Certe
356 1757 397 1822 de
411 1759 474 1823 hoc
497 1762 583 1825 facto
609 1771 658 1826 est
671 1780 849 1824 consensus
864 1759 1040 1840 unanimis,
1066 1759 1160 1844 isque
1175 1759 1368 1826 nullatenus
1457 1759 1458 1772 ¹

244 1855 403 1938 turbatur,
428 1860 454 1920 si
479 1859 520 1922 de
544 1860 717 1924 duratione
741 1859 871 1922 variant
894 1857 1075 1941 opiniones.
1122 1856 1239 1942 Inepte
1262 1860 1371 1943 igitur

243 1953 367 2040 aliquot
398 1965 548 2021 auctores
580 1966 806 2043 protestantes,
847 1963 884 2018 ut
921 1956 1147 2040 quaestionem
1179 1955 1366 2038 turbarent,

243 2073 359 2134 urgere
392 2055 455 2117 nisi
489 2065 566 2118 sunt
599 2055 783 2119 dissensum
816 2052 857 2116 de
881 2052 1054 2116 duratione
1077 2053 1294 2138 episcopatus.
1320 2093 1367 2104 -—
1457 2099 1458 2104 κ

210 2145 214 2154 '
242 2151 281 2212 2⁰
302 2150 356 2214 Ex
380 2152 420 2214 iis
443 2173 527 2237 quae
551 2155 702 2238 superius
725 2152 939 2216 disseruimus
958 2150 1169 2216 manifestum
1193 2160 1251 2232 est,
1277 2175 1366 2218 com·
1457 2217 1458 2222 ,

242 2249 456 2313 morationem
490 2250 578 2314 Petri
611 2251 795 2314 Romanam
835 2250 882 2312 ita
914 2249 957 2312 ab
991 2250 1148 2312 universa
1180 2249 1366 2316 christiana
1457 2293 1458 2296 =

241 2346 395 2410 societate
418 2358 589 2432 acceptam
618 2350 728 2431 fuisse,
760 2349 806 2412 ita
836 2347 1045 2428 affirmatam⁷
1077 2357 1175 2432 atque
1199 2350 1245 2412 ita
1269 2373 1364 2414 exer-

241 2445 346 2507 cuisse
369 2445 499 2530 pondus
523 2469 619 2510 suum
643 2448 760 2530 ingens
783 2445 1014 2530 influxumque
1043 2446 1078 2507 in
1102 2446 1205 2509 vitam
1227 2453 1263 2511 'et
1286 2469 1364 2512 evo·
1457 2513 1458 2518 ,

238 2541 397 2605 lutionem
438 2543 701 2626 christianitatis,
740 2553 902 2630 quatenus
940 2553 1118 2628 propterea
1158 2543 1364 2611 haberentur

240 2641 311 2702 HR.
337 2639 503 2724 Poalaflces
526 2665 715 2708 successores
746 2642 784 2706 B.
811 2642 906 2705 Petri.
951 2640 1010 2704 Ad
1036 2640 1100 2704 hoc
1122 2651 1234 2706 autem
1257 2648 1364 2710 mani·
1457 2675 1458 2718 g

239 2737 319 2799 feste
352 2759 419 2802 non
451 2741 573 2803 suflicit
605 2740 846 2827 qualecumque
879 2740 942 2802 iter
974 2739 1161 2804 Romanum
1193 2741 1232 2805 B.
1256 2742 1360 2826 Petri,
1457 2787 1458 2822 2

239 2857 299 2899 nec
332 2834 580 2925 qualiscumque
621 2839 833 2902 commoratio
873 2846 932 2900 aut
962 2838 1159 2920 martyrium
1192 2838 1362 2925 Principis
1457 2831 1458 2836 ἵ

238 2931 469 3018 Apostolorum
507 2937 684 3021 separatim
726 2945 887 3020 spectata3
926 2934 984 2998 sed
1021 2935 1199 3020 requiritur
1236 2938 1362 3022 episco·
1457 2939 1458 2964 l

237 3042 333 3115 patus
357 3055 460 3118 usque
484 3035 527 3098 ad
558 3044 705 3099 mortem.
753 3033 808 3099 Sic
838 3034 940 3116 igitur
962 3053 1026 3118 pro
1050 3033 1240 3098 indelessa
1264 3047 1361 3122 amase

236 3141 355 3193 actoru
377 3129 440 3194 hoc
463 3130 588 3196 factum
611 3135 647 3196 in
677 3132 846 3216 agnitione
877 3139 908 3193 et
938 3131 1168 3196 testificatione
1191 3134 1361 3198 societatis

237 3226 436 3292 christianae
461 3231 657 3294 continetur.
690 3229 901 3314 Quapropter
923 3227 1003 3292 dum
1026 3249 1085 3314 per
1108 3230 1203 3292 varia
1226 3231 1362 3294 saecula

236 3327 403 3389 variorum
427 3328 616 3392 testimonia
647 3325 907 3408 considerantur,
935 3328 1076 3412 ineptam
1098 3337 1145 3392 est
1168 3328 1360 3392 testimonia

235 3423 280 3486 ita
304 3426 476 3510 separatim
501 3435 659 3510 spectare,
689 3449 729 3490 ac
753 3426 780 3490 si
804 3424 860 3488 alii
894 3424 1029 3509 quidem
1052 3433 1250 3490 testarentur
1274 3428 1362 3510 epis-

235 3531 388 3606 copatum
402 3523 509 3605 Petri,
525 3523 582 3587 alii
598 3533 727 3589 tantum
743 3525 805 3586 itcr
819 3524 923 3608 ipsius
938 3523 1136 3604 Romanum,
1151 3523 1208 3586 alii
1223 3533 1355 3588 tantum

234 3619 304 3704 ejus
319 3622 525 3704 martyrium,
550 3643 589 3686 ac
613 3623 640 3685 si
658 3643 743 3708 quae
761 3622 987 3706 episcopatum
1004 3630 1154 3706 spectant
1178 3623 1240 3706 ipsi
1266 3623 1359 3705 igno·
1457 3705 1458 3718 χ

234 3719 740 3800 rassent.Exnaturafacti,etex
751 3718 1363 3804 modo,quosccietaschristianaillud·
1457 3727 1458 3804 ᾗ

233 3837 361 3900 semper
374 3815 492 3880 habuit
505 3827 540 3880 ut
553 3818 806 3882 fundamentum
820 3818 957 3880 maximi
971 3819 1129 3880 momenti
1144 3837 1222 3880 suae
1237 3819 1358 3882 consti·

231 3913 1359 4003 tutionisetvitae,patet,iraplicitesingulatestimoniatotumfactum
1457 3917 1458 3956 ³

232 4009 399 4092 exhibere,
411 4021 443 4075 et
459 4015 515 4100 qui
527 4016 698 4077 occasione
715 4013 792 4076 data
808 4012 1001 4097 simpliciter
1017 4013 1057 4077 de
1071 4014 1190 4076 itinere
1199 4012 1290 4078 Petri
1302 4011 1358 4077 vel

232 4108 273 4172 de
295 4110 365 4194 ejus
390 4112 547 4196 martyrio
571 4111 761 4198 loquuntur,
777 4120 889 4174 tamen
903 4112 937 4174 ia
953 4121 1093 4174 concreto
1116 4110 1206 4196 loqui
1231 4109 1273 4174 dc
1297 4109 1355 4174 illo

231 4207 348 4270 itinere
372 4229 476 4293 eoque
491 4211 648 4292 martyrio
664 4207 752 4294 quod
768 4229 843 4272 cum
868 4209 1058 4294 episcopatu
1073 4209 1162 4272 Petri
1188 4207 1357 4292 cohaeret,
