2806 4848
258 487 292 539 78
510 483 550 537 De
570 482 715 538 Arianismi
734 484 800 539 fetis
819 495 850 538 ao
868 483 901 538 de
919 485 996 552 lapsu
1015 482 1123 540 Liberti.

257 629 418 695 habemus
443 636 480 690 nt
502 626 685 692 calumnias
708 628 994 693 Luciferianorum
1025 639 1057 692 et
1079 628 1348 696 schismaticorum.

258 730 313 816 qui
338 728 484 792 Damaso
508 727 608 789 etiam
632 727 829 792 adulterium
853 728 1011 811 attingere
1034 727 1269 814 studeat-uno).
1294 729 1349 791 Nee

258 825 428 912 probabile
462 835 521 902 est,
545 822 578 888 S.
602 825 844 910 Hieronymum
877 825 954 888 talia
988 828 1058 888 sive
1082 825 1123 889 de
1146 825 1275 890 Liberio
1295 829 1349 888 sire

259 925 299 990 de
323 925 469 988 Damaso
495 921 683 1004 credidisse,
707 945 830 1010 suoque
860 924 1035 986 inseruisse
1060 921 1233 1006 Chronico,
1256 947 1289 988 eo
1310 922 1350 986 rel
1376 915 1377 948 l

258 1024 373 1108 magis,
407 1019 495 1106 quod
530 1018 585 1083 illo
618 1029 764 1106 tempore
789 1019 882 1108 (380)
910 1021 981 1106 jain
1015 1023 1197 1106 scripsisset
1229 1021 1349 1085 celebres

259 1145 335 1186 suas
358 1120 400 1184 ad
425 1119 609 1182 Damasum
640 1118 680 1180 de
712 1117 958 1204 quaestionibus
989 1118 1065 1182 fidei
1089 1118 1224 1202 litteras,
1247 1122 1279 1184 in
1299 1121 1348 1204 qui·
1377 1138 1378 1170 l

259 1219 321 1284 bus
344 1219 567 1281 Romanorum
590 1215 789 1280 Pontificum
822 1218 1051 1280 auctoritatem
1083 1217 1248 1304 fidemque
1270 1219 1349 1282 invio
1377 1265 1378 1298 3

259 1317 359 1382 latam
384 1317 465 1379 mire
489 1313 615 1396 evehit,
641 1323 673 1377 et
695 1337 716 1377 a
745 1315 890 1378 Damaso
914 1314 1147 1378 difficultatum
1180 1317 1349 1380 solutionem
1377 1361 1378 1372 i

260 1413 412 1502 postulat.
458 1413 558 1475 Brevi
583 1423 657 1497 post
679 1412 825 1476 Damaso
849 1413 965 1476 intima
984 1413 1121 1498 junctus
1144 1425 1195 1477 ost
1218 1415 1352 1478 amicitia.

260 1549 302 1561 -·
327 1511 502 1576 Caeterum
526 1511 598 1594 ipsa
622 1509 723 1574 dictio
747 1512 781 1574 in
806 1508 969 1574 Chronico
988 1520 1066 1596 post
1089 1535 1207 1576 aonam
1229 1535 1291 1575 erim
1310 1511 1353 1574 u·

261 1609 318 1674 lice
332 1609 421 1698 ejecti
443 1617 525 1684 suat,
549 1605 646 1670 valde
671 1608 806 1672 confusa
830 1617 887 1673 est.
912 1607 1024 1672 Facile
1048 1609 1118 1672 fieri
1142 1611 1257 1694 potuit,
1272 1631 1353 1694 quum

261 1718 371 1794 postea
409 1702 533 1767 libellos
564 1727 695 1790 precam
731 1729 805 1769 curn
843 1706 1051 1770 praefatione
1093 1707 1297 1790 vulgaretur,
1329 1709 1379 1768 ut

262 1807 318 1871 ille
342 1804 505 1870 Chronico
530 1801 562 1866 S.
587 1802 782 1888 Hieronymi
808 1803 1049 1890 adderentur¹).
1095 1803 1210 1868 Restat
1232 1803 1356 1868 animad-

260 1913 398 1984 vertere,
423 1903 458 1964 in
481 1901 709 1985 antiquissimo
741 1901 855 1966 codice
886 1903 1049 1966 Vaticano
1075 1901 1234 1966 Chronici
1262 1901 1356 1964 Hiero-

261 2003 365 2087 nymi,
390 1998 446 2064 illa
470 1997 510 2062 de
533 1996 627 2082 lapsu
652 1999 777 2064 Liberii
811 2021 877 2065 non
910 1999 1094 2088 inveniril),
1128 2009 1163 2064 et
1198 2001 1230 2064 in
1263 1999 1357 2062 codiee

262 2100 405 2166 Lucensi
428 2097 536 2160 locum
561 2118 715 2160 mancum
739 2121 819 2180 esse,
835 2097 988 2162 lacunam
1012 2121 1090 2162 vcro
1113 2097 1262 2162 relictam
1285 2093 1380 2170 haud}

263 2199 413 2264 sufficere
446 2193 489 2258 ad
521 2190 576 2256 illa
600 2194 702 2259 verba
725 2196 925 2280 recipienda,
960 2219 1043 2282 quae
1067 2198 1101 2259 in
1123 2195 1269 2260 editione
1290 2215 1357 2258 com-

264 2298 356 2361 muni
380 2291 489 2380 quoad
511 2295 828 2376 praevaricationem
852 2293 978 2358 Liberii
1003 2293 1202 2382 dicunturt).

102 2437 182 2478 reeta
198 2447 245 2476 sun·
354 2413 426 2476 105.
450 2411 500 2474 Ea
524 2433 608 2499 quae
640 2409 795 2474 dicuntur
824 2411 872 2474 De
903 2411 980 2472 viris
1011 2407 1189 2473 illustribus
1214 2412 1248 2473 in
1270 2407 1357 2488 elogio

110 2497 237 2608 {fflffl
263 2511 503 2592 Fortunatiani,
528 2511 649 2596 pariter
672 2506 768 2571 valde
793 2517 943 2592 suspecta
972 2518 1056 2572 sunt.
1092 2506 1126 2571 Si
1152 2507 1256 2572 verba
1278 2525 1381 2569 sensu*

264 2611 362 2675 obvio
396 2617 585 2672 sumuntur:
618 2607 869 2670 Fortunatiaaus
902 2605 1060 2670 Liberium
1087 2605 1131 2668 ud
1156 2603 1284 2668 erilium
1299 2625 1356 2688 prr·

263 2719 381 2794 peotem
406 2709 532 2794 primus
565 2703 747 2770 sollicitavit
778 2727 815 2766 oc
835 2701 949 2789 frepit,
981 2703 1153 2768 manifesto
1186 2715 1262 2768 sunt
1284 2700 1358 2764 salsi.

339 3005 360 3072 ¹)
379 3002 407 3056 Si
426 2999 545 3055 conferas
564 2999 628 3054 haec
647 3013 706 3054 oum
724 2995 765 3062 ib,
785 3015 852 3065 quae
870 2995 953 3053 habet
971 2997 1003 3052 de
1022 2996 1189 3067 proiectione
1200 2995 1298 3052 Liberti
1311 2995 1357 3046 lu·

264 3085 370 3140 misum
389 3083 575 3146 Marcellinus,
594 3079 673 3134 iaeile
691 3079 793 3133 ridebis
812 3079 931 3148 ineptam
950 3094 1007 3134 esse
1025 3079 1210 3132 narrationem
1230 3071 1360 3132 Praelatio

265 3167 307 3220 nis
326 3163 418 3218 libelli.

338 3247 357 3306 ¹)
376 3245 408 3298 In
427 3243 557 3298 Chronico
575 3241 598 3294 S.
611 3240 733 3310 Prosperi
748 3239 876 3308 Aquitani
897 3241 932 3308 (a.
951 3239 1014 3309 455)
1034 3239 1209 3294 adConsules
1222 3235 1358 3301 Philippum

266 3332 295 3381 et
313 3325 419 3390 Saliam,
439 3322 484 3390 qui
502 3327 566 3376 sunt
585 3321 649 3375 anni
669 3325 728 3384 348,
742 3321 857 3390 legitur:
887 3323 1027 3375 Bormam
1037 3315 1290 3374 EcclesmeXXXI
1300 3314 1317 3364 Ι·
1330 3328 1360 3359 or·

266 3407 381 3460 dicutur
400 3403 532 3468 Liberius,
553 3419 605 3470 quo
630 3403 660 3454 in
679 3403 788 3454 erilium
807 3416 878 3454 norw
904 3399 1139 3467 episcopatuum
1158 3413 1234 3450 aurio
1252 3395 1281 3446 ob
1297 3391 1358 3456 titre

266 3492 448 3550 treceaomnes
465 3483 555 3536 elerici
568 3481 742 3548 jurarem-nt,
763 3479 834 3549 qaod
852 3479 957 3532 nuttam
974 3477 1058 3530 alitem
1078 3477 1255 3543 streperent.
1283 3471 1359 3554 llll*

266 3583 325 3621 caat
344 3565 427 3619 Felix
445 3563 479 3616 ab
497 3562 613 3616 Arianis
629 3561 726 3628 sabaei
744 3561 774 3612 in
792 3558 940 3614 uocemue
965 3557 1136 3620 substitutas,
1152 3553 1271 3622 plurimi
1283 3563 1359 3619 peut·

266 3649 404 3710 raserunt,
424 3646 527 3710 etpost
550 3657 652 3694 unitum
683 3656 786 3692 reuerso
810 3639 841 3692 ia
865 3637 959 3692 Urbem
978 3637 1094 3697 Libero,
1114 3651 1172 3689 catu
1194 3633 1283 3688 seue
1299 3626 1358 3694 titel

266 3731 338 3779 sunt.
370 3754 402 3763 -
431 3721 512 3776 Forte
527 3721 584 3790 jam
603 3719 718 3788 Prosper
746 3717 937 3786 interpolatum
961 3715 1058 3770 habuit
1076 3713 1101 3769 S.
1120 3711 1278 3782 Hieronymi
1296 3707 1359 3762 Clur

266 3804 359 3872 nisan,
378 3809 498 3856 attamen
517 3802 578 3855 dum
598 3799 721 3868 assignat
740 3798 849 3853 exilium
869 3815 937 3850 norro
956 3797 1123 3865 episcopatus
1142 3811 1222 3854 auno,
1241 3800 1308 3846 oerte
1320 3803 1360 3840 nou

267 3886 388 3952 sequitur
407 3883 430 3936 S.
451 3883 654 3948 Hieronymum,
682 3879 727 3946 qui
755 3880 836 3933 talem
861 3893 976 3932 errorem
1002 3893 1055 3930 nou
1074 3875 1256 3930 commisisset
1302 3865 1360 3955 Nihil

267 3967 349 4020 habet
366 3965 398 4018 de
417 3961 519 4017 hiberii
537 3963 621 4030 lapsu,
641 3975 718 4026 quem
749 3959 770 4012 .i
799 3959 947 4012 invenisset
974 3957 1003 4010 in
1022 3973 1070 4010 suo
1089 3955 1235 4022 exemplari
1254 3947 1360 4033 (bmnio

267 4044 423 4113 Hieronymi
442 4042 512 4096 haud
538 4041 675 4094 tacuisset.
712 4038 763 4092 Sed
789 4037 859 4092 sorte
887 4037 970 4092 etiam
998 4037 1047 4090 boe
1075 4035 1223 4090 Chronioon
1255 4031 1360 4094 Prosorss

267 4131 361 4195 postea
379 4123 570 4190 interpolatum
588 4125 637 4175 est.

342 4205 364 4275 ⁸)
382 4203 515 4266 zaccaria,
534 4199 725 4256 Dissertationi
744 4199 771 4254 di
790 4198 880 4253 Storia
898 4197 987 4252 eccles.
1007 4195 1093 4250 Roma
1113 4195 1197 4260 18403
1216 4193 1252 4249 11.
1271 4193 1324 4244 alt.
1348 4266 1352 4276 .

342 4285 362 4360 ⁴)
381 4285 450 4338 Vide
468 4284 558 4337 Natal.
578 4283 653 4336 Alex.
673 4282 705 4334 In
724 4296 790 4334 seeo.
810 4279 856 4332 IV.
876 4277 944 4332 Dias.
965 4277 1079 4332 XXXII.
1099 4293 1123 4330 a
1144 4279 1166 4331 1.
1187 4273 1257 4328 Nota
1271 4267 1359 4325 llansb.
