2806 4848
444 416 574 472 Doctrina
591 416 723 486 origenis.
1111 419 1162 474 167

48 583 101 644 asse
126 562 292 626 convertit.
340 562 427 626 Dicit
458 583 547 648 erpo:
576 561 701 638 „Amici
722 562 783 626 mei
811 571 841 624 et
858 564 1002 647 pssimi
1023 564 1083 626 mci
1106 565 1160 628 ad-

49 681 171 722 rersam
206 682 253 722 me
285 660 616 746 appropinquaverunt
643 670 672 724 et
696 665 877 724 steterunt.“
921 659 1064 746 Intellipe
1087 663 1163 724 milei

39 753 172 836 fidelem
207 757 331 842 qssidem
361 757 529 837 laninam,
563 757 617 820 sed
647 767 750 822 tamea
780 755 950 840 infirmum,
983 759 1037 842 qui
1067 760 1161 822 etiam

47 854 131 916 cinei
156 853 198 916 ab
223 853 329 940 aliquo
347 865 477 940 peccato
486 856 603 941 potuit,
624 865 653 918 et
670 863 802 940 propter
823 853 877 918 leco
899 855 1082 940 mapieatem
1098 880 1161 942 pro

47 950 176 1016 delictis
200 954 276 1030 sais,
300 964 330 1016 ct
352 954 436 1016 omni
457 953 546 1016 modo
579 975 685 1016 curam
706 950 844 1016 manac
867 952 917 1014 sai
939 954 1161 1038 sanitatemque

47 1049 274 1134 requirentem,
307 1049 378 1114 licet
403 1060 595 1136 praeuentus
626 1050 667 1114 sit
690 1060 719 1113 et
742 1046 865 1134 lapsam,
888 1049 1038 1114 volentem
1061 1061 1162 1114 tamea

47 1145 205 1210 maetam
229 1157 259 1210 et
282 1147 413 1212 salutem
434 1171 595 1234 reparare.
644 1145 681 1211 Si
703 1169 773 1233 erqo
796 1146 973 1236 hujusmodi
994 1147 1079 1210 homo
1102 1171 1160 1212 me·

48 1267 112 1306 ηιω·
137 1243 252 1308 delicti
274 1247 324 1310 sui
346 1245 528 1330 confiteatur
550 1269 628 1331 quac
660 1243 820 1322 commisit,
845 1254 874 1307 et
895 1243 1033 1308 hamana
1055 1245 1160 1332 coufes-

47 1344 133 1406 sicsic
151 1343 375 1432 pampendat
397 1365 449 1408 cos
471 1343 525 1428 qai
540 1341 733 1429 eapromm
755 1363 823 1406 eum
845 1342 1035 1425 confitentem
1058 1354 1087 1406 et
1109 1365 1161 1406 no·

49 1451 116 1504 tant
141 1439 194 1504 vel
219 1440 372 1504 irrideat:
396 1440 450 1504 ille
475 1451 576 1506 autem
603 1438 780 1526 intelliqeas
797 1463 859 1525 per
880 1440 935 1502 lsoc
957 1439 1078 1504 veniam
1102 1441 1163 1503 sibi
1258 1451 1265 1470 ·

49 1539 132 1616 dari,
159 1548 192 1601 et
216 1539 252 1602 ia
270 1538 321 1602 die
335 1539 570 1604 reaauectionis
577 1560 641 1624 pro
655 1538 702 1600 isis
723 1535 832 1622 quibas
854 1535 936 1600 nanc
959 1537 1163 1622 confarsditar

49 1659 155 1698 ror-am
176 1635 363 1716 homiuibus,
396 1647 469 1700 tuac
492 1646 563 1700 ante
596 1632 723 1722 ampelos
744 1633 809 1696 Dei
837 1635 1048 1720 confasionem
1071 1645 1161 1720 atque

49 1733 228 1819 mprobe-ia
259 1755 430 1812 weseram,
462 1743 497 1797 ut
527 1732 608 1797 nolit
640 1743 739 1818 tepere
771 1741 800 1794 et
832 1732 983 1796 occultare
1006 1733 1159 1798 maculam

49 1855 148 1910 mam,
174 1830 234 1894 sed
249 1831 438 1916 pronunciet
453 1829 598 1896 delictum
611 1853 708 1908 saum,
724 1852 780 1892 aec
794 1827 867 1892 velit
884 1852 947 1892 esse
970 1829 1162 1915 sepulchrum

50 1929 251 2004 ἅιαῑὺαωιηι,
274 1927 356 2014 qaod
378 1926 499 2014 deforis
521 1927 644 2014 quidem
676 1936 832 2012 appareat
853 1927 1024 1992 hominibus
1047 1930 1159 2014 specio-

50 2051 125 2105 sam,
159 2027 196 2090 id
230 2036 289 2104 est,
320 2035 355 2090 at
385 2025 561 2090 mdcndbm
592 2026 738 2111 aequasi
758 2028 865 2113 justus
888 2035 1052 2110 appareat,
1076 2029 1161 2090 intus

52 2136 156 2188 autem
189 2124 234 2188 sit
264 2123 401 2210 repletas
433 2124 516 2188 omni
544 2123 742 2186 immmsditia
769 2131 798 2186 et
821 2121 941 2186 ossibus
962 2133 1158 2188 mortuoram.

52 2220 86 2286 Si
108 2245 184 2308 erqo
215 2224 257 2286 sit
284 2221 399 2306 aliquis
425 2222 473 2286 ita
496 2220 613 2305 fidelis,
645 2231 680 2284 ut
707 2221 735 2284 si
764 2219 840 2306 quid
871 2222 1009 2284 conscius
1037 2222 1078 2286 sit
1100 2223 1162 2288 sibi

51 2319 205 2404 procedat
228 2320 263 2382 ia
281 2319 424 2397 acediam,
448 2320 566 2404 etipse
589 2320 640 2382 sai
662 2328 824 2382 aecusator
846 2319 982 2382 existat:
1004 2319 1037 2382 lsi
1060 2329 1161 2382 autem

52 2419 103 2502 aui
117 2417 359 2503 fiatur-sammai
381 2417 539 2506 judiciumve
559 2438 623 2480 noa
654 2426 792 2480 metuant
814 2416 887 2478 leaeo
909 2415 1072 2480 audientes
1093 2439 1160 2480 cam

51 2513 286 2598 infirmatibus
307 2513 430 2600 quidem
452 2536 516 2578 non
547 2514 752 2598 infirmentur,
784 2536 850 2578 eum
873 2510 1161 2578 scandalizantibus

51 2635 110 2676 uon
134 2622 285 2694 urantur,
309 2636 377 2676 cam
399 2611 500 2699 lapsis
521 2635 585 2676 aon
601 2617 743 2702 Jaceant,
767 2610 821 2675 sed
844 2611 967 2674 dicant:
1007 2611 1109 2697 Loaqe
1134 2623 1161 2676 te

45 2709 101 2792 fac
134 2733 157 2772 a
189 2732 238 2772 mc
265 2731 361 2794 aeque
385 2709 516 2774 accedas
539 2709 583 2774 ad
604 2731 661 2788 use,
686 2709 832 2794 quoniam
854 2707 987 2772 mandas
1010 2731 1095 2772 sum:
1133 2720 1163 2773 et

52 2805 207 2870 deteswi
230 2807 387 2892 incipiant
409 2829 476 2872 eam
499 2831 586 2893 quem
600 2818 673 2872 ante
697 2806 946 2886 admirabantur,
971 2817 1000 2870 et
1023 2805 1061 2868 ab
1085 2810 1160 2872 ami·

52 2905 134 2970 titiis
158 2903 309 2968 recedam
331 2909 398 2994 ejas
420 2905 474 2989 qui
487 2893 633 2970 delictum
649 2927 736 2970 suam
758 2903 860 2968 uoluit
882 2903 1045 2982 occultare,
1070 2927 1161 2991 super·

51 3001 96 3064 la's
118 3023 194 3087 erqo
219 3013 435 3087 emueoamstcr
466 3003 554 3082 dicit,
577 3004 631 3089 qai
662 3001 895 3088 eaomoloqesim
919 3002 954 3065 id
977 3013 1022 3066 est
1044 3003 1161 3088 coufes-

53 3101 171 3164 sianem
186 3099 289 3185 facit:
312 3099 416 3166 Amici
436 3101 497 3164 mei
519 3102 702 3188 etproaimi
717 3100 777 3164 mei
795 3099 957 3164 adeersum
979 3123 1025 3164 mc
1048 3123 1161 3188 appro-

48 3200 286 3283 pinquaverrmt
307 3208 337 3262 et
359 3208 518 3276 stetemmt,
542 3209 571 3263 et
596 3199 739 3284 praaeimi
769 3197 830 3262 mei
851 3196 979 3283 dcloaqe
1002 3205 1159 3260 statement.

53 3293 116 3358 &a
137 3295 215 3358 haee
237 3317 302 3360 aaa
324 3305 444 3382 oportet
458 3295 639 3383 formidare
671 3319 738 3359 cum
765 3296 818 3382 qai
836 3305 910 3380 post
932 3293 1077 3358 delictam
1100 3295 1160 3360 sal·

53 3393 122 3455 tari
144 3393 245 3479 cupit,
267 3415 363 3480 aeque
385 3403 492 3458 notam
514 3415 619 3458 eorum
634 3394 860 3479 pertimescere,
884 3392 938 3477 qui
960 3414 1017 3454 saa
1040 3391 1163 3478 quidem

50 3501 184 3574 peccata
205 3513 272 3554 aaa
300 3490 449 3576 cogitant,
482 3512 537 3556 acc
567 3513 714 3556 ammaus
736 3501 808 3554 sunt
831 3487 1012 3575 Scripturas
1036 3489 1162 3554 distinae

54 3587 203 3652 dicentis:
228 3586 309 3652 Noli
331 3589 543 3676 asproperare
571 3589 688 3652 homini
719 3589 908 3652 convertenti
929 3609 961 3650 se
984 3611 1004 3649 a
1022 3596 1162 3672 peecata,

54 3685 109 3748 scd
129 3707 248 3756 memor
270 3695 345 3764 esto,
368 3687 514 3772 quoniam
537 3707 640 3750 omnes
662 3709 766 3750 sumus
788 3687 823 3748 in
845 3681 1032 3771 mlpsis¹).“'

140 3783 196 3848 41.
221 3781 432 3854 Manifestum
456 3785 642 3869 igiturest,
675 3782 756 3848 falso
780 3783 898 3863 asseri,
924 3780 1162 3844 confessionem

56 3891 256 3944 secretorum
279 3891 487 3966 peecatorum
512 3879 565 3944 vel
585 3881 821 3946 consessionem
844 3881 1007 3966 privatam
1030 3879 1161 3944 nonnisi

57 3979 227 4062 posteriori
249 3986 395 4064 tempore
419 3980 453 4042 in
476 3977 625 4043 Ecclesia
658 3979 866 4044 constitutam
889 3977 999 4044 fuisse.
1044 3973 1161 4046 Neces-

126 4191 148 4260 ¹)
167 4187 407 4244 acclamo.
436 4165 439 4174 ³

1397 4263 1400 4464 1
