2874 4812
465 495 648 552 VindiciaeS.
668 493 805 566 Stephani
1144 500 1197 552 ata

89 643 200 706 mentio
239 639 377 728 quidem
409 639 467 704 list
502 639 636 704 alterius
676 639 883 736 opinionisl).
935 641 1049 755 Atque
1081 642 1197 706 meritc

89 747 278 806 censuerunt
308 747 473 820 auctores,
506 725 675 823 Stephano
698 758 765 803 non
789 731 941 826 dehere'
933 740 1075 825 impingi
1097 761 1197 804 errro-

87 859 146 902 rem
182 839 256 902 sine
295 836 408 902 solidis
443 836 644 918 rationibus3
681 835 810 900 nullum
847 856 926 901 vero
964 845 1197 928 argumentum

89 934 227 1001 validum
251 936 397 1000 affertur.
444 929 627 998 Etenim
602 955 628 997 ar
654 929 858 1019 Cyprianus
864 955 904 998 ac
909 933 1141 999 'Firmilianui
1165 944 1197 998 et

87 1035 222 1119 episcopi
248 1032 314 1098 illis
342 1032 559 1097 adhaerentes
591 1039 739 1113 censent,
762 1027 1063 1119 [Confirmaticuem
1086 1031 1196 1118 haere·

87 1133 219 1199 ticorum
239 1117 424 1196 invstdtn
457 1149 541 1212 csse,
575 1129 611 1194 id
642 1128 816 1222 profecto
812 1149 889 1194 cum
912 1129 1057 1225 generali
1082 1151 1196 1194 eorum

87 1229 228 1295 cohaeret
250 1241 376 1312 errore,
408 1249 472 1314 quo
504 1227 663 1318 tenebant
683 1227 813 1292 nullum
836 1233 1080 1292 sacramentum
1103 1237 1196 1292 extra

87 1326 261 1392 Ecclesiam
285 1327 426 1391 conferri
449 1344 561 1414 posse;
585 1327 612 1390 ai
634 1331 712 1389 vero
737 1327 836 1389 etiam
849 1325 1021 1413 Stephano
1043 1325 1130 1390 hanc
1154 1325 1196 1390 de

87 1423 355 1490 Confirmatione
347 1420 541 1519 opinionem
552 1417 716 1505 tribuunt,
737 1412 1197 1509 idardoredisptitatibniset
1416 1415 1417 1424 ’

86 1541 210 1587 erronea
243 1521 487 1586 interveniente
519 1507 744 1612 suppositione
773 1520 1041 1586 factumest-
1069 1521 1195 1585 Verum

87 1619 208 1704 quidem
232 1629 294 1702 cst,
328 1621 363 1684 iu
386 1618 653 1684 reconciliatione
685 1617 925 1682 haereticorum
954 1625 1014 1704 per
1036 1637 1195 1683 manuum

88 1719 331 1802 impositionem,
363 1705 528 1782 orationes
552 1716 657 1781 dictas
689 1709 799 1806 fuisse,
824 1716 945 1802 quibus
977 1715 1197 1780 invocabatur

86 1814 216 1900 Spiritus
228 1816 384 1904 Sanctus,
407 1823 445 1878 ut
468 1799 683 1880 descenderet
697 1833 773 1878 cum
788 1813 883 1904 donis
907 1816 974 1880 suis
998 1833 1097 1898 super
1120 1833 1194 1877 con-

86 1933 195 1995 versos,
221 1911 348 1978 similes
371 1901 446 1994 illis,
470 1908 556 1998 quae
579 1913 615 1976 in
639 1893 897 1976 Confirmatione
920 1910 1132 1993 dicebantur,
1156 1919 1196 1974 ac

86 2009 157 2074 forts
187 2014 291 2076 etiam
320 2005 509 2096 Stephanus
540 2009 696 2074 Pontifex
728 2009 892 2096 quaedam
923 2008 1123 2094 adjunxerat
1154 2007 1195 2072 de

86 2096 235 2192 ejusmodi
270 2105 569 2172 'communicatione
602 2107 744 2193 Spiritus
767 2107 891 2173 Sancti.
938 2105 1095 2170 Attamen
1125 2105 1195 2170 uul-

87 2203 201 2270 latenus
224 2207 311 2271 haec
333 2191 501 2292 pertinent
532 2205 575 2269 ad
599 2205 805 2270 iterationem
834 2195 1111 2285 confirmationis,
1136 2203 1194 2269 sed

87 2307 222 2389 apprime
237 2303 458 2398 explicantur,
483 2305 510 2368 si
532 2323 613 2418 prae
635 2301 740 2367 oculis
763 2299 905 2367 habetur
927 2302 1094 2367 distinctio
1115 2310 1195 2365 nota

86 2399 556 2468 incommensurati
587 2402 787 2464 sacramenti.
821 2399 978 2485 Adultus
1008 2400 1065 2486 qui
1089 2421 1194 2464 sacra-

88 2509 220 2566 mentum
254 2496 412 2587 baptismi
445 2498 499 2562 vel
529 2498 788 2563 confirmationis
817 2499 955 2583 suscipit
983 2499 1054 2561 siue
1082 2496 1194 2562 debita

87 2596 299 2682 dispositione,
324 2599 447 2683 accipit
478 2595 612 2683 quidem
645 2578 902 2688 sacramentum,
931 2604 998 2659 non
1021 2613 1100 2659 vero
1122 2616 1193 2658 rem

87 2698 271 2760 sacramenti
297 2715 355 2760 scu
377 2697 529 2786 gratiam
553 2693 689 2758 Gratiae
710 2701 822 2758 tamen
847 2715 905 2758 seu
929 2694 1064 2757 effectus
1088 2713 1192 2758 sacra·

87 2796 174 2857 menti
197 2796 366 2907 particeps
388 2793 446 2858 fiet
477 2777 600 2878 postea,
624 2800 749 2856 remoto
777 2791 1005 2858 cbiculum
1029 2809 1107 2852 vero
1131 2789 1193 2854 Ec-

86 2889 205 2956 clesia'
195 2915 231 2986 ιιι
256 2894 326 2958 suis
348 2891 467 2956 ritibus
498 2891 670 2978 supponit,
695 2891 830 2975 eosqui
855 2911 897 2953 ex
919 2887 1094 2954 haereticis
1118 2907 1192 2951 con

87 2973 247 3054 vertuntur
270 2990 405 3054 fuisse
395 3012 431 3054 ru
454 2987 581 3052 haeresi
597 2987 737 3078 formali,
753 3009 820 3052 non
845 3008 923 3052 vero
946 2987 982 3050 iu
1005 2983 1190 3065 bonafide,

85 3083 220 3173 adeoque
239 3082 367 3173 gratiae
381 3087 530 3151 nondum
543 3070 649 3150 iactos
672 3105 742 3149 esse
758 3085 945 3171 participes.
969 3083 1034 3150 Sed
1058 3081 1191 3169 quando

86 3205 150 3248 cum
180 3183 335 3251 Ecclesia
367 3169 635 3265 reconciliantur,
679 3190 868 3247 removetur
899 3181 1001 3264 obex,
1043 3180 1191 3267 adeoque

86 3291 153 3346 tuuc
174 3286 276 3348 etiam
299 3307 364 3348 ram
386 3283 576 3372 assument
597 3280 644 3344 illi
668 3272 847 3370 accipiunt.
872 3280 984 3361 Quum
1009 3296 1086 3342 vero
1109 3279 1192 3342 ritus

87 3381 352 3447 reconciliationis
384 3382 427 3444 sit
459 3399 618 3443 manuum
641 3379 822 3464 impositio,
848 3380 1033 3465 concipitur
1055 3377 1191 3439 remotio
1224 3398 1229 3408 ·
1276 3445 1279 3452 Δ

85 3475 178 3543 obicis
199 3487 234 3544 et
257 3478 513 3542 communicatio
546 3479 672 3562 gratiae
695 3486 728 3540 et
751 3476 892 3562 Spiritus
916 3474 1030 3542 Sancti
1055 3472 1120 3560 (res
1144 3495 1191 3536 sa·

85 3577 248 3662 ammenti)
271 3576 350 3640 huic
372 3577 456 3640 ritui¹
474 3595 634 3658 connexa,
658 3583 758 3660 atque
779 3575 827 3638 ita
850 3576 973 3660 optime
996 3571 1190 3660 explicatur,

87 3691 174 3754 qnare
206 3677 243 3739 in
276 3672 480 3764 orationihus
503 3679 662 3738 manuum
695 3673 895 3758 impositioni
921 3669 1048 3758 junctis
1075 3674 1192 3758 agatur

87 3767 120 3830 da
140 3771 193 3836 illa
216 3771 527 3852 communicatione,
558 3779 591 3834 et
620 3788 684 3857 quo
708 3771 895 3858 pertineant
921 3769 1033 3854 aliqua
1055 3768 1190 3833 Patmhr

87 3867 193 3933 similia
216 3871 326 3934 effata.

162 3967 214 4032 93
240 3965 328 4031 Ut
312 3987 384 4052 Jsm
417 3965 518 4029 linem
549 3965 711 4032 faciamus
744 3963 927 4030 disserendi
960 3963 1001 4028 de
1030 3961 1190 4048 Stephani
1215 3972 1343 4084 Doctrffi

88 4064 199 4128 ratione
231 4063 366 4149 agend,
400 4061 435 4127 id
467 4072 631 4154 postremo
665 4062 883 4154 certissimum
915 4061 1107 4182 habendum
1131 4052 1189 4181 ιιι,

148 4285 169 4356 ¹)
186 4285 218 4342 V,
239 4285 390 4343 Frauaclin.
409 4287 449 4342 De
467 4287 583 4343 Sacram
602 4285 651 4341 Τιι.
669 4285 728 4340 XV.
