2766 4836
392 519 395 523 .
491 475 609 532 Photini·
621 489 731 533 errores.
845 497 847 502 ¹
956 533 958 538 ,
1133 485 1168 538 119

76 632 248 708 perstarem,
264 619 460 684 Vincentius
484 619 662 705 Capuanns
692 631 725 685 11
746 622 932 708 Euphrates
955 624 1169 709 Coloniensis,

76 729 105 784 ut
125 721 331 804 impetrarent
352 715 494 781 reditum
518 716 692 783 Athanasii
716 718 919 807 aliorumque
942 725 1169 810 episcoporum

73 817 109 881 ad
130 816 277 880 ecclesisis
301 837 386 879 suas.
434 813 596 880 Constans
623 817 784 902 episcopis
802 818 916 904 junxit
938 822 1091 885 comitem
1114 822 1169 889 So·

72 915 137 978 liam
167 915 359 997 magistrum
394 911 555 994 militum,
590 915 809 1001 urgentesque
833 909 934 980 'dedit
965 917 1009 982 ad
1036 918 1168 990 fratrem

72 1014 188 1092 litteras,
221 1021 259 1074 ut
290 1010 399 1096 petitis
423 1012 647 1095 episcoporum
679 1023 849 1077 annueret.
894 1013 1013 1099 Legati
1035 1015 1169 1101 quidem

71 1111 106 1174 ab
133 1109 329 1175 Eusebianis
360 1107 558 1172 Antiochiae
590 1106 741 1194 turpibus
773 1111 904 1196 injuriis
932 1113 1049 1176 affecti
1082 1124 1168 1196 sunt,

71 1209 119 1273 scd
155 1207 370 1271 Constantius
404 1205 514 1270 fratris
553 1204 669 1272 litteris
712 1217 744 1271 et
786 1209 865 1293 ipsis
905 1207 1169 1276 Eusebianorum

70 1305 246 1370 excessibus
278 1314 403 1383 motus,
442 1303 578 1368 meliora
614 1326 728 1389 sapere
760 1307 851 1370 visus
888 1317 946 1372 est.
1002 1307 1035 1374 S.
1064 1306 1169 1374 Atha·

70 1407 196 1485 nasium,
231 1403 325 1488 cujus
357 1400 566 1466 adversarius
604 1399 781 1486 Gregorius
820 1403 1002 1491 Cappadox
1034 1405 1168 1490 obierat,

69 1501 306 1590 perhonoriflcis
330 1498 446 1563 litteris
470 1521 512 1563 ex
544 1498 724 1565 Occidente
747 1503 900 1566 evocavit
923 1512 955 1566 et
970 1502 1013 1566 ad
1027 1502 1169 1569 Alexan·

71 1601 188 1664 drinam
214 1597 386 1664 ecclesiam
402 1598 536 1678 remisit,
552 1619 665 1662 omnes
680 1597 815 1662 clericos
831 1601 1070 1665 communionis
1093 1623 1169 1666 cum

70 1699 240 1763 Athanasio
256 1717 356 1760 causa
370 1693 482 1759 exules
495 1697 677 1778 resecavit,
693 1699 871 1783 vetuitque,
887 1701 928 1762 ne
943 1699 1016 1784 quis
1038 1709 1171 1785 propter

68 1796 322 1860 communionem
347 1813 422 1855 cum
433 1791 616 1856 Athanasio
646 1804 840 1860 vexaretur·
877 1795 933 1860 Sic
956 1793 1168 1880 Athanasius,

69 1915 160 1981 quum
193 1915 251 1979 per
283 1913 341 1954 sex
372 1890 440 1953 fere
471 1893 580 1954 annos'
609 1890 842 1974 exultasset,
867 1892 921 1956 die
949 1894 989 1956 21
1016 1893 1169 1960 Octobris

69 1993 167 2058 1346
192 2011 320 2054 summa
344 2009 419 2051 cum
435 1987 629 2074 populorum
643 1988 769 2054 laetitia
792 1992 983 2076 ingentique
1001 1990 1168 2076 triumpho

70 2087 296 2154 Alexandriam
329 2087 494 2171 pervenit,
528 2087 705 2173 sedemque
736 2111 829 2152 suam
862 2089 995 2174 recepit.
1041 2089 1168 2154 Eodem

69 2204 202 2274 temporo
222 2187 255 2251 S.
273 2183 394 2249 Paulus
413 2184 456 2248 ad
474 2183 646 2248 ecclesiam
662 2183 1068 2271 Constantinopolitanam,
1084 2187 1168 2252 Mar

70 2287 158 2350 cellos
190 2283 233 2348 ad
264 2283 487 2366 Ancyranam,
518 2280 677 2366 Asclepas
709 2282 761 2346 adv
775 2281 958 2348 Gazensem
990 2282 1172 2356 redierunt,

146 2385 199 2448 43.
224 2381 353 2445 lnterea
385 2382 419 2444 in
452 2379 632 2445 Occidente
650 2381 698 2443 ¹in
731 2403 828 2444 cacco
859 2381 994 2460 Plotini,
1023 2383 1169 2469 episcopi

71 2483 170 2546 sinnii
204 2483 239 2544 in
270 2479 453 2558 Pannonia,
487 2477 552 2542 duo
586 2477 740 2542 concilia
758 2478 871 2542 habita
895 2490 992 2558 111111,
1011 2481 1168 2565 'primurn
1219 2463 1290 2492 Μ’*

72 2578 246 2658 Mediolani,
264 2577 311 2642 uti
328 2575 460 2639 videtur
482 2599 511 2639 a.
526 2576 602 2658 345,
627 2597 728 2662 quum
743 2577 887 2661 episcopi
903 2575 1040 2642 Serdica
1063 2601 1168 2643 rover-

70 2689 223 2758 tcrcntur,
256 2675 395 2739 alterum
427 2695 457 2737 a.
489 2674 554 2737 347
588 2675 706 2737 iterum
738 2670 917 2738 Mediolani
950 2674 1002 2756 nel
1034 2675 1167 2744 Romae.

72 2777 230 2857 Photinus,
264 2773 396 2836 natione
420 2769 548 2854 Galata,
573 2770 719 2835 Marcelli
752 2770 922 2855 Ancyrani
956 2771 1114 2837 diaconus
1137 2784 1169 2838 et

71 2875 136 2939 dein
157 2875 330 2959 episcopus
347 2869 544 2950 Sirmiensis,
569 2870 657 2934 circa
680 2891 803 2933 annum
827 2868 892 2934 340
915 2870 1175 2935 assentientibus¹

71 2973 123 3036 sibi
146 2993 211 3036 non
226 2969 342 3056 paucis
366 2966 482 3031 docere
498 2968 625 3051 coepit:
649 2968 782 3032 unicam
798 2989 867 3030 esse
881 2966 1076 3032 Divinitatis
1099 2990 1167 3052 per-

72 3091 171 3134 sonam
205 3066 331 3133 scilicet
359 3065 482 3147 Patris3
522 3063 669 3128 Verbum
702 3085 759 3129 seu
782 3060 876 3145 λόγον
907 3085 976 3128 esse
1007 3066 1167 3130 rationem

72 3167 124 3232 Dei
146 3163 375 3252 personalitate
391 3171 575 3244 carentem3
596 3162 715 3226 ‘lesum
731 3159 898 3226 Christum
917 3171 1026 3226 autem
1041 3183 1168 3228 merum

72 3265 159 3329 luisse
182 3264 360 3345 hominem,
384 3261 439 3347 qui
464 3260 555 3324 Deus
579 3270 637 3323 aut
659 3259 721 3322 Dei
746 3258 832 3322 lilius
856 3258 921 3323 dici
945 3261 1055 3345 possit,
1079 3261 1167 3347 quod

74 3365 166 3426 virtus
193 3358 356 3448 quaedam
390 3357 504 3422 divina
537 3357 566 3420 ei
599 3356 756 3442 adjuncta
779 3356 920 3420 'fuerit'
948 3357 1105 3422 Similiter
1136 3369 1170 3423 ot

74 3459 216 3544 Spiritum
229 3459 387 3522 Sanctum
403 3454 543 3520 docebat
557 3475 626 3518 esse
647 3455 801 3517 virtutem
816 3453 983 3539 quandam
1008 3455 1167 3539 divinam,

74 3560 191 3642 propria
213 3555 381 3640 hypostasi
406 3553 604 3618 destitutam.
650 3549 859 3616 Instaurabat
887 3553 986 3634 igitur
1007 3551 1168 3618 Photinus

74 3653 192 3718 sabellii
216 3663 249 3718 et
270 3651 364 3717 Pauli
389 3651 592 3714 Samosateni
617 3671 740 3714 errores
748 3647 781 3734 ¹).

148 3752 300 3818 4411111
327 3772 357 3814 a,
388 3749 453 3812 344
476 3747 621 3832 synodus
653 3744 862 3811 Antiochena
884 3743 1015 3810 Photini
1045 3769 1168 3812 errores

76 3851 309 3936 pmsc'ripserat,
333 3849 515 3932 iterumque
546 3845 693 3910 damnati
726 3853 801 3907 sunt
832 3844 951 3908 1.,345
983 3845 1018 3908 in
1042 3843 1167 3928 synodo

139 4099 157 4163 ⁸)
174 4097 262 4151 Etiam
275 4094 415 4151 Marcellus
425 4097 590 4161 ancyranos.
599 4092 760 4146 Ariancmnr
773 4089 975 4144 ardentissimus
989 4089 1167 4156 adversarius,

77 4175 162 4230 iterato
180 4177 211 4230 ab
229 4177 338 4230 Arianis
356 4173 550 4231 sabellianismi
575 4177 715 4247 accusatus
740 4176 769 4225 11
786 4171 929 4224 damnatus
947 4169 1008 4234 mit,
1027 4169 1073 4222 sed
1091 4183 1108 4221 a
1126 4183 1167 4222 11-

78 4254 125 4308 thol
137 4257 172 4310 cir
189 4271 290 4324 semper
309 4254 454 4310 absolutus.
491 4253 528 4307 Et
542 4261 574 4307 're
593 4252 698 4318 1111111111
723 4267 788 4305 vera
807 4251 864 4318 ejus
882 4249 1004 4304 doctrina
1022 4247 1168 4332 orthodoxa
