2810 4846
271 479 323 530 256
660 476 700 530 De
718 475 835 530 Ooncflio
854 475 996 544 Ephesius.

273 631 383 697 terror,
407 619 629 682 insidiantium
650 619 793 704 prepibus
807 619 850 682 ad
863 621 1020 704 rapinam,
1045 632 1075 684 et
1098 622 1142 686 ad
1165 645 1297 686 errorem
1317 645 1370 684 om·

272 739 398 802 memque
421 718 650 781 adversitatem.
702 717 789 782 Unde
821 719 922 781 coacti
953 740 1057 782 sumus
1086 730 1197 782 nostra
1219 721 1282 782 aies
1303 721 1371 782 diri-

272 839 340 900 pere
363 813 614 900 relipiosiseimor
637 812 764 878 clericos
787 825 816 878 et
838 815 1010 892 mamaea,
1034 818 1088 900 qa·
1110 815 1264 902 impleant
1285 817 1371 880 laeum

274 921 419 976 suestram.
456 949 500 960 -
537 911 590 975 Ex
623 911 743 996 quibus
775 921 873 996 patet,
900 911 1104 976 diversarum
1137 915 1372 998 provinciarum

273 1011 441 1096 episcopos
465 1008 544 1072 huic
566 1007 777 1094 appellationi
802 1009 990 1074 inhaesisse.

361 1107 413 1171 89.
439 1105 600 1186 Quamvis
623 1115 732 1170 autem
760 1106 935 1192 appellatio
951 1106 1033 1170 haec
1057 1117 1142 1170 esset
1165 1119 1372 1192 praepostera,

226 1201 236 1228 ⁵
273 1225 374 1290 quum
410 1205 571 1268 sententia
605 1202 648 1268 ab
688 1205 757 1290 ipso
798 1205 945 1268 Romano
984 1203 1145 1268 Pontifice
1186 1203 1253 1270 lata
1291 1215 1371 1285 esset,

274 1302 454 1386 eademque
486 1301 618 1366 nonnisi
648 1321 690 1364 ex
723 1322 760 1365 eo
793 1302 896 1386 possit
928 1300 1097 1386 explicari,
1121 1303 1214 1388 quod
1237 1305 1373 1388 passione

274 1399 403 1464 illorum
427 1401 654 1484 episcoporum
685 1399 814 1462 animus
845 1407 928 1462 esset
961 1397 1057 1462 valde
1080 1410 1265 1464 commotus
1286 1411 1315 1462 st
1330 1400 1372 1484 ju-

274 1498 398 1562 dicium
411 1497 631 1576 obscuratum,
656 1497 784 1579 insigne
803 1505 914 1560 tamen
928 1506 977 1560 est
1000 1496 1249 1578 documentum,
1272 1497 1372 1582 quanti

274 1594 388 1658 habita
410 1594 509 1657 fuerit
538 1593 576 1657 R.
601 1593 769 1658 Pontificio
800 1595 986 1658 auctoritas.
1033 1594 1132 1658 Hand
1159 1597 1324 1658 invenitur
1345 1595 1370 1656 in

275 1692 480 1756 documentis
504 1691 718 1770 exstantibus,
735 1691 816 1776 quid
830 1691 943 1756 Sixtus
957 1691 1000 1754 ad
1016 1690 1105 1756 illam
1129 1693 1370 1777 appellationem

276 1789 490 1874 responderit.
536 1789 657 1872 Pagius
680 1787 832 1868 advertit,
863 1813 883 1852 a
906 1789 1000 1854 Sixto
1033 1799 1120 1852 certe
1144 1811 1214 1854 non
1238 1801 1369 1852 retracta-

275 1903 343 1950 tam
367 1887 468 1950 fuisse
492 1906 624 1950 oausam
648 1883 737 1950 illam
755 1886 907 1968 Nestorii,
932 1886 989 1950 sed
1012 1887 1281 1965 existimandum,
1303 1888 1371 1950 Pon-

276 1985 398 2048 tificem
422 1986 547 2048 sancita
561 2005 581 2046 a
594 1981 730 2066 Synodo
744 1983 912 2067 Ephesius
929 1983 1081 2048 effectum
1101 1987 1213 2050 sortiri
1238 1985 1368 2049 voluisse.

276 2082 341 2148 Sed
365 2105 407 2144 ex
430 2079 604 2144 eventibus
635 2078 797 2161 concludi,
829 2102 905 2144 eum
938 2081 1048 2166 aliqua
1072 2105 1160 2168 quae
1185 2085 1323 2148 severius
1342 2083 1365 2142 in

276 2179 411 2260 Synodo
434 2201 453 2241 a
478 2178 679 2242 Maximiano
705 2175 987 2262 Constantinopoli
1019 2179 1133 2244 habita
1159 2183 1196 2246 iu
1219 2183 1367 2266 episcopos

276 2277 390 2339 unioni
406 2277 592 2340 resistentes
616 2285 737 2339 statuta
760 2275 900 2356 fuerant,
917 2277 1225 2362 circumscripsisse,
1248 2290 1278 2342 et
1291 2277 1366 2340 Prae·

277 2372 361 2436 sules
392 2396 409 2438 e
440 2373 600 2456 dignitate
631 2371 796 2457 depositos
819 2374 854 2438 in
878 2374 1041 2458 integrum
1074 2377 1274 2456 restituisse,
1296 2374 1367 2437 dum·
1394 2379 1395 2384 ’

277 2469 373 2535 modo
405 2467 551 2534 articulis
581 2471 673 2555 pacis
705 2469 959 2536 subscriberent.
1006 2471 1046 2536 Id
1079 2493 1159 2536 vero
1184 2495 1206 2536 a
1228 2472 1368 2558 plerisque

276 2567 400 2631 factum
433 2589 502 2632 esse
529 2568 600 2652 jam
633 2567 938 2650 animadvertimus,
972 2570 1017 2632 ita
1049 2579 1085 2632 ut
1109 2569 1206 2634 brevi
1230 2581 1297 2655 post
1316 2586 1366 2650 pax

277 2667 311 2730 iu
336 2664 470 2730 Oriente
492 2667 725 2730 restitueretur.

364 2763 417 2828 90.
441 2762 538 2826 Auno
566 2763 632 2828 435
653 2761 858 2828 Theodosius
880 2761 987 2846 legem
1011 2762 1102 2827 dedit
1126 2786 1195 2850 qua
1218 2765 1320 2838 edixit
1340 2771 1368 2822 ut

277 2860 418 2924 Nestorii
449 2859 525 2924 libri
550 2860 770 2945 undequaque
801 2861 976 2946 conquisiti
1006 2859 1150 2926 flammis
1173 2863 1364 2926 traderentm.

277 2959 462 3022 Nestoriani
487 2980 647 3043 nusquam
673 2959 889 3022 convenirent
912 2966 944 3020 et
967 2979 1032 3021 non
1057 2956 1239 3024 Christiani
1262 2955 1311 3021 sed
1331 2953 1365 3016 si-

278 3057 423 3120 moniani
448 3065 654 3120 vocarentur.
700 3055 796 3120 Tunc
810 3055 995 3119 Nestoriani
1020 3056 1144 3140 scripta
1159 3054 1292 3120 Diodori
1306 3051 1365 3114 Tar-

277 3154 380 3217 sensis
413 3175 451 3215 ac
484 3154 660 3238 praecipue
692 3152 858 3218 Theodori
891 3153 1125 3238 Mopsuesteni,
1162 3156 1218 3239 qui
1249 3147 1364 3216 Nestorii

277 3249 439 3314 erroribus
462 3249 702 3334 praeluserant,
727 3253 761 3314 in
779 3252 888 3316 varias
909 3249 1040 3334 linguas
1063 3251 1223 3315 translata
1246 3267 1363 3336 qusqufl·

278 3369 407 3412 versum
441 3346 662 3430 divulgarunt.
719 3347 781 3410 His
811 3347 1044 3433 propagandae
1086 3347 1233 3414 haeresis
1263 3343 1365 3410 artibus

276 3446 463 3509 restiterunt
484 3444 676 3509 Theodorus
688 3444 906 3526 Ancyranus,
931 3445 1075 3508 Aeacius
1103 3445 1319 3514 llelitinensis,
1339 3452 1362 3498 et

277 3542 420 3606 Ilabulas
436 3543 633 3624 Edessenus,
647 3544 704 3628 qui
724 3543 881 3606 etiamad
904 3544 1073 3628 episcopos
1087 3542 1264 3608 Armeniae
1286 3537 1364 3618 scrip

277 3650 397 3722 serunt,
423 3663 463 3704 ne
487 3639 650 3704 Theodori
674 3640 898 3724 Mopsuesteni
921 3639 1022 3704 libros
1043 3641 1239 3725 reciperent.
1260 3673 1296 3684 -
1316 3631 1364 3696 Ne·

277 3739 411 3801 storiani
444 3739 478 3800 in
510 3737 653 3822 Imperio
686 3737 833 3802 Romano
867 3737 1000 3823 quidem
1031 3740 1172 3823 repressi
1205 3745 1292 3814 sunt,
1319 3727 1364 3792 sal

277 3836 475 3898 transierunt
505 3836 567 3921 ipsi
598 3836 632 3898 in
665 3834 843 3900 Persidem.
889 3835 1014 3900 Eorum
1044 3835 1114 3900 dux
1146 3847 1179 3900 et
1207 3831 1366 3912 antesigna-

278 3953 340 3996 nus
369 3932 432 3995 luit
461 3933 646 4014 Barsumas,
680 3953 778 4018 quem
807 3932 932 3996 Nisibis
965 3934 1155 4019 episcopum
1186 3931 1364 3996 ordinarunt.

277 4028 367 4092 Inter
391 4027 593 4094 Christianos
616 4029 760 4094 Persidis
791 4051 884 4094 suam
914 4030 1075 4094 baeresim
1104 4033 1365 4116 propugnantes

279 4147 440 4206 successu,
465 4137 501 4188 ut
524 4147 638 4190 versus
661 4127 760 4190 tinem
780 4127 879 4212 hujus
896 4127 1017 4192 saeculi
1042 4130 1148 4212 ipsum
1173 4123 1361 4206 archiepiso-

278 4231 390 4303 patum
426 4222 666 4288 seleuciensem
702 4225 915 4310 possiderent.
977 4227 1104 4290 Profuit
1140 4227 1180 4288 iis
1212 4225 1360 4288 Persarum
