2874 4812
466 470 492 526 S.
510 470 655 540 Dionysius
673 469 878 532 musanus.
1176 472 1228 528 367

136 625 278 680 curatores
300 625 338 680 ut
359 614 537 680 mendaces
561 614 781 700 sycophantes
811 625 844 680 et
866 615 1120 681 calumniatores
1147 626 1228 682 trac-

135 723 218 796 tasse3
240 735 279 777 ex
292 715 485 797 fragmentis
503 733 599 798 porro
614 713 786 797 Dionysii,
801 735 886 799 quae
904 712 993 798 apud
1008 713 1228 780 Athanasium

132 809 292 892 habentur,-
323 809 396 895 ejus
426 809 656 876 orthodoxiam
685 813 819 876 omnino
852 809 972 894 colligi,
1006 821 1106 898 atque
1128 815 1228 878 etiam

129 909 156 971 S.
168 907 381 974 Athanasium
405 908 556 972 eamdem
573 917 687 972 contra
701 907 844 972 Arianos
867 917 904 973 ut
927 909 1143 974 certissimam
1158 913 1243 976 vin·

126 1004 233 1070 dicare.
279 1004 469 1070 Difficultas
492 1015 604 1070 tamen
627 1004 738 1091 aliqua
760 1006 825 1070 hac
840 1008 875 1071 in
892 1028 927 1070 re
941 1008 1044 1070 oritur
1060 1029 1101 1072 ex
1117 1009 1152 1074 S.
1167 1009 1228 1074 Ba-

121 1103 176 1166 silii
206 1126 257 1190 ep.
281 1105 316 1167 9·
345 1101 389 1168 ad
413 1103 598 1168 Maximum
620 1102 868 1188 Philosophum.
914 1104 948 1168 Is
980 1127 1000 1168 a
1021 1105 1145 1170 Basilio
1175 1128 1228 1192 pe-

121 1203 216 1283 tierat,
239 1209 278 1265 ut
301 1203 364 1285 ipsi
387 1202 623 1266 transmitteret
644 1201 799 1285 Dionysii
832 1201 943 1282 libros,
967 1204 1063 1288 eique
1087 1203 1229 1268 Basilius
1242 1208 1401 1282 &milm-

119 1298 305 1384 respoudet:
337 1296 500 1362 Caeterum
519 1321 600 1384 quas
618 1299 767 1384 postulas
794 1300 946 1386 Dionysii
968 1302 1097 1388 saepta,
1120 1325 1229 1368 venere
1283 1272 1359 1312 Μ

118 1395 172 1460 illa
192 1397 318 1482 quidm
341 1397 385 1460 ad
407 1419 475 1475 nos,
499 1407 528 1460 et
559 1397 651 1460 valde
674 1396 792 1476 malta;
828 1397 883 1460 sed
909 1420 972 1462 aon
1005 1399 1122 1464 atem
1144 1399 1229 1480 libri,

117 1495 272 1558 etidcirco
294 1517 360 1558 noa
373 1495 521 1558 nsisimas.
552 1493 716 1558 Sententia
732 1505 836 1558 eutem
851 1505 961 1558 nostra
975 1497 1050 1562 haec
1073 1509 1127 1562 est.
1154 1499 1230 1562 Non

118 1594 216 1656 omnia
245 1593 310 1656 etr-i
340 1593 433 1682 layas
456 1592 672 1670 admirantum·
701 1593 763 1656 imo
786 1603 860 1656 snat
881 1617 961 1678 puae
978 1617 1112 1679 prorsas
1135 1598 1229 1660 etiam

118 1691 328 1774 improbemus.
377 1690 464 1754 Nam
487 1688 562 1775 fere
590 1689 681 1754 illias
711 1713 791 1774 quae
819 1713 902 1754 nanc
925 1692 1152 1778 circumstrepit
1174 1695 1229 1756 ira-

116 1789 250 1872 pietatis,
276 1789 469 1852 Anosaoeam
491 1786 572 1865 dico,
596 1788 690 1850 isest
712 1799 863 1872 quantiam
884 1789 1008 1873 quidem
1031 1791 1152 1868 samus,
1176 1793 1231 1876 qni

117 1887 230 1968 prinas
254 1887 375 1950 sentina
405 1884 581 1950 hominibus
598 1884 791 1969 praedicarit.
843 1883 947 1950 &aaa
970 1897 1083 1964 antem,
1105 1898 1141 1950 at
1163 1890 1228 1974 opi-

120 2005 180 2060 nor,
202 2005 267 2048 non
291 1983 465 2046 sanandae
482 1983 641 2067 pravitas,
671 1982 727 2049 sad
748 1984 906 2048 vehemens
929 1983 1067 2048 studium
1089 1983 1228 2050 Sabellio

120 2080 315 2144 adversandi.
341 2127 401 2144 ...
430 2077 506 2144 Ovem
528 2081 611 2144 enim
634 2079 749 2166 Libyas
770 2080 929 2166 impietati
951 2093 1124 2146 occurreret
1145 2083 1228 2146 cehe·

121 2189 237 2256 mear,
261 2202 328 2242 non
359 2177 535 2256 intellexit,
566 2199 597 2242 se
621 2179 715 2242 nimis
743 2177 953 2241 contendendi
975 2179 1078 2242 studio
1101 2181 1136 2244 irs
1159 2203 1228 2244 coa·

120 2277 246 2340 trarium
267 2275 386 2339 malam
408 2273 524 2338 delabi.
553 2276 596 2340 Et
618 2275 686 2338 eam
709 2277 740 2338 ei
760 2276 840 2340 satis
862 2286 950 2352 esset,
973 2297 1038 2340 noa
1059 2277 1143 2342 idem
1164 2301 1229 2343 esse

118 2373 245 2463 subjecta
270 2373 397 2438 Patrem
420 2383 449 2436 et
472 2372 588 2436 liliam
620 2373 960 2460 demonstrassemus
982 2375 1057 2438 haec
1080 2376 1230 2442 adversas

119 2469 322 2556 blasphemum
348 2469 514 2555 palmaria
544 2481 660 2548 tenere,
690 2481 726 2534 at
746 2471 949 2556 maaifmtam
973 2494 1108 2556 prorsas
1131 2483 1160 2536 et
1181 2496 1228 2536 re-

117 2567 305 2634 dundantem
326 2569 491 2632 uictoriam
512 2567 634 2644 habeat,
666 2591 731 2631 noa
754 2569 844 2632 niodo
876 2570 1084 2654 hypostaseon
1117 2570 1227 2634 alieta-

118 2677 170 2728 tem
183 2668 308 2742 statuat
331 2665 387 2730 sed
401 2667 496 2728 etiam
511 2667 665 2730 essentiae
680 2663 902 2750 differentiam,
917 2689 954 2730 ac
971 2668 1136 2752 potentiae
1157 2692 1228 2754 yra-

116 2763 169 2828 das
189 2775 220 2828 st
242 2763 365 2851 yloriae
388 2763 610 2826 diversitatem.
647 2760 752 2835 Quare
777 2763 850 2826 inde
874 2765 1013 2848 contiyit,
1036 2775 1072 2828 nt
1094 2776 1229 2830 mutaret

115 2863 231 2946 quidem
246 2861 367 2927 malem
386 2860 482 2939 malo,
506 2884 527 2924 a
548 2871 635 2926 reeta
657 2871 761 2924 autem
784 2861 929 2925 doctina
944 2860 1114 2927 aberraret.
1144 2863 1229 2927 Hinc

115 2963 203 3026 etiam
225 2983 293 3024 aaa
315 2959 378 3024 sibi
399 2960 578 3024 mastatio
601 2960 741 3044 seriptis,
773 2983 853 3022 asae
877 2959 1000 3043 quidem
1024 2959 1137 3024 tollens
1159 2983 1228 3026 eoa·

114 3057 319 3122 nemerim
336 3067 471 3144 propter
493 3079 570 3138 eam,
594 3057 649 3142 qai
670 3057 816 3120 laevom
841 3056 884 3119 ad
905 3057 1087 3142 hypostases
1110 3058 1229 3124 destru-

114 3155 208 3220 endas
225 3179 330 3242 praee
352 3156 516 3220 nubatur:
540 3178 623 3218 nanc
654 3175 725 3218 uero
750 3153 919 3218 admittens
942 3155 1050 3235 iniis,
1075 3179 1154 3242 paee
1177 3157 1227 3220 de-

113 3252 266 3328 fensionis
297 3276 394 3316 caasa
425 3251 470 3317 ad
492 3253 701 3338 coynorainem
732 3253 868 3336 scripsit.
916 3252 968 3316 At
996 3255 1071 3318 haec
1094 3255 1133 3318 de
1156 3253 1228 3340 Spi-

113 3352 174 3414 ritu
205 3373 296 3414 aoees
327 3351 430 3414 emisit
456 3351 583 3414 minime
613 3350 727 3434 diynas
751 3348 889 3434 Spiritu,
914 3350 954 3414 ab
978 3351 1117 3416 adorme
1138 3352 1228 3416 illam

112 3449 238 3512 Deitate
261 3453 436 3538 sejaayens,
460 3458 491 3512 et
512 3449 547 3512 ia
578 3447 784 3533 inferioribus
806 3471 871 3511 aaa
893 3471 960 3512 cam
983 3461 1091 3514 creata
1113 3473 1151 3516 aa
1172 3451 1228 3514 mi·

112 3547 212 3610 lasea
235 3556 356 3610 nahae
376 3569 554 3610 numerans.
608 3543 664 3608 Vir
685 3545 783 3630 iyitur
804 3543 860 3608 ille
883 3547 1045 3635 ejusmodi.

200 3645 254 3709 14.
279 3643 371 3708 Haeo
401 3653 510 3708 tamen
541 3642 574 3708 S.
597 3640 712 3706 Basilii
743 3641 845 3706 verba
878 3666 937 3708 nos
969 3643 1059 3709 haud
1082 3653 1227 3727 movent,
1247 3672 1384 3722 mansan.

111 3753 145 3806 st
177 3743 377 3806 sententiam
410 3741 451 3806 de
483 3741 645 3824 Dionysio
680 3749 857 3820 mutemus,
891 3763 966 3806 eum
999 3741 1155 3807 videlicet
1187 3741 1228 3806 de

110 3841 168 3906 SS.
200 3839 365 3904 Trinium
399 3849 481 3904 reete
518 3849 548 3902 et
583 3837 753 3902 oraodoaee
792 3841 923 3904 sensisse
956 3861 1017 3902 nec
1057 3841 1228 3926 opiniones

109 3959 264 4002 erroneas
296 3935 464 4018 habuisse,
504 3946 603 4022 atque
636 3937 735 3999 etiam
767 3937 943 4000 doctrinam
974 3937 1017 4003 ah
1049 3939 1121 4023 ipsc
1154 3959 1227 4002 con·

109 4049 159 4100 tra
191 4033 376 4102 Sabelliani
410 4035 611 4120 propositam
648 4036 682 4096 in
719 4056 774 4098 sao
811 4035 973 4120 compleas
1010 4035 1227 4100 orthodoxam

109 4135 222 4198 fuisse.
253 4171 297 4180 -
331 4132 383 4196 Ex
406 4131 439 4197 S.
463 4129 577 4195 Basilii
601 4131 757 4194 severiori
776 4131 904 4216 judicio
928 4135 1017 4197 enim
1041 4133 1132 4197 aliud
1155 4156 1226 4219 pro·

110 4231 180 4296 bari
206 4253 274 4295 non
299 4239 413 4316 potest,
437 4231 500 4294 nisi
524 4230 752 4314 expressiones
773 4230 934 4315 quasdam
954 4231 1108 4316 Dionysii
1132 4233 1167 4295 in
1191 4254 1225 4295 se
