2766 4836
91 1577 191 1618 Eusebia·

61 1651 134 1680 norum
150 1641 218 1689 genu.

226 441 262 494 28
479 441 519 495 De
537 439 682 495 Arianisrni
701 441 766 498 fatis
785 458 816 496 ac
833 441 867 495 de
885 441 961 509 lapsu
980 440 1088 496 hiberii.

229 583 461 668 Quaestionem
486 583 572 648 hanc
603 585 707 649 fusius
735 584 922 669 expendere
946 606 1012 648 nou
1043 593 1151 650 vacat.
1197 583 1322 647 Videtur

228 680 415 762 dicendum,
426 681 602 752 concilium
620 679 699 747 illud
711 683 947 747 convocatione
961 682 1062 745 fuisse
1076 683 1321 761 oecumenicum,

228 789 260 844 et
282 781 381 844 etiarn
406 782 438 843 in
464 802 522 844 sua
546 779 765 846 celebratione
797 789 829 844 et
862 779 1071 845 conclusione
1094 778 1186 845 hunc
1208 777 1323 842 charac-

227 886 329 942 terem
353 899 573 950 conservasse.
621 879 782 958 Quamvis
806 879 893 943 enim
916 877 1098 942 Eusebiani
1121 879 1322 954 recessissent

227 983 338 1040 tamen
361 976 417 1061 qui
432 985 668 1050 ‚remanserunt
687 975 855 1040 Praesules
878 997 953 1040 cum
977 974 1240 1061 praesidentibus
1255 975 1323 1038 Pou-

227 1073 325 1137 tilicis
347 1073 462 1158 legatis
481 1073 876 1144 Ecclesiemuniversam
900 1095 1015 1138 revera
1037 1071 1323 1158 repraesentabant.

227 1169 306 1234 Ideo
339 1180 449 1236 autem
481 1170 676 1238 Sardicense
704 1170 880 1236 concilium
913 1173 998 1235 inter
1029 1172 1242 1236 oecumenica
1267 1191 1323 1254 pro·

227 1268 298 1354 prio
314 1268 447 1332 nomine
470 1267 669 1354 appellatum
694 1291 760 1332 non
783 1277 841 1350 est,
865 1269 943 1354 quia
964 1268 1076 1332 miuus
1099 1266 1244 1334 solemne
1264 1267 1324 1344 fuit,

228 1364 351 1430 nullam
376 1365 573 1450 peculiarem
598 1365 756 1430 haeresim
782 1365 971 1446 damnavit,
995 1388 1095 1452 seque
1117 1367 1152 1430 in
1179 1367 1248 1431 Arii
1270 1366 1325 1429 lau·

228 1475 313 1528 tores
327 1485 479 1528 exserens
493 1463 585 1529 velut
606 1464 776 1550 appendix
798 1465 937 1528 Nicaeni
962 1462 1101 1530 Consilii
1117 1464 1265 1530 habitum
1278 1473 1325 1526 cst.

316 1561 369 1624 41.
393 1561 573 1625 Eusebiani
598 1562 653 1646 qui
687 1561 771 1626 clam
805 1561 1021 1632 discesserant
1043 1561 1191 1644 Serdica,
1209 1563 1267 1636 ¹uti
1289 1561 1325 1624 di-

228 1660 348 1740 ximus,
362 1657 619 1744 Philippopolim
635 1669 869 1740 convcnerunt,
887 1659 998 1745 ibique
1014 1681 1121 1726 suum¹
1134 1660 1325 1724 celebrarimt

229 1750 495 1836 conciliabulum.
537 1757 665 1822 Rursus
706 1759 767 1842 ipsi
810 1757 1030 1825 Athanasium
1063 1755 1323 1828 Alexandrinum,

228 1855 429 1937 Marcellum,
455 1856 680 1938 Ancyranum,
714 1854 889 1940 Asclepam
913 1853 1099 1920 Gazensem
1131 1877 1172 1919 ac
1201 1855 1324 1920 Paulum

228 1950 626 2038 constantinopolitanum
662 1953 938 2038 proscripserunt,
962 1954 1027 2020 imo
1061 1955 1161 2018 ctiam
1200 1953 1323 2018 Hosion

229 2061 266 2114 et
282 2050 363 2115 alios
386 2052 580 2136 praecipuos
601 2049 635 2116 S.
650 2049 825 2120 Athanasii
849 2059 1002 2134 patronos
1027 2052 1201 2138 ipsumque
1213 2050 1325 2116 lulium

229 2149 421 2212 Pontificem
454 2149 792 2213 excommunicarunt.
838 2148 890 2212 De
923 2147 974 2211 his
1007 2170 1101 2233 porro
1135 2148 1271 2234 aliisque
1292 2145 1325 2209 ab

229 2245 308 2329 ipsis
322 2247 420 2330 gestis
443 2245 612 2330 epistolam
636 2244 839 2330 encyclicam
864 2245 1056 2316 direxerunt
1078 2246 1121 2310 ad
1143 2245 1324 2331 Gregoriun

223 2343 545 2434 pseudoepiscopum
575 2342 838 2408 Alexandrinum
873 2352 905 2406 ct
936 2344 1126 2408 universam
1148 2344 1325 2409 Ecclesiam.

230 2463 367 2526 eamque
391 2464 433 2504 ex
451 2441 587 2507 Serdica
611 2442 854 2526 inscripserunt,
880 2463 917 2506 eo
942 2440 1030 2526 quod
1054 2462 1091 2504 se
1114 2442 1201 2526 ipsos
1226 2459 1323 2503 verum

229 2538 423 2604 Sardicense
447 2539 623 2610 concilium
647 2541 842 2604 constituere
857 2537 1119 2622 praetenderent.
1144 2537 1323 2623 Symbolum

227 2639 325 2701 etiam
349 2637 523 2702 ediderunt
545 2639 578 2702 in
602 2659 667 2723 quo
692 2637 969 2702 consubstantialis
982 2657 1050 2700 vox
1072 2637 1241 2718 reticetur3
1263 2655 1322 2700 cae·

227 2743 332 2800 terum
356 2757 433 2802 vero
458 2735 657 2803 Asianorum
681 2757 804 2800 errores
820 2734 909 2800 haud
933 2745 1045 2820 aperte
1068 2736 1102 2798 in
1127 2733 1241 2798 eodem
1263 2753 1320 2817 pro·

228 2843 403 2920 ponuntur.
428 2833 524 2900 Unde
539 2833 571 2898 S.
587 2832 733 2902 Hilarius
756 2831 819 2902 hoo
837 2831 1024 2917 symbolum
1046 2831 1226 2898 orthodoxo
1240 2849 1320 2896 sensu

229 2931 505 3018 interpretatur¹).

187 3074 194 3089 ·
274 3081 276 3084 .
317 3031 370 3094 42.
394 3029 536 3094 Multum
558 3028 674 3109 abfuit,
698 2995 743 3091 u,
757 3037 831 3114 post
862 3027 1251 3094 concilium'Sardioense
1271 3043 1323 3109 pax

139 3109 152 3146 ³
230 3129 263 3192 in
288 3127 436 3192 Ecclesia
459 3127 701 3208 restitueretur3
726 3127 791 3190 imo
815 3126 997 3192 Eusebieni
1020 3147 1164 3211 eousque
1191 3119 1323 3188 aOatho-

228 3225 300 3290 licis
324 3247 390 3290 non
414 3225 633 3311 undequaque
652 3223 761 3306 divisi,
781 3225 885 3309 magis
908 3225 1005 3289 etiam
1031 3245 1065 3287 se
1088 3245 1108 3288 a
1131 3219 1322 3288 Praesidibus

229 3321 419 3392 orthodoxis
441 3344 645 3408 separavero,
670 3331 702 3386 et
715 3343 817 3408 quum
836 3323 871 3388 in
887 3321 1021 3388 Oriente
1045 3342 1182 3386 numero
1207 3315 1321 3405 plurimi

230 3430 351 3502 essent,
375 3421 618 3506 persecutiones
640 3441 743 3484 novas
767 3421 966 3502 excitarunt,
999 3441 1141 3505 suasque
1171 3418 1322 3504 opiniones

231 3519 449 3605 undequaque
482 3533 674 3604 promovere
706 3518 770 3582 nisi
802 3527 888 3582 sunt.
933 3517 973 3582 In
1007 3516 1188 3583 Occidente
1219 3523 1321 3579 tamen.

231 3619 265 3682 in
289 3639 352 3704 quo
378 3615 538 3688 Constans
555 3615 638 3700 lmp.
653 3614 822 3704 regnabat,
834 3614 1020 3690 ¹orthodoxa
1035 3615 1186 3680 doctrina
1208 3612 1321 3676 omnino

230 3715 451 3801 praevalebat,
476 3715 541 3777 imo
565 3714 664 3777 etiam
688 3712 817 3777 influxu
851 3711 1039 3778 Oonstautis
1071 3712 1197 3777 factum
1223 3719 1275 3787 est,
1295 3715 1322 3768 ul

231 3835 282 3878 res
306 3815 339 3878 in
364 3813 498 3878 Oriente
522 3834 652 3898 quoque
676 3833 734 3895 per
756 3810 882 3896 aliquot
903 3831 1007 3876 annos
1031 3809 1147 3874 melius
1171 3807 1321 3872 baberent.

232 3949 274 3958 -
310 3913 389 3976 Post
419 3909 595 3974 concilium
619 3909 812 3975 Sardicense
833 3907 997 3974 videlieet
1025 3931 1045 3972 a
1067 3907 1220 3972 Patribus
1249 3899 1321 3968 missi

233 4018 309 4074 sunt
331 4008 396 4074 duo
419 4007 517 4092 legati
542 4005 755 4072 Antiochiam
779 4006 828 4070 ‘ad
859 4004 1089 4072 Constantium
1114 4004 1253 4070 Orientis
1272 3999 1321 4064 lm·

231 4153 304 4162 ..ι-...-
321 4155 365 4162 -..—

305 4221 327 4292 ι)
347 4221 387 4276 os
403 4219 516 4290 aynan
532 4235 558 4274 i.
577 4219 621 4278 ss.
