2836 4804
244 449 297 503 282
597 449 638 502 De
656 447 772 504 Concilio
791 449 1005 508 Chalcedonensi.

246 596 429 680 eprouvent
452 591 636 678 egelement
668 615 731 678 que
754 593 784 658 le
807 593 897 680 Papo
921 605 953 660 et
975 594 1172 682 l’empereur
1195 595 1351 682 plaqaient

244 692 276 756 la
300 692 449 756 derniere
474 691 614 754 autorite
645 690 727 755 dans
758 690 788 754 le
813 692 938 756 concile
969 695 1133 758 vraimeut
1156 693 1348 780 gendral“¹).

97 809 220 859 aaronita.
333 791 386 854 31.
411 788 465 853 Ad
497 790 638 874 primam
669 788 932 853 observationem
965 789 1119 855 Auctoris
1149 791 1192 855 de
1217 791 1354 878 pleniori

237 889 361 978 pudicob
396 908 455 973 per
487 885 672 951 Concilium
705 887 920 970 instituendo,
959 891 1108 974 superius
1140 889 1190 977 (n.
1216 889 1270 974 16)
1287 889 1348 974 jam

245 986 483 1073 respondimus.
514 1023 557 1031 —
586 983 630 1049 Ut
653 1005 731 1048 vero
762 995 891 1049 caetera
914 985 1004 1050 facili
1028 989 1161 1071 negotio
1186 987 1349 1068 diluamus,
1401 1019 1402 1024 κ

245 1081 576 1148 animadvertendum
600 1091 666 1146 est:
706 1083 743 1146 1⁰
774 1082 895 1146 Totum
917 1083 1040 1147 Leonis
1064 1085 1240 1150 eonsilium
1263 1087 1295 1149 in
1316 1107 1349 1148 eo
1401 1071 1402 1074 ¹

245 1182 355 1263 fuisse,
388 1189 425 1244 ut
457 1180 566 1244 media
598 1178 741 1266 efficacia
773 1181 1002 1246 invenirentur
1038 1181 1082 1246 ad
1115 1183 1349 1270 reprimendam

244 1280 406 1344 haeresim
429 1288 617 1342 nascentem
636 1288 669 1341 et
687 1277 730 1342 ad
748 1277 944 1364 rejiciendos
958 1278 1140 1345 haereticos
1172 1281 1304 1346 callidos
1324 1291 1350 1342 et
1401 1273 1402 1280 '

246 1378 415 1458 violentos,
440 1377 496 1462 qui
525 1376 759 1461 Imperatorem
793 1375 1108 1442 circumveniebant,
1155 1377 1301 1464 Ideoque
1323 1381 1351 1441 in
1401 1407 1402 1448 3

245 1485 313 1539 tota
336 1474 399 1538 hac
422 1495 456 1538 re
481 1495 545 1538 non
569 1474 678 1558 agitur
701 1472 742 1536 de
766 1475 965 1559 quaestione,
990 1483 1101 1538 utrum
1123 1475 1265 1539 Romani
1280 1475 1353 1539 Pon·
1401 1483 1402 1528 ἲ

246 1573 344 1636 tificis
368 1573 528 1635 sententia
551 1573 585 1634 iu
608 1591 639 1634 aa
663 1570 797 1656 plenum
828 1573 977 1655 vigorem
1001 1571 1173 1636 habuisset
1197 1583 1231 1637 et
1253 1595 1352 1658 supre-

248 1691 333 1735 mam
369 1671 606 1734 auctoritatem.
659 1667 724 1734 Sed
759 1671 983 1754 comparative
1018 1669 1061 1734 ad
1097 1670 1354 1734 circumstantias

247 1777 440 1854 etpersonas
449 1767 481 1833 S.
490 1767 593 1830 Leoni
605 1776 825 1852 opportunum
839 1769 946 1830 visum
960 1777 1009 1830 est
1020 1765 1219 1850 Concilium,
1235 1778 1270 1830 ut
1282 1778 1352 1830 aeto·
1401 1785 1402 1850 q

247 1869 313 1931 rius
336 1887 394 1952 per
417 1865 610 1931 Pontificem
635 1873 666 1928 et
682 1865 852 1950 episcopos
876 1865 1078 1950 conjunctim
1103 1867 1211 1951 major
1235 1885 1352 1928 exerce-

247 1975 336 2030 retur
359 1962 522 2027 infideles
546 1971 578 2026 et
601 1971 746 2026 errantes
761 1961 917 2026 influxus.
942 2001 984 2009 -
1014 1963 1053 2026 2⁰
1079 1963 1186 2028 Sicuti
1213 1962 1351 2027 Coelesti-

247 2085 309 2126 nus
332 2065 378 2126 ita
402 2072 433 2125 et
456 2063 523 2124 Leo
548 2083 626 2124 usus
649 2069 697 2123 est
730 2061 920 2123 oeconomia
948 2062 1105 2145 sapientis
1127 2059 1354 2124 moderationis
1401 2061 1402 2142 l

249 2159 476 2246 Apostolicae3
501 2158 598 2222 simul
620 2168 730 2221 tamen
755 2159 982 2221 auctoritatem
1006 2159 1170 2242 primatus
1194 2159 1351 2244 aptissimo
1401 2159 1402 2236 l

248 2259 435 2322 vindicavit
457 2256 564 2337 modo,
590 2255 722 2340 Synodo
747 2253 824 2318 fidei
848 2277 999 2319 normam
1023 2253 1235 2340 praefiniens.
1259 2293 1296 2301 -
1319 2255 1351 2316 3ο
1401 2251 1402 2338 J

247 2357 320 2420 Non
346 2363 439 2419 erant
462 2353 519 2417 illa
542 2363 690 2439 tempora
723 2363 922 2438 opportuna,
947 2364 984 2416 ut
1005 2351 1187 2417 theoretice
1212 2363 1244 2417 et
1266 2351 1352 2436 expli·
1401 2343 1402 2430 l

248 2457 310 2517 cite
326 2452 505 2517 Pontifices
530 2451 721 2515 evolverent
737 2460 769 2513 et
784 2460 1005 2536 proponerent
1019 2451 1217 2535 Imperatori
1241 2459 1273 2514 et
1285 2451 1353 2534 cpis—
1401 2446 1402 2510 l

248 2554 337 2637 copis
366 2550 550 2614 doctrinam
579 2549 618 2612 de
643 2548 796 2612 omnibus
821 2558 853 2612 et
876 2548 1014 2632 singulis
1033 2548 1167 2632 juribus
1192 2549 1348 2635 primatus.

246 2649 429 2734 Imperator
458 2649 547 2710 enim
577 2668 694 2732 parum
727 2648 852 2732 peritus
876 2656 944 2709 erat
973 2647 1006 2709 in
1030 2645 1128 2710 rebus
1153 2647 1353 2731 theologicis:
1401 2699 1402 2706 ,

250 2750 419 2833 episcopos
444 2767 521 2808 vero
545 2745 654 2830 plures
679 2747 776 2808 etiam
792 2743 889 2808 facile
905 2742 1028 2822 seduci,
1052 2745 1086 2806 in
1110 2742 1251 2808 historia
1274 2743 1351 2807 Aria·
1401 2731 1402 2788 3

249 2845 346 2910 nismi
372 2845 450 2907 satis
474 2853 633 2928 patuerat.
681 2841 792 2906 Facile
822 2843 920 2905 etiam
945 2842 1087 2905 inveniri
1111 2851 1264 2928 poterant
1286 2839 1350 2904 effic·
1401 2823 1402 2880 l

249 2946 313 3028 gia,
338 2952 375 3006 ut
398 2942 541 3004 admisso
557 2943 701 3026 primatu
723 2949 1009 3026 conquererentur,
1025 2939 1224 3002 Pontificem
1248 2937 1351 3021 decipi.
1401 2935 1402 2946 ’

247 3043 512 3125 sententiamque
536 3039 577 3102 ab
603 3040 672 3123 ipso
697 3037 821 3102 Romae
844 3037 956 3100 datam
980 3036 1214 3121 subreptitiam
1238 3033 1287 3097 vel
1308 3031 1351 3095 ob

248 3141 412 3224 reptitiam
439 3159 519 3200 esse.
565 3136 765 3201 Prudentiae
779 3135 880 3218 igitur
904 3143 972 3198 erat
988 3133 1127 3198 Concilii
1151 3129 1350 3197 celebrationi

247 3237 374 3318 favere,
406 3238 431 3298 ai
461 3234 524 3298 hac
554 3236 679 3297 ratione
708 3231 825 3297 turbae
858 3231 987 3295 facilius
1016 3231 1122 3295 sedari
1156 3253 1252 3317 posse
1275 3225 1349 3290 vide-

248 3335 378 3399 bantur.
403 3373 445 3381 -
474 3335 513 3396 4⁰
539 3331 593 3396 Ex
618 3331 712 3395 modo
737 3330 857 3414 agendi
881 3329 1058 3394 Theodosii
1083 3331 1247 3393 immerito
1269 3345 1346 3406 argu·

246 3442 357 3496 menta
379 3431 421 3495 ab
450 3439 582 3494 auctore
605 3439 771 3515 petuntur.
817 3427 1021 3492 Theodosius
1044 3429 1132 3490 enim
1158 3429 1211 3490 vir
1233 3421 1348 3509 ingenio

246 3529 424 3593 admodum
448 3527 633 3609 mediocris,
659 3527 830 3609 versatilia,
847 3535 879 3589 et
891 3525 1071 3590 aulicorum
1096 3525 1238 3589 influxui
1262 3519 1344 3584 valde

247 3629 419 3712 obnoxius,
443 3629 565 3712 passim
590 3648 628 3689 ea
641 3625 770 3710 agebat,
792 3646 877 3710 quae
892 3624 1065 3709 principiis
1078 3625 1167 3686 sanis
1192 3621 1232 3685 de
1247 3615 1343 3684 Eccle-

247 3727 314 3790 siae
345 3726 576 3790 constltutione
610 3725 705 3788 etde
739 3723 854 3787 habitu
878 3724 964 3786 inter
986 3731 1180 3807 potestatem
1209 3717 1341 3782 ecelesia·
1401 3721 1402 3744 ¹

246 3826 361 3889 sticum
386 3825 668 3888 etauctoritatem
698 3820 830 3885 civilem
859 3819 947 3883 haud
980 3818 1205 3883 adamussim
1228 3835 1343 3902 respon·
1401 3825 1402 3828 ’

246 3923 383 3987 dobant.
1401 3907 1402 3922 ἵ

248 4046 301 4051 --
319 4084 336 4153 Ι)
361 4081 421 4136 nu
447 4097 472 4149 p.
493 4083 553 4134 noo.
