2810 4846
248 459 302 510 248
359 470 365 486 “
638 455 677 509 De
695 455 812 508 Concilio
831 453 972 522 Ephesius.

248 599 357 663 rillum
382 598 528 684 aliosque
551 607 642 682 gesta
665 605 783 662 essent.
807 635 851 644 -
873 597 912 661 In
937 609 1028 662 secta
1051 599 1180 663 Actione
1203 599 1274 663 fidei
1295 600 1340 664 dc·

246 697 406 778 finitima
439 696 587 779 symbolo
611 695 757 759 Nicaeno
781 696 958 780 incipiens,
995 694 1079 760 lecta
1112 707 1178 778 est,
1210 708 1240 761 et
1270 696 1340 761 Con·

247 793 315 857 cilii
347 796 429 857 actis
461 795 593 858 inserta.
636 829 678 840 -
720 793 759 856 In
791 795 925 879 septima
959 813 1037 857 vero
1076 805 1109 857 et
1145 795 1256 858 ultima
1290 795 1339 858 Ac-

246 895 338 969 tione,
374 913 457 977 quae
489 891 542 955 die
578 891 635 954 31·
665 889 747 956 Julii
776 889 889 954 habita
921 899 980 972 est,
1013 892 1141 956 decisae
1177 905 1249 956 sunt
1278 915 1339 954 cou-

245 990 423 1052 troversiae
469 987 631 1074 quaedam
676 989 844 1072 privatae,
882 997 914 1050 et
953 1009 1010 1050 sex
1049 1011 1192 1054 canones
1231 989 1338 1054 conditi

245 1095 357 1150 contra
382 1087 579 1166 Nestorium,
594 1083 789 1168 Pelagianos
813 1093 845 1147 et
868 1083 1091 1149 Messalianos.
1116 1125 1160 1134 —
1185 1087 1338 1168 Quomodo

246 1205 323 1247 vero
346 1182 444 1266 legati
468 1182 638 1248 Pontificis
662 1203 773 1246 sacrae
797 1181 892 1248 Sedis
919 1185 1148 1248 auctoritatam
1173 1193 1340 1250 constanter

245 1283 318 1344 tuiti
343 1283 417 1362 sint,
443 1282 592 1366 superius
618 1281 689 1365 jam
717 1279 872 1343 vidimus.
918 1280 1002 1344 Prae
1035 1281 1138 1346 oculis
1167 1281 1337 1346 babendum

243 1388 300 1458 cst,
327 1377 512 1442 Concilium
537 1377 742 1462 Ephesinum
766 1399 808 1440 ex
831 1380 993 1441 sententia
1013 1375 1189 1444 Caelestini
1215 1401 1274 1442 non
1295 1377 1338 1440 ba·

243 1475 349 1540 bitum
382 1497 461 1556 esse,
495 1485 530 1538 ut
562 1475 732 1538 definitive
766 1476 919 1538 examine
951 1485 1108 1540 renovato
1143 1476 1184 1541 de
1216 1477 1338 1540 Nestorii

244 1595 343 1636 causa
366 1583 524 1660 tanquam
548 1574 686 1658 ancipiti
704 1571 920 1657 judicaretur,
945 1573 1002 1637 sed
1026 1581 1063 1636 ut
1085 1572 1277 1638 universalis
1291 1573 1339 1636 Ec·

244 1669 362 1734 clasiae
386 1672 541 1755 suffragio
575 1673 609 1734 in
638 1668 783 1754 generali
807 1669 940 1754 Synodo
972 1671 1192 1752 manifestato,
1216 1670 1337 1734 audacia

243 1767 482 1832 baereticorum
506 1768 776 1852 confringeretur,
810 1777 908 1852 atque
933 1787 1057 1831 errores
1080 1767 1212 1832 facilius
1234 1765 1338 1831 refelle·

242 1875 364 1929 rentur.
411 1867 551 1928 Firmum
584 1866 763 1950 igiturest,
796 1867 842 1928 ait
865 1863 1038 1950 Philippus
1070 1864 1199 1950 legatus
1223 1868 1255 1930 in
1275 1862 1336 1927 allo-

241 1964 372 2026 cutione
396 1963 439 2027 ad
463 1961 635 2046 Synodum
648 1962 723 2027 Act.
738 1961 781 2042 H,
798 1967 899 2051 juata
922 1963 1057 2026 omnium
1080 1962 1275 2028 ecclesiaram
1295 1961 1336 2022 de·

240 2070 364 2138 cratcm,
389 2062 479 2146 (acm
511 2061 683 2123 orientalia
708 2069 738 2122 et
769 2059 970 2123 ocddeatrlis
994 2057 1154 2124 Martae
1181 2059 1337 2123 scendum

242 2158 288 2221 ecl
313 2181 376 2243 per
408 2181 449 2236 ae,
473 2157 522 2220 oei
553 2167 631 2219 carte
650 2179 712 2242 per
735 2156 853 2242 leqatos
885 2155 1077 2220 sacerdotali
1105 2158 1178 2221 baie
1200 2155 1337 2220 consessuri

240 2252 420 2339 intereant),
444 2253 527 2340 qood
549 2256 583 2317 io
606 2256 709 2339 ipsam
732 2253 947 2341 (Nestorium)
966 2257 1211 2340 pronuntiatum
1233 2265 1280 2317 ert

331 2353 382 2416 78.
407 2352 530 2415 Verum
547 2373 648 2436 quum
663 2351 745 2414 haec
761 2361 945 2434 agerentur,
957 2352 1164 2416 Theodosius
1174 2353 1335 2438 imperator

103 2439 209 2530 2³¹2„
241 2448 414 2512 frnudibus
438 2451 682 2512 circumventus
706 2459 738 2512 et
761 2447 850 2512 haud
875 2449 1083 2513 mediocriter
1111 2452 1148 2514 in
1172 2446 1333 2514 Concilium

89 3732 204 3775 Caelestini

76 3795 214 3837 confirmatio.

241 2557 435 2626 commotus,
466 2545 585 2610 multas
613 2548 772 2610 excitavit
802 2547 1022 2630 difficultates,
1053 2569 1135 2633 quas
1165 2545 1333 2631 singillatim

241 2644 426 2709 describere
440 2644 575 2728 longum
600 2654 657 2709 est.
704 2645 768 2708 Res
791 2665 828 2708 eo
853 2644 998 2724 devenit,
1023 2653 1059 2708 ut
1074 2645 1258 2709 Nestorium
1279 2641 1333 2726 qui·

242 2742 327 2824 dem,
352 2742 532 2806 sedetiam
557 2741 719 2824 Cyrillum
744 2753 776 2806 et
799 2743 1008 2806 Memnonem
1034 2763 1052 2804 e
1076 2741 1211 2806 sedibus
1233 2741 1333 2826 ejectos

241 2841 467 2921 declaraverit,
492 2849 524 2902 et
547 2839 646 2903 hosce
670 2838 752 2903 duos
767 2839 891 2924 Ephesi
909 2839 1078 2903 custodiae
1102 2839 1199 2921 tradi,
1222 2833 1333 2902 atinde

239 2939 281 3001 ab
316 2939 408 3001 initio
433 2937 575 3021 Augusti
609 2959 668 3022 per
690 2937 824 3022 aliquod
855 2939 1011 3023 temporis
1041 2936 1248 3000 intervallum
1270 2933 1332 2996 deti·

240 3037 311 3099 neri
344 3036 468 3098 fecerit.
516 3033 582 3097 Sed
615 3055 681 3098 non
714 3037 762 3098 ita
792 3034 893 3098 multo
927 3044 1000 3120 post
1032 3034 1196 3098 adductus
1226 3041 1277 3112 est,
1305 3039 1333 3088 ut

242 3132 389 3196 Concilio
413 3133 558 3216 legitimo
592 3134 799 3196 consentiret.
845 3131 940 3196 Tunc
970 3131 1158 3195 Nestorium
1188 3133 1220 3194 in
1243 3147 1329 3192 mono·

242 3231 376 3292 sterium
400 3228 646 3292 Antiochenam
679 3229 848 3314 relegavit,
883 3231 917 3294 in
950 3229 1020 3315 ejus
1050 3228 1159 3292 locum
1184 3223 1331 3292 Maximia-

238 3349 328 3407 num,
345 3329 453 3389 virum
477 3327 695 3390 orthodoxum
710 3337 809 3412 atque
828 3327 1068 3410 dignissimum,
1094 3327 1236 3390 ordinari
1258 3341 1330 3386 cura·

238 3427 297 3504 vit,
329 3435 361 3488 et
392 3425 504 3489 Patres
537 3423 722 3510 Ephesinos
756 3426 889 3489 dimisit.
935 3426 1091 3490 Pervenit
1124 3423 1263 3507 Cyrillns
1288 3417 1330 3480 dic

238 3524 281 3587 30
305 3521 457 3587 Octobris
481 3521 728 3604 Alexandriam,
762 3522 820 3588 ubi
846 3543 965 3606 magno
998 3525 1145 3586 omnium
1169 3521 1281 3608 gaudio
1299 3537 1329 3576 uo

238 3619 404 3704 triumpho
428 3629 579 3704 receptus
603 3629 661 3683 est.

329 3718 379 3781 te.
406 3717 517 3796 Quum
542 3739 579 3780 ea
603 3739 688 3802 quae
713 3715 898 3782 Concilium
922 3716 1150 3802 praesentibus
1173 3715 1279 3799 legatis
1299 3710 1328 3772 ll.

237 3815 408 3881 Pontificis
433 3815 473 3878 de
498 3815 562 3878 fide
586 3835 625 3878 ac
649 3814 690 3877 de
715 3815 863 3878 Nestorio
895 3815 1095 3896 decreverat,
1120 3815 1248 3877 omnino
1268 3829 1328 3870 con·

240 3936 319 3977 sona
335 3923 442 3978 essent
458 3913 638 3976 sententiae
650 3909 825 3976 Coelestini
837 3913 907 3998 jam
925 3925 1022 3977 antea
1038 3913 1267 3998 pronuntiatae.
1283 3925 1330 3990 per

239 4033 272 4074 se
307 4010 439 4074 ulterior
471 4009 599 4093 Synodi
633 4009 837 4074 confirmatio
870 4033 936 4076 non
968 4009 1201 4097 requirebatur.
1252 4005 1327 4069 Haec

239 4121 349 4172 tamen
374 4109 559 4172 continetur
583 4108 617 4170 iu
631 4106 767 4190 epistola
790 4131 889 4194 quam
905 4109 996 4174 dedit
1013 4107 1213 4173 Coelestinus
1234 4123 1326 4168 mense
1385 4139 1386 4144 κ

239 4205 356 4269 Martio
386 4227 415 4270 a.
440 4207 505 4268 432
538 4205 581 4268 ad
614 4207 782 4291 episcopos
816 4203 955 4270 Concilii
988 4209 1044 4292 qui
1070 4197 1325 4284 Constantinopoli
