2810 4846
453 455 517 511 lbae
536 456 650 524 epistola
668 455 701 509 sd
720 455 825 510 Marim.
1146 461 1199 515 263

87 602 244 686 episcopis
268 603 325 686 qui
350 601 678 666 communicaverant
703 597 839 682 Oyrillo.
876 597 920 662 Et
943 599 985 664 ob
1010 601 1072 666 hoc
1096 603 1199 668 multa

86 701 212 762 tristitia
235 700 399 762 intereos
422 699 510 762 facta
543 707 600 778 est,
635 706 667 760 et
698 699 732 760 in
767 697 976 762 contentione
1000 711 1094 766 erant
1117 703 1198 787 epis-

86 799 152 882 copi
186 796 347 860 adversus
380 799 559 882 episcopos,
593 805 626 859 et
658 793 771 880 populi
804 794 964 859 adversus
994 798 1142 883 populos,
1167 809 1201 864 et

86 893 281 979 completum
314 903 362 958 est
389 915 487 979 opere
520 892 608 978 quod
633 893 791 977 scriptum
816 904 883 956 est:
909 891 997 973 Quia
1021 905 1117 960 erunt
1140 898 1199 961 ini-

85 993 156 1054 mici
182 991 357 1056 domestici
382 991 462 1077 ejus.
495 991 549 1056 Ex
573 990 635 1054 hoc
651 990 871 1054 detractiones
894 991 1017 1056 multae
1040 993 1200 1059 adversus

84 1111 138 1152 uos
169 1091 278 1153 factae
311 1099 387 1152 sunt
416 1109 620 1174 paganorum
652 1097 684 1150 et
716 1087 965 1153 haereticorum.
1012 1089 1087 1155 Non
1111 1094 1199 1156 euim

83 1185 224 1250 audebat
248 1185 368 1271 aliquis
400 1187 441 1251 de
474 1188 609 1251 civitate
640 1185 684 1250 ad
718 1187 897 1268 civitatem,
922 1197 980 1251 aut
1002 1187 1045 1252 ad
1068 1191 1200 1274 provin-

82 1285 164 1348 ciam
189 1284 232 1348 de
256 1285 429 1370 provincia
452 1283 626 1369 proficisci,
641 1283 700 1347 sed
724 1293 882 1368 tanquam
905 1286 1078 1350 inimicum
1103 1309 1200 1352 suum

82 1385 307 1467 unusquisque
330 1384 518 1468 proximum
542 1403 637 1445 suum
653 1380 922 1467 persequebatur.
968 1381 1064 1448 Multi
1089 1396 1200 1450 autem

81 1492 153 1542 ante
178 1480 291 1544 oculos
314 1500 379 1544 non
404 1479 563 1544 habentes
588 1479 652 1543 Dei
676 1481 827 1542 timorem
852 1481 1025 1544 occasione
1049 1481 1199 1547 ecclesia-

83 1579 152 1640 stici
178 1577 252 1658 zeli,
278 1579 487 1641 inimicitiam
512 1599 612 1663 quam
627 1576 790 1641 occultam
814 1579 849 1642 in
874 1576 1029 1642 cordibus
1053 1581 1121 1643 suis
1145 1579 1199 1644 lra-

81 1674 229 1751 buerant,
264 1675 306 1738 ad
339 1677 492 1738 effectum
525 1674 706 1760 perducere
737 1673 948 1739 festinabant.
995 1675 1049 1740 Ex
1079 1677 1200 1762 quibus

81 1795 162 1836 uuus
186 1774 300 1836 existit
325 1784 453 1836 nostrae
476 1785 639 1856 tyrannus
668 1773 812 1836 civitatis
836 1771 1020 1859 (Rabulas),
1046 1796 1144 1859 quem
1168 1785 1201 1839 et

82 1872 148 1954 ipse
172 1891 239 1933 non
266 1872 415 1953 ignoras3
440 1872 497 1956 qui
521 1872 694 1934 occasione
717 1869 794 1933 fidei
829 1893 894 1934 non
919 1869 1024 1936 solum
1049 1875 1200 1937 viventes

7 1993 8 2006 ¹
81 1969 184 2052 punit,
210 1967 269 2030 sed
299 1977 332 2031 et
362 1965 421 2031 hos
453 1970 552 2032 etiarn
577 1970 633 2054 qui
664 1967 742 2032 olim
766 1968 810 2032 ad
832 1967 1015 2032 Dominum
1039 1972 1199 2054 migrave-

81 2077 164 2130 runt.
215 2065 364 2145 Quorum
389 2087 473 2130 unus
498 2075 546 2129 est
579 2065 695 2130 beatus
719 2065 912 2129 Theodorus
935 2068 1085 2130 veritatis
1108 2091 1200 2154 prae·

7 2199 8 2210 ,
82 2163 210 2227 dicator
233 2175 265 2226 et
289 2163 402 2226 doctor
417 2163 596 2242 Ecclesiae,
622 2165 678 2248 qui
704 2184 770 2228 non
793 2163 897 2228 solum
922 2165 957 2227 in
974 2165 1043 2228 vita
1067 2189 1126 2229 sua
1150 2189 1200 2232 co·

80 2261 184 2346 laphis
210 2260 331 2324 cecidit
354 2260 536 2324 haereticos
552 2283 610 2345 pro
628 2262 767 2325 veritate
783 2283 862 2326 suae
878 2261 966 2340 fidei,
992 2263 1049 2326 sed
1073 2273 1105 2326 et
1128 2276 1201 2349 post

81 2371 218 2423 mortem
242 2358 427 2444 spiritualia
460 2381 552 2422 arma
584 2360 618 2422 in
643 2358 810 2444 opusculis
841 2360 908 2422 suis
931 2359 1101 2425 Ecclesiae
1125 2361 1201 2427 liliis

81 2456 266 2542 dereliquit,
292 2458 376 2520 sicut
400 2467 432 2518 et
459 2467 516 2520 tua
548 2458 704 2520 sanctitas
734 2479 809 2520 cum
838 2478 875 2520 eo
900 2467 1030 2522 versata
1054 2461 1200 2543 agnovit,

81 2567 175 2618 etex
200 2555 252 2618 his
276 2575 360 2639 quae
383 2556 454 2639 ipse
479 2555 674 2639 conscripsit
697 2553 848 2619 credidit.
895 2555 994 2618 Hunc
1019 2579 1118 2620 ausus
1142 2567 1200 2638 est,

8 2725 9 2730 η
81 2653 135 2736 qui
159 2654 273 2714 omnia
296 2653 487 2736 praesumit,
510 2673 620 2715 coram
637 2651 776 2716 ecelesia
800 2651 887 2716 clare
910 2651 1199 2735 anathematizare,

8 2739 9 2742 ¹
87 2752 138 2834 qui
164 2757 300 2834 propter
323 2748 429 2813 zelum
453 2750 519 2814 Dei
544 2771 610 2813 non
644 2748 748 2812 solum
772 2751 939 2835 propriam
965 2752 1132 2815 civitatem
1157 2753 1199 2817 ab

81 2869 186 2910 errore
211 2846 255 2910 ad
280 2849 454 2910 veritatem
488 2849 665 2928 convertit,
691 2847 747 2911 sed
773 2858 804 2910 at
827 2847 923 2931 longe
948 2849 1126 2914 existentes
1150 2873 1200 2914 ec-

82 2944 194 3008 clesias
220 2967 279 3008 sna
303 2944 453 3009 doctrina
485 2945 667 3030 perdocuit.
713 2945 758 3008 Et
789 2944 830 3008 de
853 2944 947 3008 libris
971 2945 1105 3030 quidem
1129 2947 1200 3032 ejus

81 3043 179 3106 multa
204 3042 329 3128 ubique
353 3044 569 3129 perscrutatio
593 3043 680 3106 facta
710 3050 767 3122 est,
793 3063 858 3106 non
883 3043 961 3128 quia
984 3065 1003 3106 a
1028 3063 1106 3106 vera
1129 3043 1195 3108 fide

81 3143 260 3204 existerent
283 3139 393 3222 alieni,
419 3140 503 3227 (vidi
518 3142 606 3205 enim
623 3162 697 3204 eum
714 3139 893 3204 adhucillo
910 3141 989 3203 vivo
1013 3139 1202 3226 frequenter

10 3289 11 3316 ,
81 3261 151 3302 eum
177 3238 380 3320 laudantem,
405 3249 439 3301 et
462 3240 495 3301 in
519 3238 612 3302 libris
633 3239 703 3324 ejus
726 3235 879 3322 legebat),
905 3237 962 3300 sed
986 3249 1118 3324 propter
1141 3241 1200 3304 ini-

82 3339 237 3400 micitiam
270 3335 437 3416 latentem,
471 3357 569 3421 quam
603 3336 763 3400 adversus
792 3357 868 3398 eum
891 3334 1018 3418 habuit,
1043 3340 1199 3422 quoniam

82 3434 252 3498 manifeste
294 3455 369 3496 eum
406 3435 552 3496 convicit
591 3435 624 3496 iu
660 3433 798 3516 synodo.
837 3471 880 3480 -
919 3433 981 3498 His
1004 3456 1080 3518 ergo
1106 3433 1200 3499 malis

10 3537 11 3552 ¹
82 3532 202 3595 interea
226 3531 338 3615 gestis,
363 3541 395 3594 et
418 3553 616 3616 unoquoque
633 3539 670 3594 ut
685 3531 827 3614 volebat,
850 3534 934 3595 sicut
958 3533 1116 3617 scriptum
1141 3541 1198 3615 est,

10 3621 12 3684 ἶ
81 3629 281 3708 ambulante,
314 3629 503 3693 adorandus
529 3630 622 3693 Deus
651 3640 776 3710 noster,
808 3630 864 3714 qui
895 3651 1025 3714 semper
1056 3653 1115 3694 sua
1139 3629 1199 3694 cle-

83 3729 200 3790 mentia
226 3748 339 3790 curam
364 3749 423 3812 pro
448 3729 516 3790 suis
532 3729 617 3811 gerit
633 3727 790 3808 ecclesiis,
808 3729 913 3790 erexit
937 3749 993 3790 cor
1016 3725 1199 3791 fidelissimi

81 3837 175 3909 atque
200 3826 337 3888 victoris
359 3825 530 3910 principis,
556 3836 593 3887 ut
616 3825 772 3908 dirigeret
795 3827 904 3890 virum
929 3847 1085 3910 magnum
1110 3826 1199 3889 etin

83 3943 134 3986 suo
170 3921 291 4008 palatio
325 3935 458 4004 notum,
501 3924 558 4007 qui
592 3931 722 4007 cogeret
753 3923 1066 3987 reverendissimum
1100 3935 1200 4008 atque

83 4023 321 4084 sanctissimum
345 4020 631 4106 archiepiscopum
664 4019 810 4086 Orientis
841 4021 999 4085 domnum
1023 4021 1198 4103 loannem,

84 4129 113 4181 ut
135 4117 406 4183 reconciliaretur
423 4118 566 4201 Cyrillot
591 4117 633 4182 ab
652 4140 689 4181 eo
705 4120 793 4181 enim
810 4117 918 4182 luerat
942 4117 982 4182 ‹le
1007 4120 1199 4204 episcopatu

83 4215 254 4302 depositus.
302 4217 346 4280 Et
369 4226 544 4302 postquam
567 4215 692 4279 litteras
706 4215 918 4300 Imperatoris
943 4219 1082 4302 aceepit,
1108 4239 1198 4280 sanc-
