2876 4814
229 469 283 522 984
338 537 341 544 μ
666 469 707 524 De
724 466 910 538 &Cypriane

226 625 262 677 ut
278 615 345 678 sime
365 625 452 678 tauto
473 613 586 678 scelere
606 615 765 678 commisso
785 616 964 678 memoriam
975 613 1164 700 faceremus,
1185 615 1231 679 ad
1251 639 1344 702 quam

226 733 290 774 noa
301 712 447 797 profecto
462 713 562 775 tantis
575 711 723 797 lacrymis
741 711 983 776 incumberemus
997 721 1032 775 ut
1049 735 1139 776 amic.
1178 711 1268 777 Scire
1292 713 1343 776 de-

227 807 331 886 buisti,
361 809 438 894 quid
460 811 544 872 circa
575 829 633 872 nos
665 819 767 872 actum
799 809 850 872 sit.
902 806 978 872 Cam
1009 807 1188 872 benedictin
1220 821 1344 892 martyr

136 939 139 948 ¹
227 905 346 969 Paulus
378 906 477 969 adbuc
508 907 544 968 in
567 927 694 991 corpore
724 915 813 982 esset,
843 907 967 968 uocauit
995 927 1041 969 nie
1072 915 1102 969 et
1132 906 1218 969 duait
1250 907 1344 969 milii:

227 1001 374 1080 basiam,
398 1025 504 1066 coram
529 999 650 1066 Cbristo
675 1001 734 1065 tibi
762 1001 843 1080 dico,
867 1013 902 1066 ut
929 1004 959 1065 si
980 1005 1051 1088 aab
1067 1013 1144 1088 post
1166 1005 1343 1066 arcessitio-
1425 1005 1426 1092 ᾗ

226 1121 295 1162 aem
317 1121 415 1163 meam
438 1098 495 1162 obs
518 1111 546 1163 te
563 1121 676 1184 pacem
700 1099 842 1184 petierit,
876 1099 931 1164 des
953 1101 988 1164 ia
1010 1102 1133 1164 nomiae
1166 1121 1248 1182 meo;
1288 1100 1345 1163 sed
1425 1099 1426 1140 t

226 1207 257 1260 et
288 1219 392 1260 ommes
420 1219 497 1282 quos
518 1197 674 1260 Dominus
696 1197 731 1258 in
761 1207 852 1260 tanta
876 1195 1078 1260 tribulatione
1102 1198 1253 1260 arcessire
1277 1197 1345 1282 diq-
1425 1237 1426 1242 κ

226 1305 321 1358 mauu
350 1305 396 1357 est
412 1296 563 1358 'universi
592 1293 708 1358 litteris
736 1316 776 1356 ecc
799 1304 957 1380 compacto
984 1294 1139 1356 universis
1153 1312 1273 1380 'pacem
1295 1293 1344 1356 di·

226 1393 375 1455 misimus.
430 1389 544 1455 Videas
577 1413 662 1476 erqo,
686 1389 811 1476 frater,
844 1391 992 1476 quoniam
1017 1400 1145 1475 partem
1175 1396 1242 1480 ejas
1271 1395 1346 1480 jam

226 1491 302 1552 mibi
338 1487 458 1551 Paulus
489 1490 676 1574 proecepit;
702 1510 765 1574 pro
805 1490 961 1552 uniuersis
998 1509 1115 1572 quoque
1157 1490 1344 1562 censuimus,

220 1590 293 1677 jam
315 1609 383 1648 cum
406 1596 479 1648 ante
511 1586 590 1648 banc
617 1583 867 1663 tribulationem,
897 1603 965 1647 cum
989 1586 1077 1673 jussi
1104 1607 1209 1650 sumus
1237 1609 1345 1650 secuu-

227 1684 302 1747 dum
324 1693 529 1768 praeceptum
550 1683 755 1767 Imperatoris
769 1681 861 1766 same
891 1691 921 1744 et
944 1683 999 1745 siti
1024 1683 1145 1760 boeoti,
1176 1695 1206 1746 et
1228 1683 1347 1746 reclusi

228 1803 333 1844 summ
361 1780 396 1842 in
425 1777 548 1842 danus
577 1778 674 1858 cellis,
691 1779 739 1842 ita
758 1789 794 1841 ut
813 1799 871 1840 nos
893 1776 1056 1863 officerent
1070 1778 1162 1863 fame
1186 1789 1217 1842 et
1240 1781 1344 1844 siti..

228 1879 271 1942 lu
292 1877 383 1954 ideo,
398 1875 509 1961 frater
531 1876 707 1952 carissime,
741 1873 848 1938 soluta
877 1875 1064 1938 Numeriam
1096 1885 1127 1939 et
1153 1873 1344 1955 Candidum,

228 1999 307 2062 qaae
331 1972 477 2061 (videtur
500 1972 613 2036 deesse
629 1995 743 2058 pacem
771 1969 919 2057 babeant)
943 1971 1109 2035 scoriadam
1133 1973 1230 2036 Pauli
1248 1997 1346 2061 prae-

228 2083 348 2159 ceptum
380 2081 410 2134 et
441 2080 633 2133 caeterorum
672 2079 844 2155 martyr-ma
876 2091 1006 2153 quorum
1038 2071 1168 2134 aomina
1200 2071 1345 2160 arbjieio,

227 2171 324 2233 Bassi
345 2170 380 2231 in
398 2168 558 2253 petrurio,
582 2165 764 2252 Mappalici
793 2166 828 2228 ia
857 2167 1051 2251 quaestione,
1080 2166 1291 2232 Fortunioais
1313 2170 1344 2230 iu

228 2289 359 2343 carcere,
383 2264 479 2328 Pauli
509 2287 531 2326 a
553 2266 744 2350 quaestione,
767 2263 971 2340 Fortunatae,
1006 2263 1168 2342 Victorini,
1199 2265 1345 2340 Victoris,

229 2364 358 2441 Heroni,
386 2359 550 2439 Oredulae,
572 2361 727 2440 Herenae,
747 2361 881 2437 Donati,
902 2360 1013 2438 utras,
1040 2361 1205 2439 Venusiae,
1226 2361 1344 2436 Fructi

228 2459 349 2536 Juliac,
374 2459 540 2522 Martialis
563 2469 593 2522 et
615 2457 784 2537 Aristonis,
808 2459 863 2543 qui
875 2457 944 2520 Deo
968 2457 1089 2520 colente
1104 2457 1196 2543 fame
1221 2461 1257 2522 ia
1282 2483 1346 2522 car-

228 2579 294 2620 cere
317 2557 422 2619 necati
453 2566 543 2634 sumt;
580 2577 710 2641 quarum
742 2566 772 2618 et
803 2577 861 2617 uos
894 2556 995 2617 socios
1009 2553 1143 2638 ficturos
1165 2557 1256 2618 iutra
1280 2556 1347 2618 dies

229 2654 375 2716 audietis.
406 2691 448 2702 -
480 2653 522 2715 Et
552 2652 634 2729 ideo,
659 2651 779 2738 scater,
798 2662 889 2737 peto,
913 2662 949 2714 ut
972 2652 1052 2714 sicut
1074 2652 1123 2716 bic
1146 2675 1214 2716 mm
1238 2653 1346 2718 Domi·

229 2774 289 2814 aas
311 2752 447 2836 coeperit
469 2751 534 2836 ipsi
563 2749 722 2812 Ecclesiae
746 2771 858 2834 pacem
888 2749 977 2826 dare,
1008 2749 1176 2812 secandum
1193 2773 1346 2836 praecep·

230 2859 294 2912 mm
317 2847 412 2910 Pauli
435 2859 464 2911 et
485 2857 625 2910 moenum
649 2857 831 2924 tractatum,
855 2847 1002 2931 seposita
1025 2867 1122 2909 causa
1150 2847 1239 2932 apud
1266 2848 1346 2932 epis·

230 2967 338 3030 capum
361 2955 390 3006 et
405 2943 502 3029 faeta
526 2943 732 3028 eaomoloqesi
748 2943 883 3006 babeant
899 2931 1021 3028 paean,
1045 2965 1109 3006 aon
1134 2955 1257 3008 tautam
1279 2945 1346 3012 bae.

230 3041 284 3104 sed
307 3052 337 3103 et
359 3063 437 3126 quas
460 3041 520 3103 seis
543 3039 587 3102 od
610 3041 748 3102 animum
770 3049 911 3103 matrum
928 3041 1100 3124 pertimere.
1126 3089 1133 3104 .
1161 3090 1168 3104 .
1195 3039 1348 3104 Saluiam

229 3161 283 3201 uos
306 3159 429 3200 sorores
450 3159 536 3199 meae
550 3135 716 3200 damnaria
731 3147 762 3200 et
776 3135 905 3222 Sophia,
922 3159 1000 3223 quas
1013 3135 1100 3200 cobis
1123 3138 1313 3202 commendo.
1323 3139 1348 3216 ¹)

319 3235 371 3297 27.
396 3232 532 3297 Interim
566 3230 767 3316 Carthagine
799 3227 851 3296 eo⁴
869 3255 921 3296 res
945 3232 1088 3314 devenit,
1122 3245 1158 3297 at
1190 3236 1257 3298 siaa
1281 3233 1347 3298 ullo

231 3331 410 3394 discrimine
425 3341 516 3414 atque
541 3331 684 3393 acumine
699 3331 901 3416 cinamomum
922 3331 1074 3395 darentur
1097 3331 1238 3416 quotidie
1260 3331 1346 3394 libel-

231 3426 332 3491 lorum
360 3427 464 3490 millia
498 3437 608 3490 coutm
635 3427 804 3514 Evaayelii
830 3426 966 3514 aqam).
1014 3427 1046 3492 S.
1077 3425 1265 3512 Cyprianus
1294 3427 1348 3490 ab·

232 3547 306 3589 sens
322 3523 472 3610 pluribus
488 3523 633 3608 epistolis
648 3523 807 3587 abusibus
830 3524 967 3607 obstitit,
992 3537 1025 3588 et
1049 3525 1142 3588 varia
1156 3523 1267 3609 quoad
1282 3524 1347 3610 lap-

232 3645 283 3686 sos
307 3622 486 3685 constituit.
517 3619 639 3703 Voluit,
665 3631 701 3684 ut
713 3620 880 3706 lapsorum
896 3643 995 3685 eausa
1019 3621 1217 3702 differretur,
1242 3622 1347 3686 donec

232 3719 344 3784 sedate
373 3719 600 3803 persecutione
632 3717 778 3802 synodus
802 3718 961 3784 celebrari
991 3731 1111 3804 posset,
1136 3721 1171 3782 in
1195 3741 1262 3804 qua
1286 3720 1347 3783 dis-

232 3837 328 3880 cussa
339 3815 466 3879 illorum
484 3836 584 3878 causa
597 3817 680 3879 ratio
698 3815 875 3879 haberetur
889 3826 961 3879 tum
973 3817 1218 3880 intercessionis
1229 3826 1347 3899 marty·

232 3935 315 3994 rum,
331 3923 400 3976 tum
415 3913 587 3996 gravitatis
602 3911 723 3977 delicti.
744 3911 938 3994 Postulavit,
957 3922 993 3976 ut
1007 3912 1213 3996 singulorum
1228 3914 1346 3999 quibus

232 4031 347 4094 pacem
372 4018 532 4092 'martyres
557 4007 690 4091 dabant,
706 4011 843 4073 nomina
857 4009 899 4073 ad
915 4012 1107 4096 episcopum
1131 4009 1346 4088 deferrentur,

309 4213 328 4264 ¹)
347 4210 424 4261 Inter
441 4225 498 4274 epp.
518 4213 542 4264 S.
562 4210 690 4276 Cypriani
710 4213 751 4264 et.
927 4214 945 4281 ³)
965 4213 1013 4279 up.
1033 4215 1076 4266 20.
