2900 4800
424 440 562 496 Juoiciun
578 441 703 498 secem
719 442 753 496 de
771 443 881 512 Vigilio.
1157 447 1211 500 377

17 575 19 662 f
92 583 222 648 tilicum
245 605 288 648 ex
312 583 469 648 cathedra
501 583 596 650 datis.
620 620 664 634 --
690 586 849 672 ,Insuper
887 609 989 672 quum
1012 590 1212 674 praemissae

17 689 19 742 l
93 701 225 766 qnoque
249 680 373 748 decreti
397 681 512 765 Vigilii
537 705 671 748 mrem
685 683 775 769 facti
804 695 835 748 et
848 683 960 770 soleae
984 687 1212 772 mppositt'om's

94 779 309 844 manifestent
337 781 584 862 tanbtmmodo,
617 803 681 846 noa
714 803 793 846 vero
830 781 929 848 ullum
959 805 1094 847 errorem
1120 784 1211 867 fidei.

95 875 196 956 Quod
228 877 257 940 si
292 879 392 942 etiam
424 877 595 942 decretum
622 877 767 964 aliquem
797 879 878 944 fidei
910 901 1054 945 errorem
1076 902 1155 966 prae
1178 903 1212 944 se

93 974 205 1054 ferret,
229 973 373 1058 Vigilius
403 999 469 1040 rem
498 999 541 1040 ec
568 977 717 1040 cathedra
749 999 813 1042 ooa
835 978 984 1061 definivit,
1008 1000 1118 1064 neque
1139 999 1212 1042 eam

16 1079 17 1104 ³
94 1073 154 1140 toti
177 1071 531 1159 meminensque
556 1073 676 1159 dogma
699 1074 777 1140 fidei
801 1077 983 1160 proposuit,
1006 1097 1212 1161 nequacou·

93 1170 297 1236 tradicentes
315 1171 525 1238 anathemate
548 1175 724 1257 percussit,
741 1174 837 1236 sicuti
860 1175 992 1238 notavit
1013 1175 1048 1238 in
1067 1173 1212 1238 scaDie·

94 1269 277 1332 certatione
308 1269 425 1334 Petrus
448 1269 489 1334 de
512 1271 625 1334 Marcu
648 1293 680 1335 n.
713 1272 763 1334 ll.
790 1270 999 1356 Quapropter
1021 1269 1105 1336 baec
1128 1271 1211 1336 diffr-

97 1365 204 1430 cultas
228 1387 297 1430 non
320 1367 543 1432 officeretcub
558 1389 766 1453 quocumque
782 1367 1090 1450 colorescntentiae,
1115 1391 1213 1455 quam

96 1475 241 1544 tuemur,
264 1464 307 1530 de
330 1463 564 1531 infallibilitate
578 1465 719 1530 Romani
733 1465 904 1530 Pontifiois
927 1487 969 1530 ex
992 1464 1149 1530 cathedra
1171 1465 1215 1532 lo·

95 1563 242 1648 quentis.
307 1561 483 1626 Concludit
519 1563 638 1628 deinde
676 1563 819 1647 Vigilius
853 1585 950 1628 suum
980 1563 1214 1646 Constitutum,

97 1659 283 1726 inhibendo
318 1670 453 1745 propter
488 1661 688 1724 servandam
731 1660 956 1726 inviolabilem
994 1663 1212 1726 reverentiam

94 1757 321 1842 Synodorum,
346 1779 390 1822 no
411 1759 560 1844 quisquis
584 1760 747 1822 contraria
770 1779 828 1822 suo
852 1761 1015 1844 praesenti
1032 1758 1215 1824 Constituto

96 1855 323 1922 wmcribcret
350 1855 404 1920 vel
431 1856 604 1940 proferret,
635 1863 694 1919 aut
721 1865 793 1940 post
820 1866 1025 1941 praesentem
1056 1855 1215 1920 definitio·

98 1977 177 2020 nem
210 1955 438 2039 quaestionem
472 1961 639 2033 moveret,
672 1963 704 2016 et
734 1975 776 2016 ex
799 1953 992 2018 auctoritate
1015 1953 1111 2018 Sedis
1129 1953 1215 2038 Apo·

98 2051 237 2116 stolicae
269 2051 405 2132 refutat,
429 2050 593 2136 quidquid
622 2061 735 2114 contra
762 2049 816 2114 vel
847 2051 970 2114 factum
1007 2050 1059 2114 vel
1090 2051 1215 2116 dictum

102 2149 155 2214 vel
187 2150 410 2234 conscriptum
440 2149 548 2212 luerit.
606 2149 728 2212 Verum
761 2147 816 2212 bic
851 2149 951 2212 etiem
983 2147 1143 2212 abstinuit
1172 2147 1215 2212 ab

99 2246 313 2312 anathemate
335 2246 516 2330 infligendo
549 2247 583 2310 in
616 2267 688 2326 eos,
713 2247 769 2331 qui
802 2247 999 2310 ccun‘ariam
1027 2247 1216 2330 opinionem

94 2353 278 2410 tuerentur.
326 2344 423 2424 Quod
447 2344 490 2408 ab
514 2367 552 2409 eo
575 2365 705 2408 summo
719 2345 895 2429 prudentia
918 2343 1043 2408 factum
1066 2355 1125 2427 est,
1149 2347 1216 2408 ani·

96 2444 277 2510 madvertit
308 2444 424 2508 Petrus
458 2443 499 2507 de
522 2443 645 2522 Marcu,
679 2451 716 2505 nt
738 2441 924 2506 ostenderet
952 2461 1026 2506 eam
1049 2463 1119 2506 esse
1143 2463 1216 2508 con-

95 2543 280 2606 troversiae
302 2541 546 2620 conditionem,
569 2562 655 2626 quae
686 2542 721 2603 in
744 2549 918 2623 utramque
940 2549 1070 2622 portem
1092 2539 1215 2604 inflecti

13 2649 14 2684 ἒ
96 2649 217 2723 posset,
241 2640 268 2702 si
285 2641 359 2724 paci
373 2637 615 2702 ecclesiasticae
630 2637 694 2701 hac
706 2639 834 2701 ratione
849 2635 1072 2700 consuleretur
1086 2636 1132 2724 (n.
1151 2637 1216 2722 11).

96 2737 174 2800 Duo
198 2737 288 2800 eninr
311 2736 376 2800 sibi
401 2745 588 2800 constanter
616 2745 830 2820 proposuerat
853 2733 995 2818 Vigilius
1018 2735 1052 2796 in
1077 2733 1140 2797 hoc
1163 2755 1216 2797 ne

94 2836 195 2918 gotio,
221 2836 367 2918 primum
390 2833 663 2910 ne,laedercntur
687 2833 818 2898 decreta
841 2831 981 2916 alicujus
1002 2829 1142 2895 Consilii
1166 2853 1216 2896 oe

96 2933 281 3010 cumcuici,
315 2931 462 2996 secundo
495 2939 532 2995 ut
562 2929 706 2994 mbisma
733 2929 905 3015 repelleret
937 2927 1025 3013 quod
1048 2928 1217 2994 Ecclesiae

97 3028 295 3094 imminebat
335 3035 470 3114 propter
507 3029 761 3114 repugnantiam
797 3024 1063 3092 Occidentalium
1103 3037 1216 3091 contra

96 3125 295 3206 Orientales,
317 3139 416 3213 atque
440 3128 487 3192 ita
508 3128 576 3210 egit
598 3127 636 3189 in
655 3149 690 3188 re
705 3125 795 3205 iacti,
820 3145 904 3210 quae
928 3122 1020 3187 salva
1043 3123 1108 3188 fide
1132 3145 1217 3188 com·

98 3226 191 3288 muni
216 3223 330 3290 saltem
355 3224 398 3288 ed
421 3233 554 3310 tempus
577 3223 777 3288 dissimulari
800 3223 947 3307 poterat“
958 3219 991 3306 ¹).

188 3321 241 3386 88.
267 3321 361 3402 Quae
393 3335 430 3386 ut
459 3321 577 3386 melius
600 3321 834 3405 intelligantur,
868 3320 1005 3384 adverte
1027 3339 1112 3406 quae
1136 3319 1217 3384 dicit

99 3420 141 3484 de
172 3421 286 3485 Marce
323 3423 359 3486 iu
391 3423 491 3486 citata
513 3421 755 3486 Dissertatione
787 3441 818 3484 n.
845 3419 875 3483 6.
925 3416 1012 3502 ,Qui
1034 3437 1144 3480 rerum
1168 3439 1218 3481 eo·

100 3517 358 3584 olecicsticarum
393 3528 469 3583 sunt
502 3519 609 3603 periti,
643 3519 762 3602 inquit,
794 3537 861 3580 non
894 3517 1056 3600 ignorant,
1089 3513 1218 3578 duobus

100 3615 207 3684 modis
230 3616 308 3680 olim
325 3618 450 3680 versari
465 3615 576 3680 solitos
591 3616 692 3678 fuisse
713 3633 858 3677 summos
874 3611 1050 3677 Pontifices
1063 3613 1098 3674 in
1122 3633 1218 3696 qnae-

100 3713 262 3778 ationibus
297 3716 480 3800 propositis,
517 3733 603 3798 quae
647 3710 857 3795 disciplinam
898 3709 1129 3793 respiciebant,
1165 3709 1219 3773 vel

101 3833 229 3875 summo
248 3812 335 3896 jure,
358 3811 411 3875 vel
426 3813 574 3874 remisso.
622 3809 712 3873 Huic
726 3816 983 3892 temperamento
998 3817 1031 3869 et
1053 3827 1218 3872 canonum

102 3909 284 3974 remissioni
307 3908 399 3972 locus
432 3919 512 3990 erat,
546 3907 678 3994 quando
711 3904 753 3968 ob
785 3904 909 3970 bonum
940 3905 1076 3968 unitatis
1105 3913 1137 3968 et
1160 3925 1218 3989 pro

102 4005 310 4070 resarcienda
320 4005 489 4070 Ecclesiae
499 4027 580 4090 pace
598 4006 820 4068 necessarium
837 4001 1013 4066 videbatur
1025 4025 1063 4066 ea
1078 4001 1217 4066 clemen-

179 4213 200 4274 ·)
218 4209 383 4272 numeru,
403 4210 442 4264 De
461 4206 626 4262 auctoritate
637 4207 696 4260 RB.
709 4205 878 4261 Pontificum.
898 4203 957 4258 l'ol.
976 4203 1014 4258 IL
1032 4221 1054 4259 c.
1074 4205 1123 4260 tx,
1141 4207 1166 4276 g.
1185 4207 1219 4262 V.
