2936 4814
578 435 827 508 modestius·
1228 437 1246 489 5

216 577 248 640 6.
272 575 480 661 Disponente
510 579 721 661 providentia
750 582 826 662 Dei,
859 582 1010 664 inquam,
1034 578 1098 642 hoc
1121 579 1245 642 factum

125 683 186 738 est.
233 674 328 738 Haec
351 675 442 738 enim
465 675 549 738 mira
572 675 670 761 plane
688 679 816 742 ratione
848 697 919 742 sese
952 675 1096 740 ostendit
1119 677 1155 740 in
1178 684 1246 739 tota

126 772 184 836 illa
206 771 385 858 splendida
402 771 540 837 Petrum
563 781 679 856 aetate,
700 797 784 860 quae
803 783 877 861 post
899 776 962 838 trie
985 775 1093 859 prima
1116 773 1247 837 saecula

125 869 250 950 illuxit,
283 877 317 932 et
349 869 536 955 usquead
566 871 734 936 saeculum
768 874 946 959 septimum
985 893 1056 936 sese
1088 871 1246 936 extendit.

128 967 229 1048 Quod
254 967 384 1032 modico
407 967 463 1031 illo
487 971 644 1055 temporis
665 971 770 1056 spatio
785 981 897 1036 tantus
920 991 1077 1034 numerus
1100 969 1248 1032 floruerit

129 1065 313 1129 Doctorum
337 1076 370 1129 et
391 1065 538 1148 Petrum,
563 1069 620 1153 qui
645 1067 825 1134 christiana
849 1067 1004 1153 dogmata
1032 1067 1148 1132 divina
1170 1088 1247 1152 qua

127 1161 206 1226 dam
237 1163 379 1227 scientia
408 1163 627 1250 explicarunt,
658 1176 691 1230 et
720 1168 843 1252 insigni
873 1167 908 1243 ri
938 1175 1037 1250 atque
1060 1164 1248 1251 eloquentia

128 1271 244 1326 contra
268 1260 451 1326 haereticos
481 1263 755 1348 vindicaverunt,
791 1267 837 1329 ita
870 1273 908 1328 ut
942 1284 1054 1328 eorum
1085 1263 1248 1349 stupenda

126 1379 230 1444 opera
267 1360 450 1424 etiamnum
486 1371 560 1446 post
600 1385 725 1448 sacras
747 1363 935 1448 Scripturas
974 1362 1247 1447 pretiosissimum

129 1455 302 1522 Ecclesiae
324 1456 518 1522 thesaurum
550 1463 769 1526 constituenti
804 1461 839 1525 id
869 1460 934 1524 Dei
969 1459 1185 1524 directionem
1216 1467 1248 1522 et

127 1555 378 1640 protectionem,
404 1578 469 1642 qua
491 1557 677 1622 Ecclesiam
701 1559 921 1645 prosequitur,
946 1557 1120 1622 manifeste
1141 1567 1247 1622 osten·

128 1652 189 1718 dit
235 1653 287 1718 Ne
309 1653 391 1740 quid
414 1656 517 1738 igitur
539 1655 669 1721 deesset
689 1659 725 1722 in
748 1657 805 1722 illa
827 1665 936 1720 aetate
949 1654 1119 1735 Ecclesiae
1143 1656 1248 1741 splen·

128 1751 217 1834 dori,
241 1761 344 1838 utque
373 1753 448 1838 ipsa
470 1755 560 1818 omni
592 1755 649 1839 qui
672 1756 821 1818 societati
852 1755 997 1818 maxime
1026 1753 1149 1837 insigni
1174 1776 1248 1818 con·

129 1851 224 1914 venit
254 1861 354 1914 aucta
385 1859 471 1914 esset
503 1860 635 1934 ornatu,
668 1852 751 1917 tales
788 1853 887 1917 etiam
926 1852 1037 1916 statim
1070 1849 1249 1916 adfuerunt

128 1945 288 2012 historiae
310 1947 425 2034 populi
437 1949 502 2012 Dei
527 1952 712 2035 scriptores,
737 1953 793 2036 qui
817 1953 903 2015 inter
926 1957 1076 2013 auctores
1100 1951 1247 2014 omnium

128 2055 316 2131 temporum
347 2067 503 2129 summos,
533 2047 643 2112 locum
673 2049 737 2114 sibi
768 2048 952 2113 vindicant.
998 2045 1076 2112 Jam
1106 2069 1172 2110 non
1202 2048 1249 2110 in-

128 2143 319 2227 cipientem,
344 2143 399 2208 vel
422 2147 548 2210 incerto
571 2168 687 2230 gressu
701 2146 914 2212 vacillantem
939 2146 1162 2229 conspicimus
1185 2146 1249 2211 dis-

128 2239 289 2324 ciplinam
313 2251 470 2326 nosuam,
495 2243 554 2308 sed
576 2245 665 2310 illico
680 2245 779 2310 valde
793 2243 973 2331 perfectam
998 2253 1030 2306 et
1052 2243 1247 2309 absolutam.

131 2338 294 2417 Euchira,
319 2337 476 2420 Socraoea
500 2339 704 2424 Sesciacum,
733 2343 955 2420 modestos,
978 2342 1137 2428 Euagrius
1159 2341 1249 2428 apud

127 2435 318 2502 Orientales
340 2438 511 2503 historiam
525 2439 696 2506 Ecclesiae
719 2441 782 2506 hoc
805 2451 952 2525 tempore
976 2441 1100 2504 eximie
1122 2441 1250 2504 ratione

126 2544 327 2618 mactarunt3
356 2537 448 2622 apud
477 2537 616 2604 Latinos
645 2561 724 2604 vero
752 2539 900 2624 Rufinus,
925 2535 1084 2623 Salpitias
1107 2536 1249 2616 Seuerus,

129 2629 342 2697 Quum
364 2655 477 2698 eorum
508 2637 657 2720 vestigiis
686 2638 887 2700 institerunt.
934 2635 1000 2700 Sed
1028 2636 1070 2700 de
1092 2635 1144 2699 his
1168 2637 1250 2698 viris

121 2731 195 2814 jam
218 2731 320 2816 paulo
344 2732 479 2797 uberius
502 2733 670 2818 agendum
694 2756 765 2799 esse
787 2734 931 2799 videtur.

218 2829 248 2892 7.
274 2829 428 2895 Euchios
452 2829 676 2896 Caesariensis
701 2833 904 2918 Episcopus,
929 2833 986 2916 qui
1010 2839 1043 2894 et
1065 2851 1248 2915 cognomen

127 2925 231 2990 habet
245 2927 441 3013 Pamphilus
464 2951 507 2992 ex
529 2930 637 2994 amico
661 2951 719 2994 suo
743 2928 916 3015 Pamphilo
942 2938 1096 3012 martyre,
1128 2949 1248 3011 magno
1358 2917 1375 2946 ‘¹

126 3023 304 3088 fruebatur
322 3025 446 3090 lavore
480 3027 570 3112 apud
601 3027 856 3092 Constantinum
886 3029 1127 3112 imperatorem.
1182 3025 1249 3106 Qui
1298 3047 1300 3052 ·

127 3123 300 3208 cum‘ipsi
324 3124 536 3206 concederet,
564 3135 602 3189 ut
624 3147 682 3211 pro
707 3125 848 3190 ecclesie
877 3147 937 3190 sua
964 3131 1133 3210 expeteret
1156 3145 1250 3210 quos-

127 3219 207 3284 dam
231 3221 374 3302 favores,
389 3221 558 3286 Eusebius
580 3223 760 3308 respondit,
773 3222 973 3286 sufficientia
997 3243 1068 3286 csse
1091 3221 1250 3286 ecclesiae

126 3339 208 3381 suae
222 3317 322 3400 bona,
338 3341 438 3406 seque
453 3341 516 3384 nec
528 3317 701 3384 thesauros
715 3321 788 3384 auri
807 3319 863 3384 vel
877 3321 1015 3404 argenti,
1031 3341 1093 3384 nec
1107 3319 1249 3384 honores

126 3417 350 3502 expostulare.
397 3417 464 3484 Sed
487 3418 522 3483 id
545 3439 650 3482 unum
679 3439 714 3482 se
737 3427 858 3503 petere,
883 3425 920 3480 ut
942 3437 1095 3482 accessus
1119 3416 1184 3482 sibi
1207 3416 1251 3481 ad

127 3515 261 3600 imperii
298 3515 466 3597 archivis,
511 3525 544 3579 et
580 3537 660 3580 usus
704 3516 941 3581 concederetur
978 3515 1250 3580 documentorum

126 3611 339 3696 publicorum
372 3635 415 3676 ex
448 3613 589 3678 saeculis
621 3615 810 3696 transactis,
835 3636 899 3698 quo
931 3635 984 3677 res
1017 3621 1050 3676 et
1080 3611 1251 3676 historiam

127 3708 386 3774 christianorum
410 3720 565 3798 exoptata
595 3712 793 3776 certitudine
827 3720 860 3775 et
882 3711 1041 3774 fidelitate
1065 3719 1175 3796 posset
1198 3710 1252 3774 dc·

127 3808 284 3873 scribere.
330 3809 372 3873 Id
406 3809 495 3874 enim
529 3809 592 3874 sibi
625 3811 831 3896 propositum
864 3831 944 3890 esse,
978 3817 1015 3872 ut
1039 3807 1103 3871 hac
1124 3809 1252 3872 ratione

128 3905 269 3988 gloriam
284 3906 349 3970 Dei
374 3916 584 3993 promoveret
603 3917 635 3972 st
647 3907 818 3972 Ecclesiae
837 3908 904 3971 fata
923 3903 1133 3970 admirabilia
1148 3915 1252 3991 poste·

128 4004 218 4066 ritati
234 4014 456 4069 conservaret.
503 4003 634 4070 Annuit
656 4005 873 4070 libentissime
888 4003 1044 4090 precibus
1058 4004 1251 4090 Imperator,

132 4121 369 4187 accessumque
392 4102 435 4167 ad
465 4103 578 4166 omnia
600 4101 751 4167 archivio
781 4111 814 4166 et
843 4102 1043 4167 documenta
1067 4103 1196 4187 imperii
1222 4103 1251 4164 ei

133 4201 303 4264 concessit.
361 4199 473 4280 Quum
506 4221 585 4264 vero
620 4198 718 4264 simul
752 4199 919 4264 Eusebius
954 4202 1007 4263 vir
1042 4199 1251 4264 doctissimus
