2806 4848
258 437 310 490 122
437 439 477 494 De
496 440 641 496 adsummi
660 445 834 500 decrementis
852 461 884 500 ac
901 446 933 501 ds
951 444 1030 504 Oonc
1049 447 1157 502 GPtsno
1175 448 1198 502 L

257 589 402 668 tempore
413 584 556 670 episcopi
575 586 878 673 Hierosolymarum
902 589 943 654 ob
960 589 1153 675 dignitatem
1168 592 1251 658 illius
1271 591 1340 654 sedis

258 679 413 760 majorem
447 684 545 747 ctiam
577 688 804 751 arroteritatem
828 710 867 750 ao
899 687 1094 774 dignitatem
1126 690 1340 776 amplioresque

257 775 396 842 honores
420 778 647 866 obtinueruut;
672 792 704 847 et
735 785 767 850 S.
794 783 938 869 (lyrillus
963 797 1075 850 contra
1099 787 1257 852 Acacium
1279 787 1341 851 Cae·

258 876 435 940 curiensem
468 882 709 964 exemptionem
741 906 761 946 a
785 882 912 966 juribus
939 884 1198 970 metropolitanis
1220 899 1249 950 et
1269 907 1342 970 prac-

257 975 469 1039 eminentiam
503 999 581 1061 prae
615 981 684 1065 ipso
717 980 780 1046 sibi
814 981 983 1046 vindicare
1015 985 1165 1064 tentavit,
1190 983 1242 1047 illo
1264 983 1343 1046 vehs-

257 1080 383 1135 menter
405 1075 584 1141 resistente.
630 1077 668 1141 Iu
703 1077 850 1144 Concilio
875 1077 1006 1144 CPtano
1030 1081 1103 1147 IS.
1128 1079 1266 1165 Cyrillus
1291 1081 1342 1142 cxi-

257 1169 359 1232 mium
383 1169 499 1235 habuit
527 1171 645 1258 locum,
680 1185 711 1240 et
740 1176 933 1263 subscripsit
956 1187 1031 1242 ante
1055 1177 1225 1244 Gelasium
1248 1178 1343 1242 Caesa·
1380 1237 1381 1256 q

256 1287 330 1330 reae
355 1269 544 1355 episcopum
568 1281 665 1358 atquc
689 1275 791 1358 ipsius
815 1284 977 1360 nepotem.

344 1365 396 1431 49.
420 1365 461 1430 lu
494 1390 619 1433 canone
652 1371 795 1436 secundo
835 1373 974 1438 Consilii
1013 1372 1135 1438 CPtani
1183 1375 1344 1458 generatim
1380 1389 1381 1410 ³

251 1462 328 1548 jura
361 1472 393 1526 et
424 1465 598 1552 privilegia
630 1469 757 1534 sedium
784 1470 883 1554 juxta
906 1471 1058 1556 antiquos
1085 1493 1227 1536 canones
1250 1470 1345 1534 contir-
1380 1499 1381 1530 1

257 1571 405 1642 urantur3
440 1563 495 1627 sed
529 1567 671 1630 maxime
705 1590 742 1630 eo
775 1568 881 1632 tendit
912 1569 967 1632 hic
999 1569 1126 1652 canon,'
1144 1580 1181 1631 ut
1205 1568 1347 1654 episcopis

258 1658 486 1742 interdicatur,
517 1665 691 1748 quominus
722 1687 787 1730 uon
818 1668 925 1731 vocati
950 1689 1019 1730 sese
1043 1668 1204 1730 misceant
1226 1665 1347 1749 negotiis

255 1755 387 1821 alterius
411 1760 553 1842 regionis
576 1784 615 1825 ac
639 1762 806 1829 dioecesis.
836 1763 1052 1830 Occasionem
1075 1764 1132 1828 tali
1157 1764 1284 1828 decreto
1305 1761 1347 1826 de·

256 1853 349 1918 derat
379 1855 494 1920 Petrus
533 1859 719 1943 patriarcha
752 1861 1016 1944 Alexandrinus,
1049 1864 1105 1949 qui
1144 1862 1271 1928 influxu
1299 1881 1347 1922 suo

255 1963 352 2038 atque
376 1954 489 2018 favore
513 1957 674 2040 effecerat,
700 1970 736 2022 ut
759 1961 925 2024 llaximus
947 1959 1092 2045 Cynicus
1116 1961 1149 2024 in
1173 1963 1347 2046 episcopum

257 2051 425 2116 (,'·Ptaoum
459 2054 674 2121 ordinaretur.
721 2058 822 2122 Sedes
847 2057 981 2122 CPtana
1012 2079 1154 2144 eousque
1182 2056 1347 2122 secuudum

206 2145 210 2154 ’
255 2170 396 2214 canones
420 2151 529 2216 adhuc
553 2154 643 2219 nulla
675 2158 897 2242 acquisiverat
920 2156 1103 2242 privilegia,
1128 2167 1161 2220 et
1183 2153 1349 2220 Heracleae

254 2257 410 2333 tanquam
436 2251 606 2336 metropoli
629 2252 790 2318 Thraciae
825 2254 966 2320 suberat.
1012 2253 1077 2318 Sed
1102 2253 1143 2317 de
1166 2253 1251 2316 facto
1275 2273 1348 2330 mag·

254 2365 330 2408 narn
363 2345 557 2432 dignitatem
590 2361 687 2436 atque
720 2351 924 2438 splendorem
959 2353 1019 2416 ista
1043 2351 1136 2415 sedes
1160 2350 1348 2416 obtinuerat:

255 2444 325 2528 ipsa
347 2446 436 2509 onim
460 2447 638 2512 ominentia
663 2449 752 2514 urbis
775 2452 894 2534 regiae,
916 2449 1190 2534 Imperatorisque
1214 2468 1345 2534 praesen·
1381 2450 1382 2482 ³

215 2541 299 2604 ·-tia
323 2541 356 2606 id
380 2565 491 2608 secum
515 2545 673 2628 ferebant,
695 2558 730 2611 ut
744 2549 887 2612 civitatis
903 2547 1077 2632 episcopus
1101 2545 1263 2610 influxum
1286 2565 1346 2608 aruo·
1381 2569 1382 2574 ¹

255 2640 482 2726 toritatcmque
516 2644 677 2728 insignem
709 2646 902 2731 acquireret.
949 2643 988 2708 Id
1020 2641 1072 2706 vel
1105 2642 1183 2707 iude
1216 2654 1345 2728 apparit

254 2737 341 2822 quod
365 2749 437 2823 post
460 2742 684 2826 episcopatum
708 2742 952 2806 Antiochenam
976 2739 1149 2806 Eudoxias
1173 2763 1201 2804 a.
1226 2739 1289 2804 3150
1310 2757 1346 2798 so·
1381 2767 1382 2776 κ

254 2833 327 2898 dem
354 2835 519 2901 CPtanam
544 2840 716 2924 acciperet.
762 2841 946 2927 Episcopus
971 2837 1124 2902 CPtanus
1157 2837 1287 2924 quidem
1314 2832 1346 2894 de

248 2933 323 3017 juro
347 2934 513 3020 subjectus
537 2948 605 3002 erat
629 2938 852 3024 metropolitae
876 2935 1103 3016 Heracleensi,
1134 2943 1232 3020 atque
1262 2933 1345 2996 etiam

253 3029 362 3094 adhuc
386 3036 554 3116 posteriori
580 3044 724 3126 tempore
748 3035 789 3100 ab
820 3039 889 3122 ipso
913 3034 1056 3099 ordinari
1082 3031 1224 3112 solebat3
1258 3040 1344 3094 caete-

254 3151 327 3192 rum
342 3128 382 3193 dc
405 3130 490 3196 iacto
515 3132 570 3196 illa
603 3133 822 3218 dependentia
845 3135 917 3221 jam
940 3143 1087 3217 tempore
1110 3131 1253 3216 vigentis
1267 3127 1346 3190 Aris·

253 3230 350 3292 uisrni
381 3229 559 3295 admodum
583 3231 746 3296 diminuta
779 3245 857 3298 erat.
905 3230 1088 3297 Videbatur
1110 3240 1218 3292 autem
1243 3245 1345 3288 conru-

254 3329 346 3392 niens
370 3337 402 3392 et
425 3331 648 3415 exoptandum
673 3353 710 3394 eo
727 3341 882 3417 tempore,
899 3333 1045 3394 utetiam
1071 3327 1199 3392 decreto
1223 3321 1344 3388 solemni

253 3428 499 3510 praerogativae
532 3429 695 3513 quaedam
733 3432 884 3516 episcopo
919 3427 1050 3492 CPtauo
1084 3421 1345 3490 concederentur:

253 3533 351 3608 atque
367 3526 428 3587 viri
449 3547 577 3611 quoque
597 3529 770 3592 sanctitate
794 3528 917 3608 eximii,
942 3527 990 3589 uti
1015 3535 1108 3588 erant
1125 3521 1213 3586 multi
1231 3515 1344 3602 synod

253 3623 375 3700 Patres,
409 3622 443 3685 id
475 3635 695 3710 opportunum
728 3647 797 3690 esse
830 3645 961 3710 censere
985 3631 1145 3708 poterant,
1176 3639 1213 3684 no
1239 3616 1345 3680 civitas

254 3723 287 3785 in
302 3719 415 3784 ordine
439 3721 529 3784 civili
553 3733 619 3786 tem
644 3725 801 3806 eminens,
817 3723 972 3808 despecta
995 3719 1169 3785 haberetur
1190 3716 1222 3778 in
1238 3712 1345 3776 hierar·

253 3817 328 3882 chia
361 3817 591 3884 ecclesiastica.
644 3821 732 3884 Hinc
764 3822 887 3886 factum
921 3831 979 3902 est,
1013 3830 1048 3882 nt
1081 3815 1271 3880 conderetur
1301 3805 1345 3870 ille

254 3939 358 3980 canon
384 3917 507 3998 tertius,
541 3941 605 4004 quo
638 3921 792 4006 episcopo
826 3919 957 3984 CPtauo
982 3925 1054 4002 post
1077 3915 1258 3978 Romanum
1281 3929 1345 3971 coo-

254 4013 432 4078 ccdcbatur
454 4016 613 4099 primatus
636 4015 777 4084 honoris.

341 4111 393 4176 50.
417 4111 586 4198 Adjuncta
609 4114 761 4180 ulteriora
785 4116 883 4202 hujus
906 4112 1145 4178 constitutionis
1167 4109 1252 4174 haud
1278 4121 1344 4168 urire

253 4221 337 4290 sunt,
372 4209 428 4272 Stil
461 4211 549 4295 ipsae
587 4216 741 4298 temporis
776 4212 1041 4278 circumstantiae
1076 4227 1125 4280 sat
1155 4221 1344 4298 opportunas¹
