2936 4814
234 469 269 542 ‘eo
587 482 891 538 oseaeuna-s.
909 483 995 538 sem.

233 625 377 714 (ὁμοίως)
401 631 580 705 docaercnst,
614 627 708 692 amal
739 629 834 690 etiam
872 627 907 690 ia
939 627 1069 692 Indiam
1095 631 1235 716 profecti
1263 641 1356 715 post·

233 751 326 816 quant
351 729 479 815 pariter
504 726 782 812 praedicaverant,
815 721 948 807 (ὁμοίως
969 725 1023 789 καὶ
1050 721 1101 805 εἷς
1131 726 1186 814 τὴν
1208 721 1357 796 Ιταλίαν,

233 823 332 909 ὁμόσε
354 823 554 906 διδάξαντες)
577 823 683 888 codem
706 835 841 910 tempore
867 827 1054 912 martyriam
1071 826 1284 912 pertulerunt.
1313 863 1357 872 -—·

234 921 332 989 Clara
355 933 431 989 sunt
453 923 536 988 haec
565 922 669 986 verba
692 921 725 987 S.
749 922 916 1007 Dionysii,
947 924 1129 1010 eademque
1153 946 1357 988 consensum

233 1025 424 1088 unanimem
464 1021 677 1086 ecclesiarum
717 1021 827 1106 quoad
865 1021 990 1088 factum
1023 1023 1065 1086 dc
1104 1045 1168 1109 quo
1208 1025 1357 1108 agimus,

233 1123 335 1186 veluti
360 1121 400 1187 de
423 1141 460 1185 re
483 1120 654 1184 notissima
677 1141 717 1205 ap
741 1129 830 1183 certa
854 1121 1039 1186 ostendunt.

321 1221 374 1284 33.
399 1218 465 1283 Sed
488 1219 599 1282 varias
621 1219 721 1281 tricas
751 1218 932 1282 adversarii
966 1221 1084 1283 iterum
1109 1219 1358 1303 excogitarunt,

233 1327 269 1382 ut
301 1318 502 1401 Dionysium
536 1315 666 1380 fabulas
702 1315 832 1380 tradere
865 1329 999 1401 possent
1031 1318 1239 1382 contendere.
1297 1319 1359 1382 Ex

233 1416 329 1481 Actis
351 1413 584 1501 Apostolorum
614 1423 647 1478 et
677 1413 823 1498 epistolis
853 1414 958 1496 Pauli,
989 1417 1154 1501 inquiant,
1186 1415 1357 1494 videmus,

232 1516 366 1580 Petrum
390 1535 457 1577 non
480 1512 580 1576 fuisse
605 1510 756 1576 Corinthi
788 1512 944 1598 illamque
968 1513 1140 1578 ecclesiam
1165 1513 1254 1577 haud
1278 1515 1358 1578 fun-

233 1613 337 1676 dasse.
394 1609 492 1691 Quod
525 1631 604 1674 vero
637 1609 820 1694 Dionysius
853 1610 944 1691 dicit,
977 1612 1112 1675 Petrum
1144 1622 1177 1675 ct
1208 1612 1357 1676 Paulum

232 1711 328 1774 simul
367 1708 524 1774 Corintho
557 1709 593 1772 in
624 1707 757 1772 Italiam
789 1708 951 1793 proiectos
984 1731 1063 1790 esse,
1089 1710 1261 1773 manifesta
1294 1713 1359 1796 pia
1454 1782 1455 1802 ,

232 1809 395 1895 quaedam
410 1805 531 1872 fabella
545 1814 603 1871 est.
628 1843 672 1852 —-
694 1805 953 1890 Respondemus,
975 1808 1057 1870 siin
1071 1807 1166 1872 Actis
1180 1808 1359 1894 Apostolo·
1455 1882 1456 1900 ,

232 1929 306 1971 rum
330 1905 383 1971 vel
407 1907 440 1968 in
465 1903 610 1990 epistolis
640 1903 673 1970 S.
703 1903 799 1969 Pauli
823 1904 867 1969 ad
896 1903 1084 1970 Corinthios
1114 1927 1180 1970 non
1209 1927 1356 1970 comme·
1456 1985 1457 1988 Ἴ

232 2015 387 2086 moratur,
403 2003 436 2068 S.
451 2003 585 2068 Petrum
601 2001 751 2067 Corinthi
767 2003 876 2084 fuisse,
897 2002 975 2066 inde
989 2002 1177 2067 nullatenus
1192 2005 1357 2090 sequitur,
1449 2001 1453 2012 '

232 2123 308 2166 eum
331 2101 511 2187 aliquando
534 2102 570 2166 in
593 2099 657 2164 hae
679 2100 762 2164 urbe
792 2122 859 2166 non
886 2101 988 2166 fuisse
1010 2109 1110 2187 atque
1132 2101 1258 2166 ibidem
1282 2123 1356 2166 non

233 2200 450 2284 praedicasse.
496 2197 536 2262 Id
569 2197 694 2262 factum
728 2219 807 2279 esse,
841 2219 883 2262 ex
916 2201 988 2285 ipso
1012 2199 1175 2285 Dionysio
1207 2209 1245 2263 ut
1267 2207 1357 2264 teste
1459 2278 1460 2284 ἵ

233 2297 386 2384 quamvis
424 2295 587 2378 mediato,
627 2303 738 2360 tamen
777 2295 843 2361 fide
882 2295 980 2382 plane
1019 2298 1140 2382 digno,
1181 2297 1355 2363 discimus.

233 2396 334 2460 Porro
358 2415 424 2458 non
447 2394 631 2458 necessario
654 2402 764 2459 textus
778 2395 933 2480 Dionysii
962 2397 1009 2458 ita
1032 2395 1266 2478 intelligendus
1290 2405 1354 2471 est,

233 2493 322 2579 quod
345 2492 438 2557 ιίιιιιιι
461 2489 596 2578 tenpore
618 2491 666 2556 illi
689 2490 840 2578 Apostoli
855 2491 1005 2556 Corinthi
1028 2493 1161 2575 fuerint,
1185 2493 1243 2558 sed
1266 2492 1354 2558 sslud

233 2584 352 2674 ὁμοίως
383 2591 484 2655 etiam
514 2591 642 2675 par-iter
674 2589 727 2654 vel
765 2590 912 2654 similitor
943 2591 1027 2654 verti
1061 2599 1177 2676 potest.
1233 2591 1354 2676 Neque

205 2751 207 2756 .
233 2690 416 2754 necessario
440 2686 693 2771 intelligendum
715 2697 765 2753 est
787 2709 831 2752 ex
853 2695 947 2752 textu
970 2689 1136 2772 Dionysii,
1162 2688 1257 2752 cimel
1273 2711 1353 2774 prc-

224 2787 330 2874 fcctos
352 2809 422 2850 esse
445 2784 620 2871 Apostolos
652 2787 688 2850 in
719 2785 862 2868 Italiam,
894 2786 953 2850 scd
976 2795 1084 2871 potest
1111 2785 1270 2872 explicari
1296 2786 1354 2849 vel

232 2885 329 2950 sicuti
360 2883 432 2948 vult
462 2881 663 2970 Stenglein')
693 2885 740 2948 ita
764 2892 801 2948 ut
823 2877 942 2966 ὁμοίως
972 2881 1071 2966 ripuar
1098 2893 1228 2948 tantum
1250 2885 1354 2967 signi-

232 2983 317 3065 ficet,
342 2982 441 3046 etium
456 2982 491 3046 in
514 2980 578 3046 hoc
593 2983 771 3046 convenire
795 2981 867 3046 illos
877 2980 1063 3068 Apostolos,
1088 2983 1178 3068 quod
1200 2983 1237 3046 in
1250 2982 1353 3047 Italia

232 3078 383 3167 (Romae)
417 3079 599 3162 docuerint,
632 3079 687 3144 vel
718 3090 755 3144 ut
776 3089 906 3145 tantum
939 3082 1153 3166 exprimatur,
1186 3081 1222 3144 in
1251 3079 1352 3144 Italia

231 3199 286 3244 ees
309 3178 402 3244 umal
416 3176 532 3266 poe.

321 3276 373 3342 34.
397 3275 555 3342 Attamen
578 3297 637 3361 per
660 3297 694 3340 se
709 3275 792 3340 nihil
813 3274 923 3340 obstat
944 3275 1053 3340 locum
1068 3275 1224 3359 Dionysii
1248 3274 1351 3338 etiam

231 3397 270 3438 co
293 3396 390 3439 sensu
413 3374 574 3459 accipere,
605 3372 694 3459 quod
724 3373 781 3440 SS.
814 3374 931 3438 Petrus
962 3382 996 3437 et
1022 3372 1146 3440 Paulus
1169 3371 1351 3460 aliquando
1384 3461 1386 3464 Ι

231 3472 330 3536 simul
353 3469 504 3536 Corinthi
527 3470 795 3556 praedicaverint
824 3482 857 3536 et
880 3471 958 3536 inde
989 3472 1086 3537 simul
1108 3471 1247 3558 proiecti
1272 3471 1351 3552 sint,

230 3571 348 3636 Petrus
371 3569 507 3655 quidem
530 3569 654 3634 directe
677 3571 712 3634 in
735 3567 878 3651 Italiam,
903 3569 1026 3634 Paulus
1050 3592 1117 3636 non
1140 3568 1276 3656 quidem
1301 3568 1351 3632 di-

231 3678 328 3750 recte,
362 3667 420 3732 sed
453 3687 492 3730 ea
519 3667 591 3753 jam
624 3668 806 3732 intentione
829 3678 866 3731 ut
889 3678 1003 3754 postea
1026 3668 1157 3733 Italiam
1186 3668 1351 3734 visitaret.

231 3765 376 3853 Tempus
413 3763 495 3828 illud
532 3763 642 3852 (juxta
666 3764 858 3852 Franzeliu)
895 3775 972 3852 apte
1009 3767 1195 3852 concipitur
1230 3787 1259 3829 a.
1293 3765 1351 3830 53.

231 3863 336 3930 Juxta
358 3861 445 3928 hanc
468 3864 747 3948 computationem
777 3887 808 3930 a.
831 3863 874 3928 47
899 3855 1172 3929 ιιιίιὈοιιοὶΙίιιιιι
1195 3861 1350 3928 Hieroso-

230 3959 428 4044 lymitanum
451 3959 694 4046 Apostolorum,
719 3971 793 4047 post
815 3962 904 4048 quod
936 3983 1011 4026 cum
1035 3961 1157 4026 Judaei
1180 3962 1305 4026 Romae
1330 3984 1351 4024 a

235 4111 441 4118 ——-—

305 4188 325 4258 ¹)
343 4185 376 4240 V.
395 4187 510 4258 Ttbing.
531 4189 741 4256 Quartalschril't
761 4192 838 4246 1840.
858 4207 883 4259 p.
905 4193 964 4246 237.
985 4221 1018 4230 -
1038 4191 1071 4248 V.
1097 4193 1182 4248 etiam
1200 4191 1348 4248 'lillemont

230 4265 302 4324 Hist
323 4267 385 4324 ecel.
404 4265 478 4324 Tem.
497 4265 519 4324 1.
539 4267 622 4324 Notas
641 4285 688 4324 sur
706 4269 730 4326 S.
750 4268 852 4337 Pierre,
871 4277 935 4326 note
953 4271 1110 4330 XXXVIH.
