2810 4846
523 456 628 524 apiarii
645 472 732 514 causa.
1129 463 1186 516 221

72 604 122 684 ius
145 601 376 687 appellationis
399 599 442 666 ad
465 599 558 664 Rom.
582 599 774 665 Pontificem
806 603 1010 684 negaverint
1057 602 1186 689 Oppor-

4 771 5 778 ἵ
71 715 150 764 tune
172 699 217 764 ad
239 721 308 764 rem
332 698 414 764 haec
439 697 606 764 observari
622 707 776 781 possunt:
802 699 838 762 1υ
861 696 938 762 Alia
960 709 1010 764 est
1032 704 1183 785 quaestio

4 793 5 856 l
70 799 107 862 de
124 799 273 884 primata
301 797 340 860 R.
362 795 548 876 Pontifiois,
573 817 612 860 ao
640 796 772 884 dejure
804 795 882 860 huic
904 798 1060 881 primatui
1075 800 1185 864 ‚insito

69 895 245 982 recspiersdi
267 893 498 981 appellationes
511 901 670 978 tanquam
688 892 834 958 tribunal
858 913 1066 979 supremnm3
1090 896 1182 962 aliud

68 1003 116 1058 cst
139 994 332 1069 socratium
356 1013 432 1058 assa
455 1001 488 1056 et
511 991 686 1077 applicatio
719 990 818 1076 hujus
836 992 932 1076 juris.
954 1029 997 1040 --
1022 994 1061 1056 2⁰
1087 994 1184 1079 Epis-

66 1091 141 1176 copi
164 1090 317 1156 Afficani
340 1111 404 1154 noa
426 1099 567 1172 tangunt
590 1097 689 1173 atque
709 1087 892 1154 discutiunt
914 1087 1004 1154 illam
1026 1095 1183 1174 amastis-

66 1211 134 1252 aem
151 1189 322 1275 priaapii,
346 1189 411 1252 imo
428 1185 585 1272 impedito
601 1207 659 1250 suo
673 1185 829 1272 loquendi
856 1185 951 1252 modo
975 1189 1053 1252 satis
1074 1199 1180 1254 osten·

66 1285 160 1366 dunt,
194 1307 230 1349 se
263 1285 411 1350 absolute
446 1284 527 1348 illud
551 1305 741 1370 supremum
760 1285 816 1369 jus
844 1285 879 1348 in
902 1285 995 1349 Rom.
1018 1285 1184 1352 Pontifioe

64 1385 165 1448 situm
188 1405 257 1448 non
280 1405 410 1467 negare.
435 1421 478 1430 -
502 1382 567 1448 Sed
590 1381 748 1467 3⁰quoad
779 1383 961 1448 moratium
982 1391 1015 1446 et
1038 1383 1183 1470 applica·

66 1483 181 1546 tiorsem
205 1480 304 1566 hujus
322 1482 409 1566 juris
423 1489 582 1566 quantum
599 1480 641 1544 ad
658 1478 833 1544 ecclesiam
848 1477 1052 1560 Africanam,
1077 1481 1183 1546 multa

64 1589 257 1662 congerunt,
278 1589 314 1642 nt
336 1578 558 1659 difficultates,
579 1577 798 1658 incommoda,
822 1577 968 1662 pericula
992 1600 1034 1642 ex
1057 1578 1183 1645 distan-

63 1678 107 1738 tia
127 1677 279 1759 regionis
302 1685 381 1757 orta,
407 1685 440 1740 et
463 1675 718 1740 eonsuetudines
742 1673 899 1740 ecclesiae
923 1675 1101 1740 Africanae
1124 1699 1181 1763 op·

62 1783 198 1856 ponant
222 1811 267 1820 —
288 1776 329 1838 4⁰
358 1773 469 1854 Quum
493 1773 642 1838 Zosimus
667 1773 844 1858 disponens
867 1772 1023 1836 Afrorum
1047 1777 1182 1858 negotia

61 1881 277 1956 provocasset
308 1871 350 1936 ad
383 1871 543 1956 quosdam
577 1891 719 1934 canones
742 1870 916 1951 Nioaenos,
949 1869 996 1934 illi
1025 1891 1104 1935 vero
1128 1895 1181 1937 oa·

62 1991 165 2034 nones
188 1970 276 2034 inter
299 1969 431 2034 decreta
454 1968 543 2032 illius
559 1967 699 2032 Consilii
716 1991 781 2032 non
805 1969 1043 2050 invenirentur,
1067 1979 1181 2054 potue-

61 2077 134 2130 runt
163 2068 310 2152 episcopi
334 2067 412 2132 inde
429 2068 636 2132 occasionem
651 2068 806 2151 arripere,
830 2073 867 2129 ut
888 2076 1038 2151 peterent
1059 2089 1080 2130 a
1094 2068 1180 2132 Pon·

62 2163 159 2245 unce,
183 2185 227 2228 ne
261 2165 459 2230 interveniat
482 2187 521 2228 ea
543 2165 670 2228 ratione
705 2165 739 2228 in
762 2163 902 2248 negotiis
925 2163 1104 2230 Africanae
1127 2187 1179 2230 ec-

61 2259 189 2326 elesiae.
214 2262 355 2328 Licebat
386 2260 542 2326 videlieet
565 2260 629 2326 illis
658 2282 854 2346 supponere,
879 2261 1072 2326 exercitium
1091 2263 1181 2347 juris

62 2357 96 2424 R.
119 2359 321 2424 Pontificem
345 2359 430 2424 velle
463 2381 502 2423 ea
531 2359 657 2423 ratione
690 2358 858 2440 exhibere,
882 2359 978 2422 sicuti
1002 2360 1037 2423 in
1061 2358 1178 2426 Conci·

60 2454 110 2520 liis
133 2466 298 2522 statutum
322 2467 401 2539 erat,
425 2479 487 2522 neo
503 2457 663 2542 agebatur
679 2456 736 2520 illa
758 2457 917 2541 quaestio,
942 2467 1052 2520 utrum
1076 2460 1179 2522 etiam

60 2563 191 2638 praeter
224 2553 306 2620 haec
331 2554 554 2620 Conciliornm
584 2555 716 2619 decreta
734 2553 812 2640 jura
842 2575 902 2618 sua
924 2575 1052 2619 summa
1074 2556 1179 2641 appli-

61 2671 132 2714 care
157 2661 271 2736 posset
294 2662 326 2717 et
349 2653 457 2719 vellet.
491 2693 534 2702 -
558 2653 705 2718 Advorte
728 2661 849 2733 tamen,
874 2653 962 2738 ipsos
984 2655 1178 2737 praesertim

62 2749 171 2834 quoad
214 2750 451 2837 appellationes
484 2753 712 2837 episcoporum
746 2750 836 2836 loqui
871 2750 997 2814 ratione
1031 2750 1178 2834 quadam

61 2869 143 2931 vaga
180 2855 215 2912 et
238 2849 397 2932 mitigata,
434 2849 513 2914 dum
548 2857 664 2934 petunt
698 2869 740 2912 ne
755 2845 859 2933 facile
893 2867 932 2910 ac
959 2869 1180 2933 praepropere

4 2969 5 3016 ᾗ
60 2947 234 3031 episcopos
269 2946 471 3033 appellantes
505 2946 676 3028 admittat3
714 2967 753 3010 ao
787 2944 968 3028 generatim
1004 2943 1177 3028 epistolam

62 3041 148 3106 illam
173 3067 241 3108 aaa
264 3067 329 3109 esee
352 3044 684 3129 declarationemque
708 3044 861 3129 rejiciunt
883 3040 1121 3126 appellationes
1144 3053 1179 3108 et

62 3139 339 3208 interventionem
366 3143 404 3209 R
436 3143 607 3208 Pontificis
640 3153 676 3204 ut
708 3143 836 3204 irritum
862 3149 893 3202 et
916 3138 1100 3204 invalidum
1124 3161 1179 3204 oo-

59 3247 185 3316 natnm‚
220 3239 280 3304 aed
314 3263 384 3306 esse
419 3241 670 3327 deprecationem
703 3239 745 3303 ad
775 3239 985 3323 superiorem,
1010 3259 1051 3302 ne
1074 3237 1180 3302 iaciat

59 3335 143 3417 quod
180 3337 262 3421 ipsis
294 3339 471 3404 videbatur
498 3337 737 3423 periculosum,
762 3333 1018 3415 incommodum,
1043 3357 1104 3398 nec
1127 3358 1177 3400 re·

59 3451 133 3497 vera
172 3433 379 3501 documentis
414 3459 434 3500 a
468 3435 685 3502 Pontificibus
709 3434 816 3499 allatis
850 3431 1042 3497 stabilitum.
1066 3469 1110 3480 --
1132 3434 1176 3497 5⁰

60 3525 198 3623 Aliquid
222 3533 463 3618 indulgendum
486 3543 535 3598 est
558 3535 668 3596 animo
692 3542 854 3596 commoto
877 3529 1080 3612 Praesulum,
1105 3534 1177 3616 qni-

59 3629 115 3697 bus
139 3635 303 3721 Apiarius
327 3632 391 3714 ille,
415 3654 530 3718 reapse
554 3652 629 3694 reus
653 3629 830 3695 multorum
854 3631 1041 3710 criminum,
1066 3629 1178 3715 appel-

57 3731 180 3800 latione
203 3731 246 3798 ed
270 3731 456 3795 Romanum
479 3729 674 3795 Pontificem
698 3738 731 3793 et
753 3727 870 3792 fraude
894 3747 1059 3812 quaeum
1083 3726 1175 3792 dece·

58 3842 157 3914 perat,
185 3827 396 3896 incommoda
429 3848 496 3891 non
531 3829 653 3910 exigua
688 3833 873 3910 paraverat.
922 3823 1070 3903 Quodsi
1095 3845 1177 3890 vero

58 3927 194 3994 alterins
217 3927 383 4014 progressi
404 3927 481 4008 sint,
506 3947 568 3990 neo
584 3926 618 3988 in
636 3923 789 3988 omnibus
806 3945 890 4008 quae
914 3923 948 3986 in
972 3942 1085 3985 eorum
1108 3925 1177 4008 epi*

60 4027 135 4091 stola
161 4025 330 4091 habentur
341 4023 483 4088 Romani
500 4023 669 4088 Pontificis
693 4021 921 4085 auctoritatem
945 4029 977 4083 et
995 4020 1072 4104 jura
1096 4021 1178 4084 satis

59 4126 200 4190 revereri
224 4121 416 4203 videantur,
451 4121 529 4186 inde
552 4142 630 4184 sane
654 4118 739 4184 nihil
763 4129 876 4184 contra
894 4119 972 4203 jura
995 4139 1177 4202 eorumque

60 4221 314 4307 applicationem
339 4221 453 4284 inferri
477 4227 592 4304 potest.
624 4217 695 4281 Neo
719 4218 781 4280 ista
805 4216 924 4282 Sedem
948 4214 1175 4301 Apostolicam
