2876 4814
488 497 532 549 An
549 494 619 550 Baro
637 499 739 549 auctor.
1119 496 1171 551 sm

86 639 172 704 fuerat
199 641 380 725 episcopus.
430 637 514 703 Getta
543 649 622 703 seete
653 639 883 724 Quosque
900 659 981 704 noua
1003 653 1049 706 est
1070 642 1173 728 repre-

85 740 165 802 mtla
198 759 307 802 comate
345 739 428 800 ιἐεηιι
464 737 502 802 de
531 737 747 822 l'ltdre'siorque
771 735 930 800 Aetna.
982 739 1028 802 Or
1041 738 1175 804 lautam·

85 838 127 899 deo
145 837 436 923 Hadoaophoameno
462 836 517 920 qui
548 835 625 897 ecrit
656 857 716 898 moe
747 833 924 920 refutation
955 835 1103 923 completo
1136 838 1174 902 de

85 945 186 998 testeo
205 933 249 997 lea
269 933 413 1010 hmines,
436 955 475 995 aa
497 953 616 996 nomme
634 953 699 1018 pas
722 930 798 996 colle
821 931 1012 997 d'Artenon.
1038 933 1081 998 Lo
1103 956 1175 998 nom

85 1031 386 1115 deretlrdreaiarqoe
414 1053 454 1092 ne
484 1051 515 1092 se
545 1039 734 1114 mnwoepas
765 1053 826 1092 une
849 1029 1021 1118 toutefois
1044 1053 1116 1096 ιοηι
1139 1055 1176 1097 sa

81 1129 175 1213 plum.
229 1126 270 1192 Ge
303 1127 417 1191 ailcnce
450 1137 495 1190 est
527 1126 688 1212 duptam
719 1128 791 1190 c’eot
822 1127 905 1191 celui
935 1129 1010 1192 d'oa
1036 1129 1092 1214 file
1122 1134 1177 1217 qui

84 1249 172 1289 cosam
199 1235 495 1312 respectuaasement
527 1224 555 1286 le
586 1245 660 1287 ηοιη
691 1223 729 1287 de
762 1247 820 1288 con
838 1245 957 1311 propre
975 1231 1070 1313 pera·
1095 1232 1177 1294 mois

83 1348 107 1386 o.
137 1323 241 1388 silence
278 1323 377 1387 troad
413 1322 447 1386 la
473 1321 628 1405 filiation.
675 1321 768 1386 Haeo
791 1326 1031 1406 argumentatio
1069 1344 1176 1389 errore

84 1422 180 1485 nititur
199 1421 251 1485 vol
273 1421 368 1506 lapsu
394 1421 581 1484 memoriae.
626 1419 704 1484 Jam
728 1418 875 1484 vidimus
895 1418 1176 1486 Artemonitornm

84 1529 184 1582 ecum
221 1529 373 1584 mmoem
398 1539 468 1580 essa
504 1539 544 1581 ac
567 1517 889 1599 Theodotianorum3
913 1516 1103 1584 Theodotus
1127 1543 1177 1584 oo·

84 1616 182 1678 darius
211 1618 301 1680 enim
333 1614 476 1678 asseclas
512 1613 630 1678 habuit
661 1613 874 1678 Artemonem
906 1625 939 1678 et
970 1617 1176 1682 Theodotum

83 1714 296 1796 argentarium.
353 1713 419 1778 Sed
449 1711 576 1776 Auctor
606 1711 729 1777 Philus.
768 1712 811 1776 de
842 1712 1081 1780 Theodotianis
1103 1715 1178 1780 hae-

84 1813 175 1874 reticis
195 1813 263 1895 agit
301 1831 343 1874 ex
366 1810 512 1896 professo
536 1811 575 1875 L.
600 1810 676 1875 VH.
714 1833 748 1875 u.
771 1810 832 1892 353
861 1832 922 1897 per
944 1812 1095 1878 incidens
1123 1835 1178 1878 eos

83 1919 298 1973 commemorat
333 1908 417 1973 libro
454 1929 551 1990 nono,
597 1909 675 1972 dum
714 1907 849 1972 Callisto
886 1931 1011 1974 errores
1048 1933 1179 1998 qnoque

83 2005 365 2072 Theodotianorum
398 2006 530 2092 objicit3
554 2017 653 2092 atque
683 2007 801 2070 iterum
824 2006 908 2071 libro
933 2008 965 2072 X
990 2031 1022 2074 n.
1046 2009 1088 2073 23
1113 2031 1179 2072 eoa-

84 2103 143 2168 dem
164 2105 346 2170 haereticos
375 2113 475 2169 notat
523 2104 635 2185 Quum
659 2103 867 2169 Theodotum
899 2105 1043 2170 haeresis
1067 2110 1180 2172 inven-

84 2209 168 2266 torem
189 2203 318 2267 Auctor
332 2201 678 2287 Philosophoumenon
702 2203 915 2286 nominasset,
940 2227 1006 2268 non
1029 2215 1100 2269 erat
1122 2225 1182 2269 cur

85 2298 117 2361 de
142 2301 318 2366 Artemone
350 2309 471 2384 ageret.
527 2299 583 2366 Sic
619 2301 722 2384 igitur
758 2301 905 2366 concidit
940 2305 1180 2387 argumentatio

84 2398 293 2482 conjecturalis
327 2419 426 2484 quam
459 2397 584 2462 Danaa
618 2397 717 2462 nobis
755 2398 905 2481 exhibet,
938 2401 1074 2487 ejusque
1108 2423 1181 2466 con-

84 2493 183 2583 clusio:
207 2498 302 2562 Nous
324 2519 439 2560 socom
461 2496 541 2560 dorm
564 2496 738 2560 decanatu
761 2501 782 2560 d
803 2499 875 2561 n'en
891 2501 1029 2584 pouuot'r
1060 2499 1181 2577 doctor,

84 2617 128 2676 pn
146 2593 274 2660 laomor
299 2594 355 2658 dea
375 2593 677 2680 l'lsilosopltonmeno
692 2594 751 2681 snt
772 2619 816 2659 ηη
839 2596 1003 2683 antipapa,
1027 2646 1035 2661 .
1060 2646 1067 2660 .
1093 2601 1142 2683 qn’
1158 2599 1184 2662 il

84 2691 195 2756 medo
217 2698 238 2755 d
263 2691 422 2756 Natalins
445 2715 500 2754 sur
532 2691 560 2755 le
586 2693 673 2755 trdne
707 2692 750 2756 du
791 2694 917 2758 settene
942 2695 1041 2758 luisse
1067 2707 1182 2759 uocant

81 2809 134 2870 por
153 2789 356 2880 l‘odjnration
379 2790 417 2854 de
442 2813 474 2852 oe
497 2789 632 2854 demier.

156 2887 205 2951 98.
229 2885 351 2953 Studet
382 2885 460 2950 dein
491 2887 615 2950 Damas
645 2885 837 2969 ostendere,
870 2886 960 2952 hunc
992 2890 1183 2975 antipapam

85 2981 349 3049 Artemonitarum
374 2993 407 3047 et
429 2981 775 3070 Philosophoumenon
791 2983 970 3050 Auctorem
994 3008 1064 3051 esse
1086 2986 1185 3051 Bero-

84 3101 146 3143 usm
176 3080 389 3164 haereticum,
423 3104 466 3145 ex
490 3081 639 3146 doctrina
671 3081 771 3168 hujus
793 3080 962 3148 haeretici.
1008 3083 1091 3170 Ejus
1113 3107 1184 3170 pro-

85 3174 231 3243 bationem
267 3181 422 3268 prosequi
455 3179 588 3264 longum
623 3189 724 3264 esset5
761 3179 819 3244 sed
851 3182 886 3244 in
918 3181 1033 3245 cadom
1067 3183 1185 3245 iterum

84 3271 191 3342 Darras
226 3301 295 3342 non
335 3276 442 3343 solum
473 3277 657 3342 arbitrariis
696 3277 894 3364 conjecturis
926 3278 1094 3364 indulget,
1128 3279 1186 3343 sed

84 3375 167 3438 stiam
198 3376 295 3461 plura
328 3377 502 3440 confundit
533 3385 566 3439 et
588 3375 670 3440 falso
694 3377 840 3462 exponit,
865 3377 912 3440 ito
935 3387 972 3440 ut
999 3378 1069 3463 ejus
1092 3399 1187 3461 argu-

83 3475 234 3554 mentatio,
260 3475 340 3540 dum
372 3474 562 3538 Beronem
593 3475 742 3560 apprime
766 3473 867 3537 fuisse
890 3483 1057 3538 auctorem
1080 3474 1187 3539 Philo-

84 3568 318 3654 sophoumenon
341 3570 567 3636 demonstrare
590 3573 716 3653 nititur,
741 3573 875 3636 omnino
900 3573 934 3634 vi
959 3583 1078 3638 careat.
1125 3573 1187 3636 Ne-

84 3687 138 3748 que
167 3671 219 3733 vir
250 3669 372 3755 aliquis
405 3669 553 3733 eruditus
576 3671 647 3756 ejus
671 3669 852 3734 sententiae
876 3673 1073 3755 suffragatus
1095 3680 1155 3736 est.
1164 3669 1187 3756 ¹)

161 3767 212 3832 99.
236 3767 491 3849 Existimamus,
535 3769 582 3830 uti
621 3789 663 3830 ex
695 3766 792 3831 dictis
832 3765 939 3852 colligi
963 3777 1079 3854 potest,
1103 3769 1189 3832 inter
1214 3791 1333 3834 micinno.

85 3871 218 3928 auctores
257 3864 378 3950 quibus
424 3865 595 3950 hucusque
633 3863 977 3950 Philosophoumeuon
1014 3887 1097 3952 opus
1134 3865 1188 3929 ad-

85 4019 174 4032 n...-
183 4027 238 4034 ..—
278 4031 282 4034 .

150 4111 166 4178 ')
184 4113 317 4168 Accumte
336 4121 365 4167 et
383 4114 562 4181 peremptorio
585 4113 662 4168 modo
686 4113 770 4166 Dans
794 4113 933 4167 refutatur
950 4112 984 4170 ab
1004 4113 1053 4166 Ex.
1072 4113 1190 4168 Lelebve

86 4183 108 4236 in
132 4203 176 4242 sun
194 4190 558 4247 nicaenauone1L’aute11r
582 4193 627 4247 des
647 4191 906 4258 Philosophonmsna
931 4201 958 4244 st
978 4193 1002 4246 le
1021 4192 1094 4260 Pape
1113 4193 1191 4248 Snint

87 4267 198 4336 tullium
217 4271 311 4326 Βοιιιε
329 4273 400 4326 cath.
420 4275 498 4338 1871,
517 4273 549 4326 V.
569 4273 591 4326 Ι.
609 4289 653 4340 pp.
673 4273 725 4325 367
744 4287 799 4338 sqq.
