2876 4814
488 462 553 531 Quia
571 461 656 519 tuerit
674 464 799 520 Praxeas.
1150 467 1203 522 216

81 607 180 670 resim
192 606 312 686 iuaelit,
328 607 528 674 Paracletum
537 610 670 697 fieqaoit
692 620 722 674 et
742 611 869 674 Patrem
892 610 1057 695 arecifim‘t.
1083 611 1202 675 Frsccti·

79 704 255 780 &acuant
277 729 395 770 uacuae
411 707 610 786 Praxeanae,
628 707 676 771 lic
692 731 809 794 quoque
833 709 1108 794 superseminatae,
1132 709 1203 772 dor·

78 803 251 868 mutus
274 803 439 869 amiticia
462 805 662 892 simplicitate
695 806 877 886 doctrinam
907 806 1070 870 traductae
1094 807 1204 872 dehinc

74 923 141 987 per
171 923 262 987 quem
285 903 373 966 Deus
403 903 503 968 coluit
535 905 630 968 etiam
661 903 785 968 evulsae
817 903 1013 968 uidebantur.
1059 905 1203 990 Deaique

78 1011 211 1064 mmet
227 1002 405 1086 pristimum
428 1001 537 1066 doctor
569 1002 607 1066 de
631 1002 847 1068 emendatione
870 1023 939 1082 sua,
964 1013 994 1066 et
1015 1012 1121 1066 maaet
1143 1003 1203 1068 cli·

79 1097 274 1184 roarupluem
306 1099 393 1185 apud
425 1100 607 1186 Psyclicoe,
631 1100 719 1188 apud
750 1123 827 1186 quos
856 1111 928 1164 tuuc
957 1112 1046 1188 qesta
1067 1125 1118 1164 res
1141 1113 1204 1182 eet;

78 1193 198 1258 winde
223 1195 394 1261 silendum.
441 1199 484 1262 Et
512 1221 570 1262 aas
599 1199 724 1284 quidem
746 1209 862 1284 postea
894 1201 1014 1284 equitio
1044 1199 1205 1264 Paracleti

79 1305 176 1380 atquc
200 1292 345 1379 &scama
369 1295 528 1385 disjuuecit
551 1319 572 1359 a
588 1297 752 1382 Psycliois.
800 1295 927 1359 Avenae
949 1319 1021 1361 vero
1043 1297 1121 1362 illae
1143 1299 1204 1361 uti-

77 1415 137 1476 quc
158 1402 235 1456 turm
251 1405 574 1460 caueaccccesecraut.
598 1395 651 1458 Ita
660 1393 857 1480 aliquamdiu
860 1416 923 1480 per
932 1393 1119 1480 hypocrisim
1137 1393 1205 1458 sul·

78 1489 158 1552 dola
182 1488 353 1554 aeacum
377 1491 528 1570 latitavit,
558 1502 589 1556 et
616 1514 699 1556 muac
721 1492 822 1555 denuo
852 1492 966 1578 erupit.
1013 1491 1078 1557 Sed
1100 1504 1131 1557 ct
1152 1492 1203 1556 ‹lc-

79 1611 142 1652 auo
168 1587 398 1668 animabitur,
422 1591 452 1654 si
472 1590 607 1654 uoluerit
629 1590 795 1669 Dominus,
818 1591 853 1654 iu
876 1589 937 1653 isto
961 1600 1138 1654 commeatu.

171 1683 228 1749 54.
253 1682 357 1750 Juxta
396 1686 483 1752 hanc
522 1686 717 1752 Tertulliani
756 1685 949 1751 relationem
980 1688 1125 1752 Praxeas
1162 1709 1204 1750 ex

79 1783 166 1846 Asia
191 1782 332 1847 Romam
357 1784 469 1849 intulit
491 1785 663 1868 haeresim,
688 1788 824 1872 ipseque
846 1785 970 1850 Romae
993 1807 1060 1849 non
1084 1784 1204 1848 medio·

81 1903 176 1945 crem
201 1881 298 1946 initio
320 1882 410 1968 apud
432 1883 627 1949 Pontificem
657 1882 775 1949 habuit
801 1885 1039 1948 auctoritatem.
1085 1881 1204 1946 Eidem

79 1982 186 2044 etiam
209 1980 489 2046 Montanistarum
522 1985 556 2048 in
580 1981 661 2048 Asia
692 1990 784 2067 gesta
816 1991 848 2046 et
876 1981 1041 2046 doctrinas
1073 1981 1123 2044 ita
1151 2003 1204 2044 ex-

79 2080 205 2164 posuit,
231 2087 269 2141 ut
296 2079 373 2144 iude
396 2080 551 2145 Pontifex
580 2089 828 2167 permoveretur
859 2079 902 2144 ad
935 2080 976 2143 iis
1006 2080 1205 2144 commuuio·

79 2197 159 2241 nem
186 2176 384 2261 negandam.
432 2177 544 2259 Quum
574 2177 698 2242 Romae
728 2177 822 2243 multi
852 2179 888 2242 ia
911 2177 1111 2265 simplicitate
1134 2177 1204 2242 doc·

80 2277 189 2340 trinae
213 2275 397 2356 douaircut,
421 2287 454 2342 et
475 2278 624 2343 Praxeae
648 2299 772 2341 errores
795 2297 861 2340 non
883 2277 1116 2362 perspicerent,
1147 2297 1206 2362 per

79 2373 230 2460 aliquem
264 2373 375 2439 virum
404 2383 516 2440 tamen
548 2373 690 2440 violatae
723 2375 800 2439 fidei
833 2373 1004 2438 traductus
1036 2383 1093 2440 est.
1139 2374 1205 2441 Hic

79 2471 281 2556 designatur
318 2495 338 2536 a
361 2471 564 2538 Tertulliano
601 2472 759 2537 modestis
782 2472 846 2536 illis
875 2470 986 2536 verbis
1018 2495 1081 2558 per
1118 2497 1206 2560 mem

80 2569 172 2634 Dm
193 2569 313 2649 coluit,
342 2573 466 2658 vixque
497 2571 642 2636 dubitari
673 2579 795 2656 potest,
832 2571 940 2657 ipsum
965 2568 1205 2635 Tertullianum

80 2665 143 2732 hoc
170 2667 271 2732 modo
295 2669 446 2734 indicari.
492 2669 581 2734 Dein
605 2669 725 2734 Doctor
745 2664 917 2756 (Praxeas)
941 2689 1044 2753 quum
1067 2667 1110 2732 ab
1134 2671 1205 2754 ipso

78 2766 165 2830 ratio
190 2765 419 2831 doctrinarum
442 2789 576 2832 suarum
605 2765 876 2853 expostularetur,
901 2787 956 2830 eas
979 2787 1077 2830 seusu
1100 2766 1206 2830 ortho-

79 2863 170 2928 doxo
195 2863 390 2950 explicavit,
414 2875 447 2929 et
470 2867 570 2930 etiam
594 2866 724 2951 scriptis
746 2864 982 2952 professionem
1006 2862 1083 2927 fidei
1107 2864 1206 2929 tradi·

79 2961 145 3044 dit,
170 2983 260 3048 quae
283 2962 393 3028 adhuc
421 2987 441 3028 a
465 2961 645 3028 Catholicis
673 2963 797 3028 Romae
828 2961 1095 3028 conservabatur.
1142 2960 1205 3025 Ac·-

79 3061 286 3147 quieverunt
319 3059 492 3144 Catholici,
526 3070 559 3126 et
582 3062 742 3126 sileatimn
764 3061 889 3126 factum
920 3070 969 3125 est
990 3081 1049 3146 per
1071 3058 1205 3146 aliquod

78 3169 225 3244 tempus.
273 3158 496 3224 Tertullianus
526 3180 604 3224 vero
637 3158 701 3224 illis
734 3159 851 3224 diebus
874 3159 1075 3223 Montanista
1098 3159 1205 3222 factus

78 3268 139 3336 est,
165 3255 260 3342 qued
282 3257 406 3322 accidit
439 3279 552 3322 versus
585 3279 710 3322 annum
734 3257 809 3339 205,
851 3257 896 3322 ita
929 3265 966 3320 ut
998 3278 1082 3343 quae
1114 3278 1204 3343 prae·

78 3355 207 3420 cedunt
246 3354 291 3419 ad
336 3357 432 3420 initia
474 3355 687 3441 pontificatus
734 3354 767 3421 S.
804 3354 985 3442 Zephyrini
1031 3354 1205 3419 referenda

78 3477 151 3518 esse
186 3452 375 3520 videantur.
434 3454 553 3518 Postea
589 3473 668 3518 vero
701 3453 849 3517 Praxeae
883 3452 1052 3518 doctrinae
1085 3454 1204 3518 iterum

79 3553 191 3638 magis
204 3561 407 3638 propagatae
431 3561 516 3634 sunt,
542 3561 574 3616 et
597 3573 695 3638 opere
718 3572 776 3615 suo
791 3549 1015 3615 Tertullianus
1038 3574 1074 3615 se
1097 3554 1204 3618 accin-

79 3653 132 3715 xit
154 3651 200 3716 ad
225 3670 302 3714 eum
324 3649 547 3716 refutandum.

171 3749 229 3814 55.
255 3747 416 3829 Quisnam
438 3748 539 3814 fuerit
569 3747 622 3813 ille
646 3748 800 3826 Phameae,
823 3746 914 3812 haud
937 3769 1004 3812 una
1028 3758 1076 3813 est
1098 3748 1205 3813 erudi-

81 3859 193 3912 torum
217 3855 328 3911 nostro
351 3855 499 3933 tempore
522 3848 694 3912 sententia.
740 3847 919 3931 Postquam
943 3845 1099 3910 videlicet
1122 3867 1205 3932 opus

81 3944 432 4031 Philosophoumenon
469 3945 504 4008 in
527 3944 635 4008 lucem
659 3943 784 4008 editum
822 3952 880 4025 est,
918 3943 1038 4008 eruditi
1068 3965 1205 4029 perpen-

82 4043 201 4110 dentes
216 4064 257 4107 ea
280 4063 366 4129 quae
389 4040 514 4106 ibidem
538 4042 579 4106 de
603 4043 836 4106 connorersiis
860 4062 935 4105 cum
950 4040 1205 4126 Patripassianis

81 4140 249 4228 leguntur,
274 4161 378 4227 quum
396 4139 546 4206 Praxeae
568 4139 660 4205 nulla
682 4138 740 4204 fiat
763 4140 897 4220 mentio,
921 4147 1120 4204 censuerunt
1142 4140 1203 4204 sub

81 4241 220 4306 nomine
242 4241 392 4307 Praxeae
415 4237 517 4304 alium
539 4237 651 4305 latere.
689 4235 942 4302 Advertendum
966 4236 1123 4301 videlicet
1145 4247 1195 4302 est
