2806 4848
252 469 303 522 120
422 467 462 520 De
481 463 626 519 Arianismi
646 463 821 519 decrementis
840 481 871 518 ac
889 466 922 520 de
941 465 1020 520 Cone.
1039 465 1149 518 CPteno
1167 465 1187 518 l.

83 634 239 684 seinamma.
250 611 314 676 lam
331 611 384 696 qni
396 633 435 674 ecc
451 611 545 672 Patre
560 607 704 694 Filioque
711 607 867 694 procedit,
878 611 987 673 minus
1001 619 1113 694 aptam
1124 629 1202 689 esse,
1217 629 1253 670 eo
1267 605 1341 694 qnod

251 709 395 773 insinuet
418 707 483 771 duo
507 707 671 792 principia
693 707 886 790 generantia
909 706 1068 792 Spiritum
1093 707 1259 772 Sanctum.
1282 707 1341 768 Bre-

251 829 308 870 ves
332 804 562 890 Symbolorum
587 804 802 888 professiones
832 825 960 890 semper
981 805 1157 873 harmonice
1180 805 1342 888 intelligen-

252 903 312 968 dae
328 913 405 967 sunt
427 924 502 966 curn
525 901 598 966 aliis
636 901 712 964 fidei
737 901 911 986 capitibus,
934 901 1024 967 hand
1053 927 1131 970 vero
1156 929 1197 970 ex
1221 925 1256 967 eo
1270 900 1342 988 quod

252 1002 352 1066 verba
375 1001 588 1086 grammatico
611 997 691 1064 falso
716 1001 836 1086 exponi
851 1012 992 1085 possent,
1017 1002 1140 1069 debent
1163 1002 1229 1067 diei
1252 1003 1344 1064 minus

252 1110 328 1186 apta
352 1109 384 1162 et
407 1097 506 1162 falsae
531 1099 789 1182 interpretationi
815 1097 924 1162 obvia.
971 1099 1045 1164 Istis
1070 1100 1181 1166 verbis
1205 1123 1243 1164 ee
1266 1099 1344 1160 Putre

252 1197 396 1282 Filioque
421 1194 506 1258 clarc
531 1195 727 1278 exprimitur
746 1217 784 1257 en
798 1195 920 1259 veritas
934 1219 1018 1282 quae
1043 1197 1258 1262 eristodienda
1279 1206 1344 1262 erat.

253 1292 408 1356 videlicet
422 1293 579 1376 Spiritum
597 1292 755 1356 Sanctum
781 1294 827 1355 uti
852 1316 894 1356 ex
908 1294 1004 1359 Patre
1028 1298 1073 1359 ita
1097 1299 1197 1360 etiam
1223 1317 1262 1358 ex
1276 1291 1345 1356 Filio
1384 1345 1385 1376 ,

252 1391 438 1478 procedere.
485 1390 549 1456 Sed
582 1389 712 1453 Patrem
745 1399 777 1453 et
802 1389 922 1453 Filium
951 1416 1046 1456 anum
1069 1417 1138 1458 esse
1162 1393 1346 1480 principium

252 1491 388 1575 spirans,
412 1487 616 1574 exploratum
640 1498 753 1550 estex
777 1486 832 1552 illa
858 1486 935 1553 fidei
961 1490 1119 1573 doctrina,
1151 1514 1218 1577 qua
1250 1491 1344 1552 omnia

254 1589 440 1650 communia
464 1608 533 1650 esse
556 1595 706 1650 tenemus
735 1585 840 1650 trihus
867 1591 1023 1671 personis,
1049 1591 1198 1674 exceptis
1222 1588 1347 1674 proprio·

253 1683 376 1748 tatibus
409 1682 644 1768 personalibus.
704 1683 814 1747 Etiam
848 1683 949 1748 altera
978 1686 1118 1752 farinula
1151 1685 1291 1773 Spriritns
1318 1707 1349 1746 ar

254 1783 348 1846 Patre
376 1805 436 1868 per
468 1781 586 1846 lilium
619 1781 765 1868 procedit
803 1805 822 1844 a
855 1781 983 1847 Latinis
1015 1787 1130 1848 merito
1163 1783 1349 1848 admittitur:
1385 1795 1386 1840 l

254 1901 366 1944 voram
390 1882 477 1944 enim
502 1879 683 1942 doctrinam
706 1878 849 1960 exhibet,
868 1881 894 1944 si
918 1880 1106 1946 harmonice
1131 1905 1208 1947 cum
1233 1880 1349 1967 reliquis

254 1977 331 2043 fidei
365 1977 527 2064 capitibus
560 1976 762 2060 intelligitur.
810 1975 874 2042 Sed
903 1979 1033 2045 facilius
1065 2003 1165 2067 quarn
1194 1983 1281 2067 prior
1300 1979 1349 2041 ior·
1385 1981 1386 2024 3

254 2075 343 2139 mula
375 2075 507 2139 videtur
539 2075 647 2139 sensui
682 2074 762 2138 falso
796 2075 895 2140 obvia
927 2099 1015 2160 esse,
1047 2087 1211 2164 quatenus
1243 2077 1349 2142 locutio

254 2172 392 2258 intelligi
416 2184 535 2260 posset,
570 2195 608 2238 ac
642 2175 668 2236 si
693 2174 826 2258 spiratio
850 2175 957 2239 Patris
981 2186 1013 2239 et
1035 2179 1200 2262 processio
1225 2177 1349 2263 Spiritus

255 2271 367 2337 Sancti
392 2293 433 2335 ex
458 2295 494 2334 eo
519 2293 584 2335 non
609 2271 818 2335 immediatae
843 2283 959 2354 essent,
984 2273 1040 2337 sed
1058 2272 1142 2338 Filio
1169 2273 1348 2340 intermedio

15 2415 16 2449 ,
253 2368 362 2433 locum
385 2368 552 2434 haberent.

88 2500 244 2542 annaeo„
342 2467 395 2531 47.
421 2465 604 2531 Concilium
642 2466 812 2531 CPtanum
850 2469 948 2532 etiam
977 2470 1101 2556 aliquot
1124 2495 1261 2536 canones
1290 2491 1348 2532 con-

139 2561 194 2603 Μ·
256 2561 359 2646 didit3
384 2561 479 2628 modo
513 2565 646 2650 quidem
680 2574 893 2630 numerantur
924 2577 1063 2653 septem,
1088 2567 1145 2632 sed
1170 2579 1236 2632 tres
1258 2567 1349 2631 ultimi

256 2672 368 2748 postea
397 2660 502 2726 additi
535 2683 605 2726 esse
638 2661 803 2727 videntur.
850 2663 959 2728 Primo
984 2688 1109 2731 canone
1135 2665 1348 2730 condemnatio

257 2758 428 2824 haeresum
445 2761 639 2843 continetur,
664 2771 779 2847 quarto
795 2783 872 2824 vero
888 2764 979 2827 irrita
1003 2764 1215 2830 declarantur
1229 2763 1348 2828 Maximi

258 2856 375 2942 Cynici
400 2856 563 2922 ordinatio
594 2858 730 2944 ejusque
754 2867 855 2924 actus.
897 2861 1054 2926 Secundo
1082 2871 1192 2926 autem
1219 2871 1251 2928 et
1272 2859 1348 2924 tertio

257 2954 298 3019 de
321 2956 548 3042 episcoporum
581 2959 773 3021 auctoritate
808 2956 985 3024 ethonore
1008 2962 1125 3044 agitur,
1151 2959 1263 3046 illique
1285 2955 1348 3020 celo-

257 3053 380 3120 briores
412 3065 487 3118 surrt
519 3077 566 3136 eo,
591 3054 678 3141 quod
712 3056 807 3118 tertio
831 3077 957 3119 canone
981 3057 1094 3121 Patres
1125 3057 1229 3124 veluti
1252 3053 1348 3120 funda-

257 3160 367 3216 menta
396 3153 562 3237 posuerint
589 3151 836 3238 privilegiorum
872 3155 1016 3239 episcopi
1041 3155 1177 3221 OPtani.
1226 3195 1266 3202 -
1307 3154 1348 3212 Se·

257 3249 364 3314 cundo
389 3271 514 3314 canone
538 3253 706 3314 statuitur:
734 3247 797 3324 Qui
826 3262 898 3316 snnt
926 3275 1020 3338 snper
1043 3253 1208 3318 dioecesim
1231 3249 1350 3340 episcop?

257 3371 451 3436 nequaqnam
481 3349 524 3412 acl
554 3349 699 3412 ecelesias
722 3372 800 3435 qnae
834 3361 906 3412 suni
929 3363 1021 3414 sebo
1039 3353 1204 3436 prosfiaos
1226 3351 1284 3416 sibi
1303 3361 1347 3410 ter·

256 3447 357 3510 ⁴minos
380 3447 539 3524 accedant,
563 3471 617 3508 nee
641 3469 694 3509 eos
717 3448 773 3510 hoc
794 3448 1050 3534 praesumptione
1074 3449 1284 3536 confrsndonh
1306 3443 1350 3509 sni

252 3549 350 3633 piaccia
373 3567 506 3608 canones
528 3543 769 3608 Alexandrinos
800 3544 940 3609 Antiates
969 3569 1047 3632 qnae
1075 3557 1148 3610 sant
1171 3549 1204 3612 in
1229 3547 1348 3632 aeqypto

258 3653 345 3729 repat
368 3641 556 3706 solummodo
568 3691 576 3724 ,
608 3653 637 3705 et
665 3641 803 3706 Mentis
826 3643 964 3730 episcopi
991 3643 1149 3708 Orientem
1172 3656 1289 3709 tuntum
1306 3663 1348 3726 pn

259 3741 396 3819 herrant,
420 3742 551 3804 serentis
569 3740 749 3827 privilegiis
764 3763 843 3826 qnae
857 3741 1013 3806 Nicaenis
1028 3742 1199 3808 consortibus
1222 3739 1348 3806 masiae

258 3838 610 3903 Antiochense-tributo
633 3848 713 3902 sunt.
760 3839 901 3902 Arianae
921 3861 1038 3924 quoqne
1060 3839 1207 3904 ecelesiae
1230 3833 1350 3924 episcopi

259 3959 296 4000 eo
320 3935 419 4000 solnm
449 3959 528 4022 quae
561 3947 633 4001 sunt
655 3938 690 3999 in
712 3935 839 4000 Asiam
870 3937 1004 4002 dioecesi
1031 3937 1226 4024 elispensent5
1247 3954 1347 4000 nemon

259 4045 288 4097 et
313 4034 406 4097 Ponti
434 4035 572 4122 episcopi
599 4059 637 4099 ea
660 4045 781 4098 tannem
812 4057 890 4120 quoe
922 4047 994 4100 snnt
1025 4037 1060 4101 in
1082 4037 1191 4116 Ponto,
1215 4047 1244 4100 st
1268 4033 1295 4096 T
1292 4033 1347 4094 les·

259 4132 378 4196 ciarnrn
400 4157 478 4219 qnae
501 4131 535 4196 in
562 4133 705 4197 lhroeiis
728 4143 799 4196 enni
821 4133 998 4219 pubsoreeni.
1044 4135 1120 4198 Non
1142 4134 1241 4198 erosas
1262 4141 1345 4194 orrum

260 4230 397 4316 episcopi
419 4229 506 4295 altre
529 4253 617 4294 marn
639 4231 803 4295 dioecesim
829 4253 893 4294 non
917 4231 1067 4296 accedant
1083 4242 1215 4319 propter
1237 4227 1345 4292 orditio-
