<?xml version="1.0" encoding="UTF-8"?>
<!DOCTYPE html PUBLIC "-//W3C//DTD XHTML 1.0 Transitional//EN"
    "http://www.w3.org/TR/xhtml1/DTD/xhtml1-transitional.dtd">
<html xmlns="http://www.w3.org/1999/xhtml" xml:lang="en" lang="en">
 <head>
  <title>
</title>
<meta http-equiv="Content-Type" content="text/html;charset=utf-8" />
  <meta name='ocr-system' content='tesseract 3.04.00' />
  <meta name='ocr-capabilities' content='ocr_page ocr_carea ocr_par ocr_line ocrx_word'/>
</head>
<body>
  <div class='ocr_page' id='page_1' title='image "./dissertationess02junggoog_0903.png"; bbox 0 0 2900 4800; ppageno 0'>
   <div class='ocr_carea' id='block_1_1' title="bbox 220 433 969 493">
    <p class='ocr_par' dir='ltr' id='par_1_1' title="bbox 220 433 969 493">
     <span class='ocr_line' id='line_1_1' title="bbox 220 433 969 493; baseline 0.004 -3"><span class='ocrx_word' id='word_1_1' title='bbox 220 433 276 490; x_wconf 79' lang='lat'><strong>430</strong></span> <span class='ocrx_word' id='word_1_2' title='bbox 596 437 635 491; x_wconf 89' lang='lat' dir='ltr'><strong>De</strong></span> <span class='ocrx_word' id='word_1_3' title='bbox 654 451 735 492; x_wconf 88' lang='lat' dir='ltr'><strong>causa</strong></span> <span class='ocrx_word' id='word_1_4' title='bbox 753 437 867 492; x_wconf 87' lang='lat' dir='ltr'><strong>Honorii</strong></span> <span class='ocrx_word' id='word_1_5' title='bbox 885 439 918 493; x_wconf 86' lang='lat' dir='ltr'><strong>R.</strong></span> <span class='ocrx_word' id='word_1_6' title='bbox 937 439 969 493; x_wconf 88' lang='lat' dir='ltr'><strong>P.</strong></span> 
     </span>
    </p>
   </div>
   <div class='ocr_carea' id='block_1_2' title="bbox 223 577 1347 964">
    <p class='ocr_par' dir='ltr' id='par_1_2' title="bbox 223 577 1347 964">
     <span class='ocr_line' id='line_1_2' title="bbox 223 577 1347 667; baseline 0.008 -27"><span class='ocrx_word' id='word_1_7' title='bbox 223 577 403 662; x_wconf 66' lang='lat' dir='ltr'><strong>deficientes</strong></span> <span class='ocrx_word' id='word_1_8' title='bbox 420 579 630 665; x_wconf 80' lang='lat' dir='ltr'><strong>praedicare,</strong></span> <span class='ocrx_word' id='word_1_9' title='bbox 654 579 709 645; x_wconf 92' lang='lat' dir='ltr'><strong>hic</strong></span> <span class='ocrx_word' id='word_1_10' title='bbox 732 581 866 667; x_wconf 89' lang='lat' dir='ltr'><strong>quidem</strong></span> <span class='ocrx_word' id='word_1_11' title='bbox 895 581 984 647; x_wconf 86' lang='lat' dir='ltr'><strong>haud</strong></span> <span class='ocrx_word' id='word_1_12' title='bbox 1008 583 1133 648; x_wconf 86' lang='lat' dir='ltr'><strong>directo</strong></span> <span class='ocrx_word' id='word_1_13' title='bbox 1156 583 1347 648; x_wconf 81' lang='lat' dir='ltr'><strong>referuntur</strong></span> 
     </span>
     <span class='ocr_line' id='line_1_3' title="bbox 223 675 1345 762; baseline 0.005 -22"><span class='ocrx_word' id='word_1_14' title='bbox 223 675 266 740; x_wconf 86' lang='lat' dir='ltr'><strong>ad</strong></span> <span class='ocrx_word' id='word_1_15' title='bbox 290 675 435 762; x_wconf 86' lang='lat' dir='ltr'><strong>aliquam</strong></span> <span class='ocrx_word' id='word_1_16' title='bbox 458 676 685 746; x_wconf 87' lang='lat' dir='ltr'><strong>definitionem</strong></span> <span class='ocrx_word' id='word_1_17' title='bbox 708 699 750 743; x_wconf 85' lang='lat' dir='ltr'><strong>ex</strong></span> <span class='ocrx_word' id='word_1_18' title='bbox 765 677 941 743; x_wconf 84' lang='lat' dir='ltr'><strong>Cathedra.</strong></span> <span class='ocrx_word' id='word_1_19' title='bbox 967 678 1101 746; x_wconf 91' lang='lat' dir='ltr'><strong>Clarum</strong></span> <span class='ocrx_word' id='word_1_20' title='bbox 1116 693 1228 747; x_wconf 87' lang='lat' dir='ltr'><strong>tamen</strong></span> <span class='ocrx_word' id='word_1_21' title='bbox 1244 683 1345 746; x_wconf 90' lang='lat' dir='ltr'><strong>etiam</strong></span> 
     </span>
     <span class='ocr_line' id='line_1_4' title="bbox 223 773 1345 866; baseline 0.006 -29"><span class='ocrx_word' id='word_1_22' title='bbox 223 797 266 838; x_wconf 82' lang='lat' dir='ltr'><strong>ex</strong></span> <span class='ocrx_word' id='word_1_23' title='bbox 288 773 340 838; x_wconf 91' lang='lat' dir='ltr'><strong>his</strong></span> <span class='ocrx_word' id='word_1_24' title='bbox 363 785 430 856; x_wconf 84' lang='lat' dir='ltr'><strong>est,</strong></span> <span class='ocrx_word' id='word_1_25' title='bbox 454 775 639 841; x_wconf 88' lang='lat' dir='ltr'><strong>Honorium</strong></span> <span class='ocrx_word' id='word_1_26' title='bbox 674 776 798 842; x_wconf 88' lang='lat' dir='ltr'><strong>nullam</strong></span> <span class='ocrx_word' id='word_1_27' title='bbox 831 777 994 862; x_wconf 79' lang='lat' dir='ltr'><strong>dogmatis</strong></span> <span class='ocrx_word' id='word_1_28' title='bbox 1016 778 1160 866; x_wconf 88' lang='lat' dir='ltr'><strong>alicujus</strong></span> <span class='ocrx_word' id='word_1_29' title='bbox 1183 780 1345 844; x_wconf 89' lang='lat' dir='ltr'><strong>definitio-</strong></span> 
     </span>
     <span class='ocr_line' id='line_1_5' title="bbox 224 875 1345 964; baseline 0.005 -27"><span class='ocrx_word' id='word_1_30' title='bbox 224 894 301 938; x_wconf 87' lang='lat' dir='ltr'><strong>nem</strong></span> <span class='ocrx_word' id='word_1_31' title='bbox 323 894 516 959; x_wconf 79' lang='lat' dir='ltr'><strong>proponere.</strong></span> <span class='ocrx_word' id='word_1_32' title='bbox 562 875 655 938; x_wconf 81' lang='lat' dir='ltr'><strong>Dicit</strong></span> <span class='ocrx_word' id='word_1_33' title='bbox 675 877 784 957; x_wconf 89' lang='lat' dir='ltr'><strong>enim,</strong></span> <span class='ocrx_word' id='word_1_34' title='bbox 808 876 963 942; x_wconf 85' lang='lat' dir='ltr'><strong>standum</strong></span> <span class='ocrx_word' id='word_1_35' title='bbox 988 899 1058 940; x_wconf 91' lang='lat' dir='ltr'><strong>esse</strong></span> <span class='ocrx_word' id='word_1_36' title='bbox 1082 878 1142 959; x_wconf 87' lang='lat' dir='ltr'><strong>iis,</strong></span> <span class='ocrx_word' id='word_1_37' title='bbox 1167 900 1252 964; x_wconf 87' lang='lat' dir='ltr'><strong>quae</strong></span> <span class='ocrx_word' id='word_1_38' title='bbox 1272 879 1345 963; x_wconf 87' lang='lat' dir='ltr'><strong>jam</strong></span> 
     </span>
    </p>
   </div>
   <div class='ocr_carea' id='block_1_3' title="bbox 224 969 1347 1453">
    <p class='ocr_par' dir='ltr' id='par_1_3' title="bbox 224 969 1347 1453">
     <span class='ocr_line' id='line_1_6' title="bbox 225 969 1345 1060; baseline 0.005 -26"><span class='ocrx_word' id='word_1_39' title='bbox 225 979 346 1035; x_wconf 84' lang='lat' dir='ltr'><strong>statuta</strong></span> <span class='ocrx_word' id='word_1_40' title='bbox 378 981 480 1053; x_wconf 88' lang='lat' dir='ltr'><strong>sunt,</strong></span> <span class='ocrx_word' id='word_1_41' title='bbox 505 971 662 1038; x_wconf 87' lang='lat' dir='ltr'><strong>videlicet</strong></span> <span class='ocrx_word' id='word_1_42' title='bbox 693 975 728 1038; x_wconf 93' lang='lat' dir='ltr'><strong>in</strong></span> <span class='ocrx_word' id='word_1_43' title='bbox 758 995 824 1038; x_wconf 86' lang='lat' dir='ltr'><strong>una</strong></span> <span class='ocrx_word' id='word_1_44' title='bbox 847 995 986 1060; x_wconf 83' lang='lat' dir='ltr'><strong>persona</strong></span> <span class='ocrx_word' id='word_1_45' title='bbox 1010 969 1132 1040; x_wconf 81' lang='lat' dir='ltr'><strong>Christi</strong></span> <span class='ocrx_word' id='word_1_46' title='bbox 1167 976 1250 1040; x_wconf 88' lang='lat' dir='ltr'><strong>duas</strong></span> <span class='ocrx_word' id='word_1_47' title='bbox 1267 979 1345 1040; x_wconf 81' lang='lat' dir='ltr'><strong>&#39;esse</strong></span> 
     </span>
     <span class='ocr_line' id='line_1_7' title="bbox 225 1071 1344 1159; baseline 0.004 -27"><span class='ocrx_word' id='word_1_48' title='bbox 225 1078 378 1150; x_wconf 86' lang='lat' dir='ltr'><strong>naturas,</strong></span> <span class='ocrx_word' id='word_1_49' title='bbox 403 1080 435 1134; x_wconf 90' lang='lat' dir='ltr'><strong>et</strong></span> <span class='ocrx_word' id='word_1_50' title='bbox 458 1079 632 1156; x_wconf 91' lang='lat' dir='ltr'><strong>utramque</strong></span> <span class='ocrx_word' id='word_1_51' title='bbox 655 1071 828 1135; x_wconf 85' lang='lat' dir='ltr'><strong>inconfuse</strong></span> <span class='ocrx_word' id='word_1_52' title='bbox 844 1074 977 1157; x_wconf 84' lang='lat' dir='ltr'><strong>propria</strong></span> <span class='ocrx_word' id='word_1_53' title='bbox 999 1075 1138 1159; x_wconf 80' lang='lat' dir='ltr'><strong>operari.</strong></span> <span class='ocrx_word' id='word_1_54' title='bbox 1187 1073 1254 1138; x_wconf 84' lang='lat' dir='ltr'><strong>Sed</strong></span> <span class='ocrx_word' id='word_1_55' title='bbox 1279 1093 1344 1136; x_wconf 89' lang='lat' dir='ltr'><strong>non</strong></span> 
     </span>
     <span class='ocr_line' id='line_1_8' title="bbox 224 1165 1346 1252; baseline 0.005 -22"><span class='ocrx_word' id='word_1_56' title='bbox 224 1165 345 1232; x_wconf 87' lang='lat' dir='ltr'><strong>debere</strong></span> <span class='ocrx_word' id='word_1_57' title='bbox 369 1169 613 1252; x_wconf 80' lang='lat' dir='ltr'><strong>expressionem</strong></span> <span class='ocrx_word' id='word_1_58' title='bbox 636 1167 726 1232; x_wconf 91' lang='lat' dir='ltr'><strong>illam</strong></span> <span class='ocrx_word' id='word_1_59' title='bbox 751 1179 922 1234; x_wconf 87' lang='lat' dir='ltr'><strong>externam</strong></span> <span class='ocrx_word' id='word_1_60' title='bbox 954 1192 994 1235; x_wconf 90' lang='lat' dir='ltr'><strong>ac</strong></span> <span class='ocrx_word' id='word_1_61' title='bbox 1022 1193 1144 1236; x_wconf 88' lang='lat' dir='ltr'><strong>novam</strong></span> <span class='ocrx_word' id='word_1_62' title='bbox 1168 1173 1269 1236; x_wconf 86' lang='lat' dir='ltr'><strong>unius</strong></span> <span class='ocrx_word' id='word_1_63' title='bbox 1292 1171 1346 1236; x_wconf 87' lang='lat' dir='ltr'><strong>vel</strong></span> 
     </span>
     <span class='ocr_line' id='line_1_9' title="bbox 225 1263 1347 1356; baseline 0.004 -28"><span class='ocrx_word' id='word_1_64' title='bbox 225 1263 365 1328; x_wconf 89' lang='lat' dir='ltr'><strong>duarum</strong></span> <span class='ocrx_word' id='word_1_65' title='bbox 389 1267 616 1350; x_wconf 81' lang='lat' dir='ltr'><strong>operationum</strong></span> <span class='ocrx_word' id='word_1_66' title='bbox 651 1265 782 1331; x_wconf 87' lang='lat' dir='ltr'><strong>obtrudi</strong></span> <span class='ocrx_word' id='word_1_67' title='bbox 807 1266 961 1332; x_wconf 88' lang='lat' dir='ltr'><strong>fidelibus</strong></span> <span class='ocrx_word' id='word_1_68' title='bbox 993 1268 1162 1356; x_wconf 89' lang='lat' dir='ltr'><strong>(definire,</strong></span> <span class='ocrx_word' id='word_1_69' title='bbox 1187 1268 1347 1334; x_wconf 84' lang='lat' dir='ltr'><strong>definien-</strong></span> 
     </span>
     <span class='ocr_line' id='line_1_10' title="bbox 224 1362 1347 1453; baseline 0.005 -28"><span class='ocrx_word' id='word_1_70' title='bbox 224 1372 273 1426; x_wconf 90' lang='lat' dir='ltr'><strong>tes</strong></span> <span class='ocrx_word' id='word_1_71' title='bbox 295 1362 512 1449; x_wconf 88' lang='lat' dir='ltr'><strong>praedicare).</strong></span> <span class='ocrx_word' id='word_1_72' title='bbox 559 1363 738 1430; x_wconf 84' lang='lat' dir='ltr'><strong>Existimat</strong></span> <span class='ocrx_word' id='word_1_73' title='bbox 770 1364 942 1447; x_wconf 87' lang='lat' dir='ltr'><strong>videlicet,</strong></span> <span class='ocrx_word' id='word_1_74' title='bbox 976 1365 1065 1431; x_wconf 91' lang='lat' dir='ltr'><strong>haud</strong></span> <span class='ocrx_word' id='word_1_75' title='bbox 1099 1367 1276 1453; x_wconf 86' lang='lat' dir='ltr'><strong>expedire,</strong></span> <span class='ocrx_word' id='word_1_76' title='bbox 1310 1376 1347 1431; x_wconf 96' lang='grc' dir='ltr'><strong>ιιι</strong></span> 
     </span>
    </p>
   </div>
   <div class='ocr_carea' id='block_1_4' title="bbox 223 1459 1352 2234">
    <p class='ocr_par' dir='ltr' id='par_1_4' title="bbox 223 1459 1352 2234">
     <span class='ocr_line' id='line_1_11' title="bbox 226 1459 1348 1546; baseline 0.003 -21"><span class='ocrx_word' id='word_1_77' title='bbox 226 1459 266 1526; x_wconf 93' lang='lat' dir='ltr'><strong>de</strong></span> <span class='ocrx_word' id='word_1_78' title='bbox 290 1463 518 1546; x_wconf 80' lang='lat' dir='ltr'><strong>operationum</strong></span> <span class='ocrx_word' id='word_1_79' title='bbox 551 1464 795 1546; x_wconf 87' lang='lat' dir='ltr'><strong>computatione</strong></span> <span class='ocrx_word' id='word_1_80' title='bbox 829 1472 964 1528; x_wconf 89' lang='lat' dir='ltr'><strong>externa</strong></span> <span class='ocrx_word' id='word_1_81' title='bbox 988 1463 1132 1528; x_wconf 81' lang='lat' dir='ltr'><strong>novellae</strong></span> <span class='ocrx_word' id='word_1_82' title='bbox 1154 1467 1348 1530; x_wconf 72' lang='lat' dir='ltr'><strong>invectionis</strong></span> 
     </span>
     <span class='ocr_line' id='line_1_12' title="bbox 223 1559 1348 1649; baseline 0.004 -26"><span class='ocrx_word' id='word_1_83' title='bbox 223 1559 298 1623; x_wconf 89' lang='lat' dir='ltr'><strong>lites</strong></span> <span class='ocrx_word' id='word_1_84' title='bbox 320 1570 536 1642; x_wconf 59' lang='lat' dir='ltr'><strong>generantum</strong></span> <span class='ocrx_word' id='word_1_85' title='bbox 570 1559 717 1646; x_wconf 90' lang='lat' dir='ltr'><strong>adeoque</strong></span> <span class='ocrx_word' id='word_1_86' title='bbox 751 1561 943 1646; x_wconf 90' lang='lat' dir='ltr'><strong>comprobat</strong></span> <span class='ocrx_word' id='word_1_87' title='bbox 971 1565 1197 1628; x_wconf 76' lang='lat' dir='ltr'><strong>oeconomiam</strong></span> <span class='ocrx_word' id='word_1_88' title='bbox 1228 1565 1348 1649; x_wconf 87' lang='lat' dir='ltr'><strong>practi-</strong></span> 
     </span>
     <span class='ocr_line' id='line_1_13' title="bbox 227 1657 1348 1742; baseline 0.004 -22"><span class='ocrx_word' id='word_1_89' title='bbox 227 1679 299 1722; x_wconf 89' lang='lat' dir='ltr'><strong>cam</strong></span> <span class='ocrx_word' id='word_1_90' title='bbox 324 1680 343 1720; x_wconf 91' lang='lat' dir='ltr'><strong>a</strong></span> <span class='ocrx_word' id='word_1_91' title='bbox 367 1657 481 1742; x_wconf 87' lang='lat' dir='ltr'><strong>Sergio</strong></span> <span class='ocrx_word' id='word_1_92' title='bbox 506 1667 712 1742; x_wconf 83' lang='lat' dir='ltr'><strong>suggestam,</strong></span> <span class='ocrx_word' id='word_1_93' title='bbox 746 1670 782 1722; x_wconf 88' lang='lat' dir='ltr'><strong>ut</strong></span> <span class='ocrx_word' id='word_1_94' title='bbox 814 1657 857 1723; x_wconf 89' lang='lat' dir='ltr'><strong>ab</strong></span> <span class='ocrx_word' id='word_1_95' title='bbox 882 1658 946 1723; x_wconf 89' lang='lat' dir='ltr'><strong>illis</strong></span> <span class='ocrx_word' id='word_1_96' title='bbox 970 1658 1108 1724; x_wconf 86' lang='lat' dir='ltr'><strong>vocibus</strong></span> <span class='ocrx_word' id='word_1_97' title='bbox 1132 1663 1267 1725; x_wconf 90' lang='lat' dir='ltr'><strong>omnino</strong></span> <span class='ocrx_word' id='word_1_98' title='bbox 1291 1661 1348 1725; x_wconf 86' lang='lat' dir='ltr'><strong>ab·</strong></span> 
     </span>
     <span class='ocr_line' id='line_1_14' title="bbox 226 1755 1349 1842; baseline 0.004 -23"><span class='ocrx_word' id='word_1_99' title='bbox 226 1758 397 1822; x_wconf 90' lang='lat' dir='ltr'><strong>stineatur.</strong></span> <span class='ocrx_word' id='word_1_100' title='bbox 431 1795 475 1804; x_wconf 99' lang='lat'>—</span> <span class='ocrx_word' id='word_1_101' title='bbox 507 1755 623 1842; x_wconf 87' lang='lat' dir='ltr'><strong>Neque</strong></span> <span class='ocrx_word' id='word_1_102' title='bbox 647 1755 739 1820; x_wconf 91' lang='lat' dir='ltr'><strong>dicas</strong></span> <span class='ocrx_word' id='word_1_103' title='bbox 763 1758 882 1840; x_wconf 88' lang='lat' dir='ltr'><strong>igitur,</strong></span> <span class='ocrx_word' id='word_1_104' title='bbox 907 1756 950 1820; x_wconf 92' lang='lat' dir='ltr'><strong>ab</strong></span> <span class='ocrx_word' id='word_1_105' title='bbox 974 1757 1122 1822; x_wconf 87' lang='lat' dir='ltr'><strong>Honorio</strong></span> <span class='ocrx_word' id='word_1_106' title='bbox 1145 1757 1349 1824; x_wconf 77' lang='lat' dir='ltr'><strong>declinatam</strong></span> 
     </span>
     <span class='ocr_line' id='line_1_15' title="bbox 227 1853 1350 1942; baseline 0.003 -24"><span class='ocrx_word' id='word_1_107' title='bbox 227 1875 297 1918; x_wconf 87' lang='lat' dir='ltr'><strong>esso</strong></span> <span class='ocrx_word' id='word_1_108' title='bbox 320 1853 495 1918; x_wconf 85' lang='lat' dir='ltr'><strong>formulam</strong></span> <span class='ocrx_word' id='word_1_109' title='bbox 514 1855 695 1940; x_wconf 79' lang='lat' dir='ltr'><strong>praecisam</strong></span> <span class='ocrx_word' id='word_1_110' title='bbox 718 1865 748 1918; x_wconf 85' lang='lat' dir='ltr'><strong>ct</strong></span> <span class='ocrx_word' id='word_1_111' title='bbox 779 1855 946 1919; x_wconf 83' lang='lat' dir='ltr'><strong>tccbnicom</strong></span> <span class='ocrx_word' id='word_1_112' title='bbox 970 1855 1112 1940; x_wconf 87' lang='lat' dir='ltr'><strong>duplicis</strong></span> <span class='ocrx_word' id='word_1_113' title='bbox 1135 1859 1350 1942; x_wconf 82' lang='lat' dir='ltr'><strong>operationis,</strong></span> 
     </span>
     <span class='ocr_line' id='line_1_16' title="bbox 227 1952 1352 2040; baseline 0.004 -24"><span class='ocrx_word' id='word_1_114' title='bbox 227 1975 293 2038; x_wconf 90' lang='lat' dir='ltr'><strong>qua</strong></span> <span class='ocrx_word' id='word_1_115' title='bbox 317 1952 437 2038; x_wconf 85' lang='lat' dir='ltr'><strong>dogma</strong></span> <span class='ocrx_word' id='word_1_116' title='bbox 460 1952 659 2017; x_wconf 88' lang='lat' dir='ltr'><strong>catholicum</strong></span> <span class='ocrx_word' id='word_1_117' title='bbox 692 1954 898 2038; x_wconf 86' lang='lat' dir='ltr'><strong>exprimitur.</strong></span> <span class='ocrx_word' id='word_1_118' title='bbox 945 1953 1078 2018; x_wconf 82' lang='lat' dir='ltr'><strong>Etenim</strong></span> <span class='ocrx_word' id='word_1_119' title='bbox 1111 1953 1193 2018; x_wconf 86' lang='lat' dir='ltr'><strong>haec</strong></span> <span class='ocrx_word' id='word_1_120' title='bbox 1218 1975 1352 2040; x_wconf 84' lang='lat' dir='ltr'><strong>expres·</strong></span> 
     </span>
     <span class='ocr_line' id='line_1_17' title="bbox 227 2050 1351 2117; baseline 0.003 -3"><span class='ocrx_word' id='word_1_121' title='bbox 227 2053 275 2116; x_wconf 90' lang='lat' dir='ltr'><strong>sio</strong></span> <span class='ocrx_word' id='word_1_122' title='bbox 306 2050 466 2115; x_wconf 86' lang='lat' dir='ltr'><strong>formulae</strong></span> <span class='ocrx_word' id='word_1_123' title='bbox 499 2050 671 2114; x_wconf 87' lang='lat' dir='ltr'><strong>technicac</strong></span> <span class='ocrx_word' id='word_1_124' title='bbox 704 2061 736 2114; x_wconf 93' lang='lat' dir='ltr'><strong>et</strong></span> <span class='ocrx_word' id='word_1_125' title='bbox 760 2050 1001 2116; x_wconf 86' lang='lat' dir='ltr'><strong>ecclesiasticae</strong></span> <span class='ocrx_word' id='word_1_126' title='bbox 1031 2050 1175 2115; x_wconf 90' lang='lat' dir='ltr'><strong>indolem</strong></span> <span class='ocrx_word' id='word_1_127' title='bbox 1198 2053 1351 2117; x_wconf 91' lang='lat' dir='ltr'><strong>nondum</strong></span> 
     </span>
     <span class='ocr_line' id='line_1_18' title="bbox 227 2149 937 2234; baseline 0 -22"><span class='ocrx_word' id='word_1_128' title='bbox 227 2149 389 2228; x_wconf 88' lang='lat' dir='ltr'><strong>habebat,</strong></span> <span class='ocrx_word' id='word_1_129' title='bbox 414 2149 471 2213; x_wconf 85' lang='lat' dir='ltr'><strong>sed</strong></span> <span class='ocrx_word' id='word_1_130' title='bbox 495 2160 608 2234; x_wconf 90' lang='lat' dir='ltr'><strong>postea</strong></span> <span class='ocrx_word' id='word_1_131' title='bbox 632 2157 760 2212; x_wconf 84' lang='lat' dir='ltr'><strong>tautum</strong></span> <span class='ocrx_word' id='word_1_132' title='bbox 784 2149 937 2213; x_wconf 89' lang='lat' dir='ltr'><strong>obtinuit.</strong></span> 
     </span>
    </p>
   </div>
   <div class='ocr_carea' id='block_1_5' title="bbox 59 2345 1447 4274">
    <p class='ocr_par' dir='ltr' id='par_1_5' title="bbox 227 2345 1351 2723">
     <span class='ocr_line' id='line_1_19' title="bbox 317 2345 1351 2431; baseline 0 -23"><span class='ocrx_word' id='word_1_133' title='bbox 317 2345 369 2409; x_wconf 85' lang='lat'><strong>60.</strong></span> <span class='ocrx_word' id='word_1_134' title='bbox 394 2345 472 2410; x_wconf 87' lang='lat' dir='ltr'><strong>Jam</strong></span> <span class='ocrx_word' id='word_1_135' title='bbox 495 2347 646 2431; x_wconf 89' lang='lat' dir='ltr'><strong>superius</strong></span> <span class='ocrx_word' id='word_1_136' title='bbox 662 2345 827 2426; x_wconf 86' lang='lat' dir='ltr'><strong>diximus,</strong></span> <span class='ocrx_word' id='word_1_137' title='bbox 843 2347 1006 2408; x_wconf 87' lang='lat' dir='ltr'><strong>immerito</strong></span> <span class='ocrx_word' id='word_1_138' title='bbox 1032 2347 1065 2409; x_wconf 91' lang='lat' dir='ltr'><strong>in</strong></span> <span class='ocrx_word' id='word_1_139' title='bbox 1089 2347 1285 2431; x_wconf 87' lang='lat' dir='ltr'><strong>quaestione</strong></span> <span class='ocrx_word' id='word_1_140' title='bbox 1309 2345 1351 2410; x_wconf 91' lang='lat' dir='ltr'><strong>de</strong></span> 
     </span>
     <span class='ocr_line' id='line_1_20' title="bbox 228 2441 1349 2508; baseline 0.002 -2"><span class='ocrx_word' id='word_1_141' title='bbox 228 2442 461 2508; x_wconf 83' lang='lat' dir='ltr'><strong>infallibilitate</strong></span> <span class='ocrx_word' id='word_1_142' title='bbox 485 2443 626 2507; x_wconf 87' lang='lat' dir='ltr'><strong>Romani</strong></span> <span class='ocrx_word' id='word_1_143' title='bbox 640 2443 810 2508; x_wconf 88' lang='lat' dir='ltr'><strong>Pontificis</strong></span> <span class='ocrx_word' id='word_1_144' title='bbox 829 2441 970 2508; x_wconf 88' lang='lat' dir='ltr'><strong>Honorii</strong></span> <span class='ocrx_word' id='word_1_145' title='bbox 994 2441 1118 2508; x_wconf 86' lang='lat' dir='ltr'><strong>litteras</strong></span> <span class='ocrx_word' id='word_1_146' title='bbox 1141 2445 1176 2508; x_wconf 90' lang='lat' dir='ltr'><strong>in</strong></span> <span class='ocrx_word' id='word_1_147' title='bbox 1200 2443 1349 2508; x_wconf 91' lang='lat' dir='ltr'><strong>medium</strong></span> 
     </span>
     <span class='ocr_line' id='line_1_21' title="bbox 227 2539 1351 2626; baseline 0 -20"><span class='ocrx_word' id='word_1_148' title='bbox 227 2541 368 2622; x_wconf 80' lang='lat' dir='ltr'><strong>adduci,</strong></span> <span class='ocrx_word' id='word_1_149' title='bbox 394 2543 473 2626; x_wconf 90' lang='lat' dir='ltr'><strong>quia</strong></span> <span class='ocrx_word' id='word_1_150' title='bbox 488 2540 634 2626; x_wconf 87' lang='lat' dir='ltr'><strong>aliquam</strong></span> <span class='ocrx_word' id='word_1_151' title='bbox 651 2540 877 2606; x_wconf 88' lang='lat' dir='ltr'><strong>definitionem</strong></span> <span class='ocrx_word' id='word_1_152' title='bbox 893 2563 935 2604; x_wconf 90' lang='lat' dir='ltr'><strong>cx</strong></span> <span class='ocrx_word' id='word_1_153' title='bbox 951 2539 1116 2606; x_wconf 86' lang='lat' dir='ltr'><strong>Cathedra</strong></span> <span class='ocrx_word' id='word_1_154' title='bbox 1140 2541 1221 2605; x_wconf 87' lang='lat' dir='ltr'><strong>dara</strong></span> <span class='ocrx_word' id='word_1_155' title='bbox 1246 2540 1351 2606; x_wconf 89' lang='lat' dir='ltr'><strong>nulla·</strong></span> 
     </span>
     <span class='ocr_line' id='line_1_22' title="bbox 228 2637 1350 2723; baseline 0.001 -22"><span class='ocrx_word' id='word_1_156' title='bbox 228 2649 324 2704; x_wconf 90' lang='lat' dir='ltr'><strong>tenus</strong></span> <span class='ocrx_word' id='word_1_157' title='bbox 347 2639 421 2703; x_wconf 87' lang='lat' dir='ltr'><strong>finis</strong></span> <span class='ocrx_word' id='word_1_158' title='bbox 445 2650 493 2702; x_wconf 88' lang='lat' dir='ltr'><strong>est</strong></span> <span class='ocrx_word' id='word_1_159' title='bbox 509 2637 627 2704; x_wconf 90' lang='lat' dir='ltr'><strong>harum</strong></span> <span class='ocrx_word' id='word_1_160' title='bbox 640 2639 862 2723; x_wconf 88' lang='lat' dir='ltr'><strong>epistolarum.</strong></span> <span class='ocrx_word' id='word_1_161' title='bbox 909 2639 1083 2703; x_wconf 87' lang='lat' dir='ltr'><strong>Praeterea</strong></span> <span class='ocrx_word' id='word_1_162' title='bbox 1098 2661 1176 2704; x_wconf 88' lang='lat' dir='ltr'><strong>vero</strong></span> <span class='ocrx_word' id='word_1_163' title='bbox 1200 2639 1350 2704; x_wconf 84' lang='lat' dir='ltr'><strong>animad-</strong></span> 
     </span>
    </p>

    <p class='ocr_par' dir='ltr' id='par_1_6' title="bbox 73 2735 1351 2822">
     <span class='ocr_line' id='line_1_23' title="bbox 73 2735 1351 2822; baseline 0 -22"><span class='ocrx_word' id='word_1_164' title='bbox 73 2745 208 2818; x_wconf 62' lang='lat' dir='ltr'><strong>monsone</strong></span> <span class='ocrx_word' id='word_1_165' title='bbox 228 2746 319 2801; x_wconf 86' lang='lat' dir='ltr'><strong>verto</strong></span> <span class='ocrx_word' id='word_1_166' title='bbox 351 2739 391 2801; x_wconf 86' lang='lat'><strong>4⁰</strong></span> <span class='ocrx_word' id='word_1_167' title='bbox 405 2787 413 2819; x_wconf 92' lang='lat'><strong>,</strong></span> <span class='ocrx_word' id='word_1_168' title='bbox 446 2737 673 2802; x_wconf 84' lang='lat' dir='ltr'><strong>infallibilitati</strong></span> <span class='ocrx_word' id='word_1_169' title='bbox 706 2757 879 2822; x_wconf 88' lang='lat' dir='ltr'><strong>supremae</strong></span> <span class='ocrx_word' id='word_1_170' title='bbox 910 2737 944 2800; x_wconf 90' lang='lat' dir='ltr'><strong>in</strong></span> <span class='ocrx_word' id='word_1_171' title='bbox 975 2735 1276 2801; x_wconf 82' lang='lat' dir='ltr'><strong>Constitutionibus</strong></span> <span class='ocrx_word' id='word_1_172' title='bbox 1310 2759 1351 2800; x_wconf 85' lang='lat' dir='ltr'><strong>ex</strong></span> 
     </span>
    </p>

    <p class='ocr_par' dir='ltr' id='par_1_7' title="bbox 59 2807 1447 4274">
     <span class='ocr_line' id='line_1_24' title="bbox 59 2807 1352 2920; baseline -0.003 -19"><span class='ocrx_word' id='word_1_173' title='bbox 59 2807 505 2910; x_wconf 53' lang='lat' dir='ltr'><strong>“lllffl&#39;fh&#39;cathedradatis</strong></span> <span class='ocrx_word' id='word_1_174' title='bbox 529 2857 595 2899; x_wconf 93' lang='lat' dir='ltr'><strong>non</strong></span> <span class='ocrx_word' id='word_1_175' title='bbox 631 2835 782 2915; x_wconf 89' lang='lat' dir='ltr'><strong>subesse,</strong></span> <span class='ocrx_word' id='word_1_176' title='bbox 816 2836 880 2899; x_wconf 89' lang='lat' dir='ltr'><strong>nisi</strong></span> <span class='ocrx_word' id='word_1_177' title='bbox 913 2834 1011 2916; x_wconf 90' lang='lat' dir='ltr'><strong>illud,</strong></span> <span class='ocrx_word' id='word_1_178' title='bbox 1043 2833 1131 2920; x_wconf 90' lang='lat' dir='ltr'><strong>quod</strong></span> <span class='ocrx_word' id='word_1_179' title='bbox 1155 2836 1352 2919; x_wconf 86' lang='lat' dir='ltr'><strong>proponitur</strong></span> 
     </span>
     <span class='ocr_line' id='line_1_25' title="bbox 228 2931 1349 3018; baseline -0.002 -20"><span class='ocrx_word' id='word_1_180' title='bbox 228 2943 388 3018; x_wconf 88' lang='lat' dir='ltr'><strong>tanquam</strong></span> <span class='ocrx_word' id='word_1_181' title='bbox 411 2934 600 3014; x_wconf 89' lang='lat' dir='ltr'><strong>definitum,</strong></span> <span class='ocrx_word' id='word_1_182' title='bbox 630 2933 901 3014; x_wconf 86' lang='lat' dir='ltr'><strong>determinatum,</strong></span> <span class='ocrx_word' id='word_1_183' title='bbox 937 2944 969 2996; x_wconf 90' lang='lat' dir='ltr'><strong>et</strong></span> <span class='ocrx_word' id='word_1_184' title='bbox 992 2932 1034 2999; x_wconf 86' lang='lat' dir='ltr'><strong>ab</strong></span> <span class='ocrx_word' id='word_1_185' title='bbox 1060 2931 1214 2998; x_wconf 91' lang='lat' dir='ltr'><strong>omnibus</strong></span> <span class='ocrx_word' id='word_1_186' title='bbox 1239 2941 1349 2996; x_wconf 87' lang='lat' dir='ltr'><strong>tenen-</strong></span> 
     </span>
     <span class='ocr_line' id='line_1_26' title="bbox 230 3029 1349 3117; baseline 0 -21"><span class='ocrx_word' id='word_1_187' title='bbox 230 3031 321 3096; x_wconf 91' lang='lat' dir='ltr'><strong>dum.</strong></span> <span class='ocrx_word' id='word_1_188' title='bbox 364 3029 433 3096; x_wconf 80' lang='lat' dir='ltr'><strong>Sed</strong></span> <span class='ocrx_word' id='word_1_189' title='bbox 457 3032 623 3096; x_wconf 89' lang='lat' dir='ltr'><strong>Honorius</strong></span> <span class='ocrx_word' id='word_1_190' title='bbox 647 3033 681 3094; x_wconf 89' lang='lat' dir='ltr'><strong>in</strong></span> <span class='ocrx_word' id='word_1_191' title='bbox 706 3030 853 3117; x_wconf 89' lang='lat' dir='ltr'><strong>epistolis</strong></span> <span class='ocrx_word' id='word_1_192' title='bbox 875 3031 940 3095; x_wconf 89' lang='lat' dir='ltr'><strong>illis</strong></span> <span class='ocrx_word' id='word_1_193' title='bbox 964 3033 1119 3116; x_wconf 84' lang='lat' dir='ltr'><strong>exprimit</strong></span> <span class='ocrx_word' id='word_1_194' title='bbox 1142 3029 1281 3116; x_wconf 89' lang='lat' dir='ltr'><strong>quidem</strong></span> <span class='ocrx_word' id='word_1_195' title='bbox 1305 3029 1349 3098; x_wconf 87' lang='lat' dir='ltr'><strong>id.</strong></span> 
     </span>
     <span class='ocr_line' id='line_1_27' title="bbox 231 3127 1350 3214; baseline -0.001 -20"><span class='ocrx_word' id='word_1_196' title='bbox 231 3128 272 3194; x_wconf 88' lang='lat' dir='ltr'><strong>de</strong></span> <span class='ocrx_word' id='word_1_197' title='bbox 304 3151 368 3214; x_wconf 91' lang='lat' dir='ltr'><strong>quo</strong></span> <span class='ocrx_word' id='word_1_198' title='bbox 402 3151 515 3194; x_wconf 87' lang='lat' dir='ltr'><strong>omnes</strong></span> <span class='ocrx_word' id='word_1_199' title='bbox 548 3129 809 3212; x_wconf 82' lang='lat' dir='ltr'><strong>conveniebant,</strong></span> <span class='ocrx_word' id='word_1_200' title='bbox 834 3129 982 3214; x_wconf 87' lang='lat' dir='ltr'><strong>regulam</strong></span> <span class='ocrx_word' id='word_1_201' title='bbox 1013 3128 1138 3194; x_wconf 87' lang='lat' dir='ltr'><strong>scilicet</strong></span> <span class='ocrx_word' id='word_1_202' title='bbox 1160 3127 1240 3192; x_wconf 91' lang='lat' dir='ltr'><strong>fidei</strong></span> <span class='ocrx_word' id='word_1_203' title='bbox 1267 3127 1350 3193; x_wconf 88' lang='lat' dir='ltr'><strong>Con·</strong></span> 
     </span>
     <span class='ocr_line' id='line_1_28' title="bbox 232 3225 1350 3314; baseline 0 -24"><span class='ocrx_word' id='word_1_204' title='bbox 232 3228 299 3292; x_wconf 88' lang='lat' dir='ltr'><strong>cilii</strong></span> <span class='ocrx_word' id='word_1_205' title='bbox 324 3227 603 3293; x_wconf 84' lang='lat' dir='ltr'><strong>Chalcedonensis</strong></span> <span class='ocrx_word' id='word_1_206' title='bbox 626 3227 828 3314; x_wconf 86' lang='lat' dir='ltr'><strong>sequendam</strong></span> <span class='ocrx_word' id='word_1_207' title='bbox 852 3251 921 3293; x_wconf 85' lang='lat' dir='ltr'><strong>esse</strong></span> <span class='ocrx_word' id='word_1_208' title='bbox 945 3227 988 3291; x_wconf 91' lang='lat' dir='ltr'><strong>ab</strong></span> <span class='ocrx_word' id='word_1_209' title='bbox 1012 3226 1182 3306; x_wconf 86' lang='lat' dir='ltr'><strong>omnibus;</strong></span> <span class='ocrx_word' id='word_1_210' title='bbox 1217 3225 1261 3290; x_wconf 87' lang='lat' dir='ltr'><strong>de</strong></span> <span class='ocrx_word' id='word_1_211' title='bbox 1285 3248 1350 3290; x_wconf 86' lang='lat' dir='ltr'><strong>una</strong></span> 
     </span>
     <span class='ocr_line' id='line_1_29' title="bbox 231 3323 1351 3413; baseline -0.004 -21"><span class='ocrx_word' id='word_1_212' title='bbox 231 3337 340 3392; x_wconf 88' lang='lat' dir='ltr'><strong>autem</strong></span> <span class='ocrx_word' id='word_1_213' title='bbox 356 3326 409 3391; x_wconf 87' lang='lat' dir='ltr'><strong>vel</strong></span> <span class='ocrx_word' id='word_1_214' title='bbox 433 3326 558 3413; x_wconf 91' lang='lat' dir='ltr'><strong>duplici</strong></span> <span class='ocrx_word' id='word_1_215' title='bbox 574 3325 696 3392; x_wconf 84' lang='lat' dir='ltr'><strong>Christi</strong></span> <span class='ocrx_word' id='word_1_216' title='bbox 721 3329 910 3413; x_wconf 88' lang='lat' dir='ltr'><strong>operatione</strong></span> <span class='ocrx_word' id='word_1_217' title='bbox 933 3325 1017 3390; x_wconf 92' lang='lat' dir='ltr'><strong>nihil</strong></span> <span class='ocrx_word' id='word_1_218' title='bbox 1040 3325 1170 3404; x_wconf 88' lang='lat' dir='ltr'><strong>definit,</strong></span> <span class='ocrx_word' id='word_1_219' title='bbox 1195 3335 1229 3386; x_wconf 86' lang='lat' dir='ltr'><strong>et</strong></span> <span class='ocrx_word' id='word_1_220' title='bbox 1241 3323 1351 3410; x_wconf 89' lang='lat' dir='ltr'><strong>quoad</strong></span> 
     </span>
     <span class='ocr_line' id='line_1_30' title="bbox 232 3421 1352 3506; baseline -0.005 -16"><span class='ocrx_word' id='word_1_221' title='bbox 232 3447 327 3490; x_wconf 88' lang='lat' dir='ltr'><strong>usum</strong></span> <span class='ocrx_word' id='word_1_222' title='bbox 353 3424 589 3490; x_wconf 86' lang='lat' dir='ltr'><strong>vocabulorum</strong></span> <span class='ocrx_word' id='word_1_223' title='bbox 614 3447 678 3490; x_wconf 89' lang='lat' dir='ltr'><strong>nou</strong></span> <span class='ocrx_word' id='word_1_224' title='bbox 700 3425 869 3490; x_wconf 86' lang='lat' dir='ltr'><strong>decretum</strong></span> <span class='ocrx_word' id='word_1_225' title='bbox 884 3426 1020 3506; x_wconf 86' lang='lat' dir='ltr'><strong>emittit,</strong></span> <span class='ocrx_word' id='word_1_226' title='bbox 1045 3421 1101 3488; x_wconf 91' lang='lat' dir='ltr'><strong>sed</strong></span> <span class='ocrx_word' id='word_1_227' title='bbox 1125 3431 1257 3486; x_wconf 84' lang='lat' dir='ltr'><strong>tantum</strong></span> <span class='ocrx_word' id='word_1_228' title='bbox 1283 3423 1352 3486; x_wconf 92' lang='lat' dir='ltr'><strong>hor-</strong></span> 
     </span>
     <span class='ocr_line' id='line_1_31' title="bbox 231 3519 1447 3608; baseline -0.007 -19"><span class='ocrx_word' id='word_1_229' title='bbox 231 3523 558 3605; x_wconf 86' lang='lat' dir='ltr'><strong>taturPatriarchas,</strong></span> <span class='ocrx_word' id='word_1_230' title='bbox 583 3525 676 3587; x_wconf 91' lang='lat' dir='ltr'><strong>utin</strong></span> <span class='ocrx_word' id='word_1_231' title='bbox 701 3532 852 3608; x_wconf 89' lang='lat' dir='ltr'><strong>suscepta</strong></span> <span class='ocrx_word' id='word_1_232' title='bbox 875 3524 1002 3587; x_wconf 85' lang='lat' dir='ltr'><strong>ratione</strong></span> <span class='ocrx_word' id='word_1_233' title='bbox 1026 3519 1164 3606; x_wconf 87' lang='lat' dir='ltr'><strong>agendi,</strong></span> <span class='ocrx_word' id='word_1_234' title='bbox 1188 3541 1292 3604; x_wconf 85' lang='lat' dir='ltr'><strong>quam</strong></span> <span class='ocrx_word' id='word_1_235' title='bbox 1318 3531 1353 3582; x_wconf 86' lang='lat' dir='ltr'><strong>ut</strong></span> <span class='ocrx_word' id='word_1_236' title='bbox 1446 3585 1447 3592; x_wconf 9' lang='grc' dir='ltr'>χ</span> 
     </span>
     <span class='ocr_line' id='line_1_32' title="bbox 232 3615 1447 3710; baseline -0.004 -24"><span class='ocrx_word' id='word_1_237' title='bbox 232 3622 429 3710; x_wconf 90' lang='lat' dir='ltr'><strong>prudentem</strong></span> <span class='ocrx_word' id='word_1_238' title='bbox 453 3620 616 3703; x_wconf 87' lang='lat' dir='ltr'><strong>habebat,</strong></span> <span class='ocrx_word' id='word_1_239' title='bbox 653 3621 842 3707; x_wconf 88' lang='lat' dir='ltr'><strong>procedant.</strong></span> <span class='ocrx_word' id='word_1_240' title='bbox 889 3620 924 3686; x_wconf 88' lang='lat' dir='ltr'><strong>Si</strong></span> <span class='ocrx_word' id='word_1_241' title='bbox 948 3641 1027 3683; x_wconf 84' lang='lat' dir='ltr'><strong>vero</strong></span> <span class='ocrx_word' id='word_1_242' title='bbox 1051 3619 1087 3682; x_wconf 92' lang='lat' dir='ltr'><strong>in</strong></span> <span class='ocrx_word' id='word_1_243' title='bbox 1110 3617 1152 3682; x_wconf 90' lang='lat' dir='ltr'><strong>iis</strong></span> <span class='ocrx_word' id='word_1_244' title='bbox 1175 3639 1263 3702; x_wconf 84' lang='lat' dir='ltr'><strong>quae</strong></span> <span class='ocrx_word' id='word_1_245' title='bbox 1289 3617 1353 3682; x_wconf 84' lang='lat' dir='ltr'><strong>llo-</strong></span> <span class='ocrx_word' id='word_1_246' title='bbox 1446 3615 1447 3658; x_wconf 50' lang='lat' dir='ltr'><strong>i</strong></span> 
     </span>
     <span class='ocr_line' id='line_1_33' title="bbox 232 3715 1354 3800; baseline -0.006 -14"><span class='ocrx_word' id='word_1_247' title='bbox 232 3723 345 3787; x_wconf 88' lang='lat' dir='ltr'><strong>norius</strong></span> <span class='ocrx_word' id='word_1_248' title='bbox 368 3719 431 3785; x_wconf 93' lang='lat' dir='ltr'><strong>hac</strong></span> <span class='ocrx_word' id='word_1_249' title='bbox 455 3722 626 3784; x_wconf 86' lang='lat' dir='ltr'><strong>occasione</strong></span> <span class='ocrx_word' id='word_1_250' title='bbox 647 3722 682 3785; x_wconf 93' lang='lat' dir='ltr'><strong>in</strong></span> <span class='ocrx_word' id='word_1_251' title='bbox 697 3718 885 3784; x_wconf 87' lang='lat' dir='ltr'><strong>evolutione</strong></span> <span class='ocrx_word' id='word_1_252' title='bbox 899 3719 1067 3783; x_wconf 85' lang='lat' dir='ltr'><strong>rationum</strong></span> <span class='ocrx_word' id='word_1_253' title='bbox 1090 3715 1196 3800; x_wconf 83' lang='lat' dir='ltr'><strong>Sergii</strong></span> <span class='ocrx_word' id='word_1_254' title='bbox 1221 3723 1256 3780; x_wconf 86' lang='lat' dir='ltr'><strong>et</strong></span> <span class='ocrx_word' id='word_1_255' title='bbox 1279 3737 1354 3780; x_wconf 90' lang='lat' dir='ltr'><strong>con·</strong></span> 
     </span>
     <span class='ocr_line' id='line_1_34' title="bbox 233 3811 1353 3903; baseline -0.007 -19"><span class='ocrx_word' id='word_1_256' title='bbox 233 3820 471 3884; x_wconf 91' lang='lat' dir='ltr'><strong>siderationum</strong></span> <span class='ocrx_word' id='word_1_257' title='bbox 494 3841 628 3882; x_wconf 89' lang='lat' dir='ltr'><strong>suarum</strong></span> <span class='ocrx_word' id='word_1_258' title='bbox 652 3818 785 3900; x_wconf 88' lang='lat' dir='ltr'><strong>scribit,</strong></span> <span class='ocrx_word' id='word_1_259' title='bbox 809 3817 929 3903; x_wconf 90' lang='lat' dir='ltr'><strong>aliquis</strong></span> <span class='ocrx_word' id='word_1_260' title='bbox 953 3837 1042 3880; x_wconf 89' lang='lat' dir='ltr'><strong>error</strong></span> <span class='ocrx_word' id='word_1_261' title='bbox 1065 3814 1294 3893; x_wconf 87' lang='lat' dir='ltr'><strong>inveniretur,</strong></span> <span class='ocrx_word' id='word_1_262' title='bbox 1320 3811 1353 3876; x_wconf 92' lang='lat' dir='ltr'><strong>id</strong></span> 
     </span>
     <span class='ocr_line' id='line_1_35' title="bbox 234 3910 1352 3997; baseline -0.007 -16"><span class='ocrx_word' id='word_1_263' title='bbox 234 3939 313 3982; x_wconf 91' lang='lat' dir='ltr'><strong>sane</strong></span> <span class='ocrx_word' id='word_1_264' title='bbox 344 3916 522 3983; x_wconf 89' lang='lat' dir='ltr'><strong>dolendum</strong></span> <span class='ocrx_word' id='word_1_265' title='bbox 557 3926 659 3997; x_wconf 90' lang='lat' dir='ltr'><strong>essct,</strong></span> <span class='ocrx_word' id='word_1_266' title='bbox 690 3917 748 3982; x_wconf 89' lang='lat' dir='ltr'><strong>sed</strong></span> <span class='ocrx_word' id='word_1_267' title='bbox 772 3925 886 3980; x_wconf 87' lang='lat' dir='ltr'><strong>contra</strong></span> <span class='ocrx_word' id='word_1_268' title='bbox 918 3912 1186 3980; x_wconf 80' lang='lat' dir='ltr'><strong>infallibilitatem</strong></span> <span class='ocrx_word' id='word_1_269' title='bbox 1210 3910 1352 3976; x_wconf 82' lang='lat' dir='ltr'><strong>Romani</strong></span> 
     </span>
     <span class='ocr_line' id='line_1_36' title="bbox 234 4009 1354 4100; baseline -0.006 -22"><span class='ocrx_word' id='word_1_270' title='bbox 234 4015 405 4079; x_wconf 91' lang='lat' dir='ltr'><strong>Pontificis</strong></span> <span class='ocrx_word' id='word_1_271' title='bbox 429 4037 470 4080; x_wconf 92' lang='lat' dir='ltr'><strong>ne</strong></span> <span class='ocrx_word' id='word_1_272' title='bbox 494 4016 668 4080; x_wconf 90' lang='lat' dir='ltr'><strong>minimum</strong></span> <span class='ocrx_word' id='word_1_273' title='bbox 685 4015 819 4100; x_wconf 90' lang='lat' dir='ltr'><strong>quidem</strong></span> <span class='ocrx_word' id='word_1_274' title='bbox 835 4013 1009 4099; x_wconf 86' lang='lat' dir='ltr'><strong>praeberet</strong></span> <span class='ocrx_word' id='word_1_275' title='bbox 1030 4021 1276 4096; x_wconf 88' lang='lat' dir='ltr'><strong>argumentum.</strong></span> <span class='ocrx_word' id='word_1_276' title='bbox 1308 4009 1354 4072; x_wconf 88' lang='lat' dir='ltr'><strong>At</strong></span> 
     </span>
     <span class='ocr_line' id='line_1_37' title="bbox 234 4105 1353 4193; baseline -0.006 -17"><span class='ocrx_word' id='word_1_277' title='bbox 234 4134 350 4177; x_wconf 85' lang='lat' dir='ltr'><strong>revera</strong></span> <span class='ocrx_word' id='word_1_278' title='bbox 381 4112 491 4178; x_wconf 87' lang='lat' dir='ltr'><strong>nullus</strong></span> <span class='ocrx_word' id='word_1_279' title='bbox 514 4115 648 4178; x_wconf 90' lang='lat' dir='ltr'><strong>omnino</strong></span> <span class='ocrx_word' id='word_1_280' title='bbox 672 4111 750 4177; x_wconf 92' lang='lat' dir='ltr'><strong>fidei</strong></span> <span class='ocrx_word' id='word_1_281' title='bbox 783 4133 872 4176; x_wconf 86' lang='lat' dir='ltr'><strong>error</strong></span> <span class='ocrx_word' id='word_1_282' title='bbox 894 4112 929 4176; x_wconf 91' lang='lat' dir='ltr'><strong>in</strong></span> <span class='ocrx_word' id='word_1_283' title='bbox 953 4109 1017 4175; x_wconf 91' lang='lat' dir='ltr'><strong>illis</strong></span> <span class='ocrx_word' id='word_1_284' title='bbox 1040 4108 1182 4173; x_wconf 89' lang='lat' dir='ltr'><strong>Honorii</strong></span> <span class='ocrx_word' id='word_1_285' title='bbox 1207 4105 1353 4193; x_wconf 85' lang='lat' dir='ltr'><strong>epistolis</strong></span> 
     </span>
     <span class='ocr_line' id='line_1_38' title="bbox 235 4212 413 4274; baseline 0.011 -2"><span class='ocrx_word' id='word_1_286' title='bbox 235 4212 413 4274; x_wconf 80' lang='lat' dir='ltr'><strong>invenitur.</strong></span> 
     </span>
    </p>
   </div>
   <div class='ocr_carea' id='block_1_6' title="bbox 0 0 1467 4800">
    <p class='ocr_par' dir='ltr' id='par_1_8' title="bbox 0 0 1467 4800">
     <span class='ocr_line' id='line_1_39' title="bbox 0 0 1467 4800; baseline 0 0"><span class='ocrx_word' id='word_1_287' title='bbox 0 0 1467 4800; x_wconf 95' lang='lat' dir='ltr'><strong> </strong></span> 
     </span>
    </p>
   </div>
  </div>
 </body>
</html>
