2810 4846
477 473 502 526 S.
520 472 675 528 Bonifatius
693 474 727 528 n.
745 472 775 528 P.
1131 475 1183 529 ait

158 615 552 682 ausonitanae
581 617 619 680 B.
651 615 688 681 P.
719 639 749 680 a.
772 616 961 682 418-422.
984 653 1029 666 -
1051 617 1184 682 Bonifa-
1209 639 1332 679 sonuum

71 713 171 800 tins¹)
195 715 336 778 natione
352 713 537 780 Romanus.
552 736 596 778 ex
624 715 722 778 Patre
754 712 923 795 Secundo,
947 717 1104 780 successit
1126 717 1185 782 Zo-
1241 699 1263 739 κ·
1282 701 1304 740 '²

70 815 153 878 simo
189 812 245 876 die
280 812 402 876 XXIX
423 811 618 878 Decembris
652 811 800 895 ejusdem
834 813 912 876 anni
936 822 1010 897 poet
1043 813 1183 879 duorum

70 911 200 974 dierum
234 910 537 994 interpontificium.
582 909 645 972 Vir
674 918 746 972 erat
766 909 953 976 Bonifatius
985 931 1113 975 morum
1137 912 1183 975 in·

70 1011 224 1093 tegritnte
247 1017 281 1070 et
303 1007 453 1072 docmina
475 1008 680 1092 perspicuus.
703 1005 862 1072 Attamen
876 1009 984 1072 minor
1005 1029 1081 1092 pars
1105 1007 1181 1072 cleri

68 1107 187 1170 eodem
223 1104 277 1170 die
312 1126 376 1190 quo
404 1105 590 1170 Bonifatius
623 1102 748 1168 electus
780 1111 840 1184 est,
875 1103 962 1168 facto
997 1105 1182 1185 schismate,

68 1205 169 1288 elegit
191 1201 356 1268 Eulalium
378 1201 649 1268 archidiaconum
681 1209 795 1266 contra
817 1203 1020 1268 Bonifatium
1051 1204 1185 1289 presby·

68 1313 186 1379 terum,
213 1298 332 1386 illeque
361 1301 485 1385 pariter
515 1303 550 1364 in
581 1300 776 1364 Pontificem
805 1301 975 1364 ordinatus
1005 1311 1063 1367 eet.
1109 1303 1182 1368 Hac

69 1399 107 1463 de
131 1421 169 1462 re
192 1396 413 1481 Symmachus
435 1397 558 1462 Romae
581 1397 781 1482 praefectus,
805 1399 861 1482 qui
884 1397 1015 1462 Pedalie
1038 1399 1182 1474 favebat,

67 1497 195 1561 litteras
220 1495 313 1560 dedit
335 1495 377 1559 ad
394 1495 589 1576 Honorium,
604 1495 839 1580 Imperatorem
863 1497 918 1580 qui
944 1517 1021 1560 mox
1044 1496 1108 1560 hoc
1129 1519 1184 1564 ne·
1283 1549 1288 1566 .

66 1598 194 1680 gotium
219 1615 296 1658 cnm
318 1595 512 1658 auctoritate
536 1593 680 1678 quadam
705 1593 879 1678 disponere
901 1594 993 1658 nisus
1016 1604 1074 1660 est.
1113 1595 1183 1660 Nec

68 1693 234 1756 immerito
269 1713 312 1754 ex
346 1690 409 1756 hoc
442 1691 647 1756 Bonifatium
681 1693 767 1756 inter
800 1701 833 1756 et
855 1690 1021 1756 Eulalium
1046 1692 1182 1758 dissidio

68 1793 193 1854 factum
218 1799 315 1874 putat
337 1789 463 1854 Auctor
486 1789 629 1854 Oriticae
645 1789 853 1854 Barouianae
877 1788 1037 1876 (Pagius),
1061 1800 1098 1854 ut
1120 1794 1182 1876 pri·

67 1911 156 1953 mum
174 1889 353 1968 Honorius,
377 1887 498 1952 deinde
521 1886 638 1952 Italiae
661 1907 763 1970 reges,
792 1885 848 1950 alii
871 1886 947 1950 aliia
968 1889 1182 1974 temporibus.

66 2008 135 2050 sese
150 1985 294 2050 Romani
309 1985 478 2050 Pontificis
502 1984 653 2048 electioni
677 1987 930 2066 immiscuerint3
953 1985 1042 2070 quod
1059 1985 1182 2052 malum

65 2108 84 2146 a
110 2085 230 2169 parvis
251 2084 434 2168 proiectum
467 2083 570 2146 initiis
602 2084 636 2146 in
669 2083 794 2166 grande
824 2083 992 2146 Romanae
1024 2083 1182 2150 ecclcsiae

67 2181 213 2246 dedecus
236 2191 350 2265 postea
373 2181 597 2265 degeneravit.
629 2217 673 2228 --
699 2181 868 2244 Honorius
890 2180 1073 2265 Imperator
1095 2203 1183 2246 men·

65 2279 140 2344 daci
165 2277 360 2362 Symmachi
390 2278 548 2344 relatione
581 2280 826 2342 circumventus
856 2289 1031 2366 utrumque
1055 2280 1182 2354 Raven-

8 2433 9 2446 ,
67 2397 141 2440 nam
167 2377 326 2440 accersiri
345 2377 454 2461 jimait,
488 2375 594 2440 donec
617 2397 716 2440 causa
744 2378 779 2440 in
803 2378 1031 2462 episcoporum
1056 2378 1181 2461 synodo

65 2474 288 2538 dirimeretur.
312 2473 378 2538 Sed
391 2483 568 2560 antequam
591 2474 627 2538 id
640 2474 765 2538 factum
788 2483 883 2553 esset,
898 2473 1049 2540 Erduliua
1073 2485 1180 2559 spreto

66 2571 281 2656 imperatoris
322 2571 477 2636 mandato
513 2571 637 2636 Urbem
677 2573 843 2655 ingressus
878 2582 945 2653 est3
983 2582 1182 2657 quapropter

67 2671 236 2734 Honorius
258 2668 352 2754 pulso
375 2669 505 2734 Eulalio
533 2669 736 2734 Bonifatium
759 2668 838 2734 Sedi
862 2670 1030 2734 Romanae
1053 2672 1178 2735 restitui

60 2768 170 2851 jussit.

150 2865 208 2930 36.
233 2862 273 2927 In
297 2863 379 2928 haee
401 2873 549 2948 tempora
580 2865 698 2928 incidit
720 2865 889 2929 diasidium
911 2865 994 2930 iuter
1017 2868 1179 2951 episcopos
1302 2899 1308 2936 i

8 3029 9 3040 χ
66 2965 199 3049 Africae
224 2972 254 3026 et
277 2960 388 3026 Sedent
409 2961 626 3050 Apostolicam
656 2964 760 3048 quood
791 2960 1023 3048 appellationes
1053 2963 1096 3026 ad
1119 2963 1180 3026 Ro·
1234 2970 1302 2997 “¹¹⁸-

68 3083 181 3126 mnnos
203 3058 399 3141 Pontifices3
425 3083 525 3124 causa
548 3060 630 3124 haec
650 3060 788 3124 celebris
811 3058 968 3124 videlieet
990 3061 1180 3126 sedentibus

66 3159 207 3240 Zosimo‚
232 3157 398 3222 Bonifatio
422 3169 454 3220 et
475 3155 659 3222 Caelestino
683 3160 806 3240 agitata
829 3167 887 3222 est.
933 3158 1090 3242 Apiarius
1114 3157 1180 3222 Sic-

67 3260 172 3320 censis
196 3255 371 3341 presbyter
393 3255 437 3319 cb
451 3275 578 3320 morum
595 3256 866 3341 depravationem
881 3255 923 3320 ab
940 3255 1074 3322 Urbano
1098 3259 1180 3340 epis·

68 3377 156 3440 copo,
180 3353 216 3420 S.
240 3354 420 3438 Augustini
446 3353 617 3438 discipulo,
651 3354 833 3438 depositus,
859 3375 934 3418 cum
959 3365 1072 3418 contra
1095 3353 1180 3418 Airi-

68 3474 225 3518 canarum
258 3450 470 3516 ecclesiarum
502 3473 599 3516 usum
623 3451 791 3516 Zosimum
813 3452 941 3536 Papam
974 3450 1179 3535 appellasset,

67 3550 249 3614 abeodem
275 3549 417 3632 henigne
433 3557 600 3634 exceptus,
616 3551 841 3614 communioni
865 3557 897 3612 et
921 3547 1028 3612 ordini
1053 3550 1200 3612 restitu-

68 3659 118 3710 tus
152 3657 211 3712 est.
258 3648 351 3711 Misit
385 3646 447 3712 hac
483 3649 517 3710 iu
541 3669 640 3712 causa
663 3647 813 3711 Zosimus
842 3670 872 3712 a.
896 3648 961 3712 418
984 3647 1179 3710 Faustinum

87 3827 278 3836 —-—--—-

140 3926 159 3980 'l
180 3921 344 3987 Bonifatius,
370 3923 442 3976 haud
464 3937 529 3978 vero
547 3923 705 3976 Bonifacius
729 3939 786 3978 esse
815 3922 989 3986 scribendum,
1009 3923 1109 3976 eruditi
1124 3923 1182 3991 jam

70 4015 123 4058 tore
151 4003 326 4058 conveniunt.
363 4001 408 4056 ita
437 4003 506 4056 euim
535 4003 699 4070 seripserunt
728 4003 756 4056 in
784 4002 840 4056 suis
858 4001 1048 4070 diplomatibus
1068 4001 1180 4056 Romani

71 4083 212 4138 Pontifices
232 4084 385 4150 omnesqui
405 4083 471 4136 illud
495 4100 590 4137 nomeu
609 4088 760 4152 gesseruut,
789 4083 821 4135 ad
840 4081 1007 4135 Bonifatium
1032 4081 1071 4134 IX
1090 4099 1180 4149 usque.

72 4165 215 4218 feriretur
243 4169 334 4218 antem
362 4163 411 4217 hoc
438 4179 532 4217 uomen
560 4179 577 4217 a
601 4165 668 4216 torm
684 4166 746 4231 farm
773 4169 801 4216 et
820 4177 916 4230 graeco
934 4161 1036 4216 nomini
1056 4162 1183 4230 Εὐτύχης

71 4247 219 4312 respondet
