2810 4846
470 441 614 498 Dumnstio
632 442 758 500 sutorii.
1115 445 1169 500 245

76 589 154 673 inpie
176 587 291 650 sentire
315 595 345 648 et
361 585 563 671 praedicare,
587 587 756 671 coactipcr
777 608 882 651 sacros
905 611 1039 652 canorus
1061 600 1091 652 ct
1107 611 1169 673 per

74 683 224 770 epistolum
246 683 437 748 sanctissimi
469 684 575 748 Putris
597 685 699 748 nostri
721 693 751 746 et
774 685 977 748 comministri
1002 683 1170 749 Coelcstini

76 783 221 845 Romanae
254 779 399 844 ecclesium
430 781 601 868 Episcopi,
633 780 781 867 lacrymis
813 779 942 846 subinde
968 783 1102 867 perfusi,
1126 782 1170 846 ad

73 875 217 964 hasbeen
247 879 327 942 hunc
358 888 467 942 contro
499 901 567 942 eum
598 880 783 944 sententiam
813 882 988 944 necessario
1019 881 1167 946 venimus.

73 975 159 1059 lyitur
180 975 337 1040 Dominus
360 975 480 1038 Noster
501 975 596 1040 Jssus
622 972 773 1054 Christus,
797 999 884 1062 quem
907 976 960 1055 ille
984 977 1170 1062 blasphemis

72 1073 366 1159 metuissemus,
393 1096 456 1159 per
487 1075 716 1138 sanctissimam
747 1075 827 1138 hanc
850 1073 1010 1158 Symeon
1032 1074 1170 1138 eumdem

73 1171 243 1236 Nestorium
266 1169 440 1256 episcopali
453 1171 606 1256 dipnitote
615 1173 778 1255 priuatum
791 1183 821 1236 ct
841 1171 881 1234 ab
904 1174 1046 1236 aniverso
1070 1193 1169 1236 sacer

69 1267 163 1332 donem
196 1269 353 1332 corseortic
386 1278 416 1330 et
438 1279 525 1332 coetu
557 1267 695 1332 alienum
717 1291 783 1332 esec
806 1268 954 1352 definivit.
988 1269 1042 1316 -’
1056 1267 1168 1332 Altero

70 1365 114 1429 die
144 1365 286 1430 Consilii
318 1365 430 1430 Patres
463 1367 658 1430 sententiam
691 1367 872 1450 praefatam
895 1367 1043 1430 Nestoris
1071 1367 1169 1449 signi-

69 1463 197 1527 ficarunt
221 1463 273 1528 his
297 1462 425 1526 verbis:
450 1461 568 1526 Sancta
591 1461 746 1548 Synodus,
770 1465 833 1528 Dei
854 1465 961 1549 pratis
976 1467 1076 1553 jstztu
1097 1461 1170 1526 reli-

12 1603 13 1610 κ
66 1561 301 1645 picsissimorum
333 1561 719 1646 dssistianimimorumquc
746 1561 973 1646 imperatorum
994 1571 1170 1624 nostrorum

67 1667 207 1722 statutum
230 1659 265 1720 in
287 1658 491 1743 Ephesiorum
513 1657 677 1743 metropoli
699 1668 894 1744 confiscata,
919 1659 1067 1722 Nestoris
1091 1680 1169 1722 novo

64 1754 182 1819 dudae:
213 1756 364 1839 Amissae,
398 1765 426 1818 ts
453 1765 586 1841 propter
617 1757 733 1841 impius
755 1755 1011 1840 meditationes
1042 1767 1113 1820 tuns
1140 1765 1170 1818 ct

11 1919 12 1926 χ
64 1851 206 1916 adversm
239 1873 373 1916 canonos
401 1853 641 1930 contumaciam,
673 1853 819 1938 uicesimo
852 1853 984 1916 secundo
1014 1853 1065 1916 die
1088 1873 1169 1916 men-

65 1951 102 2012 n's
128 1950 227 2015 Junii
253 1951 433 2036 praesentis
449 1953 548 2038 juata
581 1950 861 2037 ecclesiasticarum
892 1950 1086 2014 sancnonum
1118 1949 1169 2014 de·

66 2059 152 2126 creta,
187 2073 209 2111 a
241 2058 352 2110 sancta
385 2045 511 2133 synodo
536 2047 711 2133 depositum
742 2057 834 2132 atque
858 2047 898 2110 ab
921 2049 1006 2110 omni
1028 2047 1170 2110 ecclesio·

64 2145 131 2208 stico
153 2145 260 2231 produ
283 2141 420 2208 alienum
443 2165 516 2208 csse.

145 2244 198 2307 73.
222 2242 402 2306 Decretum
427 2239 566 2306 Consilii
594 2242 693 2305 etium
716 2240 849 2325 publice
880 2241 1018 2304 affixum
1041 2241 1113 2323 fuit,
1138 2250 1171 2304 et

62 2353 124 2404 tum
148 2339 273 2425 populo
297 2337 386 2402 fideli
402 2337 536 2424 Ephesi,
552 2348 622 2403 tum
638 2337 764 2423 Optsno
789 2339 986 2420 nuntiatum,
1011 2359 1050 2402 ae
1072 2337 1170 2423 paulo

63 2452 128 2520 post
151 2437 268 2502 relatio
292 2436 476 2500 accuratior
497 2457 610 2500 esrum
641 2457 725 2520 quse
749 2437 783 2500 in
806 2433 941 2519 Synodo
964 2445 1055 2520 geste
1078 2446 1172 2500 erunt

62 2557 79 2596 s
100 2535 255 2600 Patribus
279 2535 469 2598 transmisse
493 2542 541 2596 est
564 2532 767 2617 Imperatori.
814 2531 924 2618 Atque
947 2532 1070 2618 Ephesi
1094 2532 1171 2598 fide-

10 2609 11 2634 *
63 2631 135 2696 lium
160 2631 339 2696 multitudo
364 2631 497 2717 quidem
521 2651 649 2694 summa
673 2651 747 2693 cum
770 2628 1032 2714 loetitisSynodi
1058 2630 1170 2695 delini-

60 2731 179 2794 tionem
202 2751 243 2793 ss
267 2729 398 2793 decreto
421 2729 573 2813 suscepit,
597 2727 655 2792 sed
667 2727 895 2794 Candidisnus
909 2728 1036 2811 Comes,
1060 2730 1170 2793 animo

63 2829 91 2890 iu
105 2827 296 2890 Nestorium
320 2846 491 2912 propense,
516 2847 593 2890 mox
617 2823 757 2889 Consilii
781 2824 921 2890 decretis
945 2825 1099 2890 obsistere
1123 2827 1170 2888 ni-

60 2947 109 2988 sus
132 2935 194 2988 est.
241 2923 339 2987 Irrita
369 2944 408 2986 ec
440 2945 510 2986 esse
543 2921 721 3003 contendit,
745 2943 782 2986 eo
806 2921 893 3006 quod
917 2924 1171 3008 praecipitanter

59 3031 129 3084 ante
143 3020 427 3086 Antiochenorum
441 3020 622 3084 adveutum
643 3041 695 3083 res
717 3029 828 3102 gestae
851 3031 967 3100 essent,
992 3043 1031 3084 ue
1055 3021 1096 3085 de
1118 3043 1171 3104 ge-

59 3121 112 3182 stis
135 3117 181 3182 cd
194 3117 418 3183 Theodosium
441 3116 552 3180 retulit
575 3137 614 3180 ec
636 3117 772 3198 ratione,
797 3137 861 3201 qus
886 3119 920 3180 in
936 3118 1049 3182 Putres
1063 3117 1170 3203 Ephe-

58 3217 143 3278 siuos
167 3214 410 3299 ejus'unimum
429 3215 501 3300 jum
523 3216 558 3278 in
572 3214 758 3278 Nestorium
782 3213 974 3278 inclinatum
999 3215 1170 3280 vehemen-

59 3315 118 3376 tius
142 3322 377 3378 commoveret.
423 3312 593 3376 Nestorius
616 3312 738 3397 pariter
772 3331 847 3375 cum
871 3311 985 3376 decem
1009 3315 1170 3398 episcopis

59 3413 163 3474 missis
197 3410 313 3474 litteris
335 3409 380 3474 cd
401 3409 638 3490 Theodosium,
670 3410 778 3473 scrius
803 3409 844 3473 de
868 3407 1007 3474 Consilii
1031 3411 1170 3474 decretis

55 3529 93 3570 se
117 3508 160 3572 dc
184 3529 246 3571 sus
269 3507 478 3572 dcmnmionc
503 3516 698 3592 conquestus
722 3517 779 3572 set.
799 3543 842 3554 -—
856 3506 963 3591 lingis
985 3517 1095 3572 nutem
1118 3531 1170 3573 res

58 3604 182 3690 Ephesi
207 3603 417 3690 perturbatae
432 3615 517 3686 sunt,
535 3604 665 3690 quando
681 3603 827 3670 loannes
843 3603 1070 3670 Antiochense
1094 3627 1169 3670 cum

56 3705 121 3766 suis
146 3703 313 3788 episcopis
336 3723 374 3766 eo
398 3702 535 3787 appulit.

145 3801 202 3864 74.
227 3797 310 3864 Cum
343 3798 498 3864 videlicet
530 3802 674 3885 quinque
708 3799 777 3864 dies
809 3810 881 3886 post
908 3801 1104 3864 seutentiam
1129 3800 1169 3864 de

57 3899 209 3963 Nestoris
232 3896 331 3960 letam
355 3907 463 3962 esseut
486 3897 597 3982 elapsi,
623 3897 791 3983 Ephesum
822 3899 914 3960 venit
937 3919 1012 3961 cum
1035 3899 1169 3983 triginta

57 3996 223 4082 episcopis
246 3993 392 4059 Josnnes
421 3995 657 4060 Antiochense.
712 3993 778 4059 Hic
815 4017 912 4080 aegre
944 3995 1064 4078 ferens,
1099 3997 1169 4081 ipso

56 4117 119 4158 non
144 4101 337 4177 exspectato
361 4101 487 4156 tuntum
517 4115 586 4156 rem
617 4115 686 4156 esse
710 4092 902 4176 confectam,
927 4103 959 4156 ct
981 4094 1168 4158 Nestorium

55 4194 107 4254 cui
133 4189 272 4254 favebat
295 4212 364 4254 esec
394 4190 602 4272 damnatum,
636 4189 679 4254 ad
703 4187 887 4254 Concilium
912 4192 1025 4254 venire
1049 4192 1168 4270 renuit,

1203 3825 1311 3867 Adventus

1178 3887 1268 3927 scennis
1289 3891 1339 3926 rtur.
