2936 4814
509 455 586 512 Facti
604 455 746 513 vindiciae.
1151 453 1186 510 w

98 598 147 660 riri
169 597 353 684 eloquentis,
376 602 434 685 qui
456 599 650 666 festinanter
672 609 825 688 properat
848 599 891 665 ad
916 623 1051 688 scopum
1075 619 1184 666 suum.

97 695 177 774 Quod
199 720 273 762 vero
297 721 357 784 per
377 699 477 764 XXV
501 698 574 763 illos
595 721 700 765 annos
722 709 800 764 ante
822 699 987 764 Neronem
1011 700 1044 766 S.
1067 700 1185 763 Petrus

97 791 212 858 Romam
242 795 332 862 haud
364 801 501 880 venerit,
535 799 570 864 id
597 800 792 864 Lactantius
823 796 1010 864 nullatenus
1041 795 1183 873 indicat3

95 913 164 974 quae
198 917 233 958 eo
265 904 412 981 tempore
443 896 646 980 acciderunt,
671 899 741 982 ipse
763 895 908 982 generali
939 905 1069 960 tautum
1086 890 1183 958 modo

96 993 190 1070 tegit
232 993 426 1059 Adventum
447 996 537 1060 Petri
561 997 596 1059 in
622 995 740 1060 urbem
762 995 946 1059 Rommm
969 992 1030 1058 aab
1053 991 1184 1056 Nerone

95 1101 313 1173 ronrmemorat,
338 1103 376 1156 ut
406 1092 504 1158 modo
527 1093 666 1158 rhetoris
697 1093 852 1158 lectorem
869 1093 941 1178 jam
965 1091 1185 1156 concinnast

93 1183 212 1268 eleganti
234 1192 363 1254 ratione
394 1192 487 1255 sistat
515 1193 551 1256 in
582 1191 654 1256 loco
685 1214 725 1255 ac
757 1190 849 1271 urbo,
881 1191 1007 1274 inqua
1029 1187 1184 1252 ulteriora

93 1305 162 1365 quae
181 1285 282 1352 fusius
305 1297 419 1352 narrat
440 1289 643 1361 acciderunt.
690 1289 755 1354 Sed
779 1309 821 1352 ex
844 1295 1097 1352 commemorato
1120 1284 1184 1347 hoc

92 1379 216 1448 adventu
238 1385 427 1452 nullatenus
450 1387 563 1452 inferri
578 1396 695 1473 potest,
715 1409 792 1452 cum
805 1386 972 1450 Lactantii
995 1383 1183 1449 narratione

93 1499 143 1542 nou
164 1503 250 1566 posse
274 1485 441 1570 componi,
471 1495 549 1550 ante
571 1485 736 1551 Neronem
766 1485 804 1550 B.
826 1485 962 1550 Petrum
987 1482 1059 1567 jam
1083 1477 1183 1544 semel

93 1575 231 1643 iterumve
252 1581 380 1646 Romae
403 1583 514 1648 sumac.

586 1755 670 1820 m.

389 1872 544 1936 Facti
573 1871 863 1936 vindictae.

160 1981 209 2044 ot.
232 1982 429 2048 Adversarii
461 1993 677 2070 protestantes
701 1991 733 2047 et
765 1981 936 2062 increduli,
970 1991 1006 2044 ut
1033 1981 1071 2044 B.
1095 1981 1184 2043 Petri

91 2072 251 2143 Romam
275 2083 342 2145 iter
363 2091 397 2146 et
417 2083 642 2168 episcopatum
665 2082 710 2147 ad
732 2079 863 2146 fabulas
884 2079 1045 2164 relegant,
1068 2097 1183 2163 provo·

89 2185 150 2236 cant
173 2175 212 2240 ad
235 2178 398 2243 ιίῑιπιίιιιιι
430 2178 462 2244 S.
488 2179 671 2267 Smptroeae
704 2181 767 2244 ista
790 2177 833 2243 de
854 2199 899 2258 re,
932 2178 999 2240 imo
1023 2173 1183 2261 quosdam

88 2291 120 2331 tx
140 2271 169 2336 S.
191 2274 329 2341 Litteris
351 2289 456 2342 mota
478 2277 629 2366 olleyaat,
653 2299 736 2365 quos
758 2277 845 2342 iacto
868 2275 947 2340 huic
970 2273 1183 2338 emet-adicere

88 2371 279 2440 conandum„
328 2375 417 2440 Dein
449 2397 527 2441 vero
559 2379 660 2441 variis
690 2375 792 2440 modia
820 2373 981 2460 explicere
1019 2381 1182 2446 master,

88 2465 160 2532 uude
180 2471 343 2556 ejusmodi
366 2475 478 2560 opinio
506 2475 548 2539 de
570 2476 658 2539 Petri
693 2475 883 2560 episcopatu
906 2471 1054 2536 Romano
1083 2477 1183 2531 mae·

88 2558 228 2635 hebuerit
274 2571 330 2635 De
353 2571 416 2636 hac
447 2573 693 2660 oppugnatione
720 2573 822 2656 igitur
852 2578 954 2634 restat
976 2577 1182 2650 etagamus,

87 2683 139 2742 quo
160 2665 354 2734 Dissertatio
377 2681 488 2736 nostra
511 2671 601 2736 omni
625 2693 668 2734 ex
690 2679 784 2756 parte
806 2669 849 2733 ait
871 2665 1031 2733 absoluta.

158 2765 208 2830 58.
231 2768 385 2832 Primum
409 2769 450 2835 de
482 2769 726 2855 objectionibus
755 2789 840 2854 quae
863 2788 906 2830 ex
928 2763 1107 2849 Scriptmis
1129 2783 1182 2847 pe

86 2869 183 2925 tuetur
203 2863 368 2932 dicamus.
414 2867 460 2934 Ut
492 2888 571 2932 vero
602 2869 703 2932 tricas
730 2864 891 2952 quasdam
917 2860 1182 2927 adversariorum

87 2975 358 3049 rnwoeupomus,
373 2964 456 3029 haec
470 2967 711 3052 praemittimus
725 2961 939 3029 advertenda.
976 2961 1013 3022 1⁰
1040 2956 1182 3039 Quando

85 3053 191 3122 lictum
213 3060 351 3148 aliquod
374 3061 567 3128 historicum
600 3063 712 3129 solidis
741 3060 944 3146 argumentis
967 3079 1010 3121 ex
1031 3053 1183 3120 testifica·

85 3151 168 3236 tione,
190 3179 276 3245 qnae
301 3169 350 3224 est
372 3163 523 3248 proprius
541 3161 698 3226 historiae
722 3161 806 3241 fona,
830 3157 1005 3244 probatum
1029 3162 1088 3236 est,
1112 3153 1183 3239 ejus

85 3253 190 3319 veritas
212 3280 252 3321 ac
276 3257 439 3324 certitudo
471 3257 659 3326 nullatenus
682 3255 879 3323 convellitur
902 3277 950 3337 eo,
974 3251 1063 3339 quod
1086 3271 1184 3338 quae·

84 3347 148 3414 dam
162 3353 195 3418 in
209 3355 276 3421 ista
288 3379 324 3421 re
333 3356 523 3422 obscuriora
536 3359 712 3443 minusque
724 3364 805 3421 uota
817 3361 963 3418 manent
996 3351 1035 3416 2ο
1058 3350 1183 3414 lterum

84 3467 150 3526 prot
163 3451 265 3518 oculis
288 3453 479 3520 habendum
502 3465 560 3537 eat,
576 3455 734 3539 distingui
750 3454 878 3539 factam
899 3461 932 3516 et
954 3448 1183 3535 ctmmlofiam

83 3541 160 3612 frea
203 3549 259 3616 Ad
282 3550 361 3616 iacti
394 3551 538 3618 indolem
567 3551 765 3617 mirandam
797 3549 921 3616 sufficit
943 3567 1003 3633 per
1025 3567 1069 3626 se,
1094 3544 1183 3631 quod

84 3639 185 3708 Petrus
214 3669 275 3734 per
305 3649 439 3735 aliquod
470 3651 599 3716 etiamsi
636 3649 739 3714 breve
769 3657 899 3734 tempus
937 3653 1015 3710 ante
1046 3651 1182 3708 mortem

85 3736 193 3808 Romae
223 3745 334 3828 fuerit,
357 3746 470 3833 ibique
501 3747 740 3834 Episcopatum
772 3765 877 3832 usque
903 3742 947 3807 ad
970 3743 1059 3806 vitae
1081 3739 1181 3804 finem

83 3843 215 3923 gesserit,
238 3845 287 3908 uti
311 3845 481 3910 contendit
504 3845 543 3912 cl
567 3844 700 3910 Herbst.
729 3843 827 3909 Hanc
850 3851 960 3908 autem
984 3838 1181 3904 sententiam

83 3933 271 4022 objectiones
297 3942 365 4007 fers
397 3939 523 4030 omnesl,
557 3963 642 4030 quae
675 3963 717 4007 ex
740 3941 919 4028 Scripturis
950 3945 1115 4025 petuntrrr,
1139 3955 1181 3998 ue

84 4033 245 4103 minimum
268 4038 403 4126 quidem
425 4049 576 4126 tangunt
622 4039 779 4106 Attamen
809 4058 870 4104 nos
899 4037 999 4105 etiam
1029 4032 1067 4099 B.
1090 4031 1179 4098 Petri

84 4129 294 4220 episcopatum
307 4136 495 4204 Romanum
516 4137 618 4204 XXV
641 4158 804 4204 annorum
827 4143 942 4203 cenna
963 4129 1180 4220 impugnatio·

84 4247 150 4294 nem
172 4231 425 4308 vindicabimus.
471 4236 511 4304 3·
537 4234 757 4316 lomariis,
790 4227 1180 4324 septemfontium
