2766 4836
441 487 602 544 Asianorum
620 487 760 547 monn.
1127 479 1160 539 lt

56 631 211 710 nutarent,
236 649 396 716 suamque
419 629 603 696 doctrinam
635 633 670 696 in
694 635 833 698 aliorum
855 636 984 697 animos
1007 629 1159 696 infunde«

55 737 121 806 rung
145 729 258 794 varias
281 727 358 794 fidei
382 728 539 792 formulas
553 728 737 812 ediderunt,
753 753 838 817 quae
861 751 903 796 ex
927 739 1019 816 parte
1042 729 1157 794 saltem

55 824 201 888 haeresim
225 845 293 890 non
308 835 429 909 aperte
450 826 690 910 exprimebant,
710 829 768 893 sed
791 837 924 914 propter
946 847 1157 912 suppressum

55 921 243 986 vocobulum
268 919 440 1004 damiutog
462 943 534 988 eam
564 945 630 988 non
654 925 886 990 excludebant.
925 963 968 974 —·-
1005 925 1157 1006 Longum

53 1027 93 1082 est
112 1018 458 1102 ungulaAAriauorum
482 1021 571 1086 saeta
585 1043 784 1106 pereurrere,
801 1025 996 1110 praecipuos
1020 1031 1159 1084 eventus

53 1127 164 1184 uatum
191 1116 339 1182 breviter
361 1118 556 1186 indicamus.
603 1118 835 1206 Opportunum
867 1131 976 1185 autem
1007 1119 1068 1182 erit
1086 1119 1158 1181 ani·

54 1213 257 1294 madramen,
270 1216 305 1278 in
329 1217 440 1282 varias
459 1215 619 1280 factiones
643 1239 712 1281 sese
727 1217 870 1284 Arianos
893 1240 970 1282 mox
994 1215 1158 1280 divisisse.

129 1312 180 1376 l‘l.
209 1311 275 1392 Qui
309 1313 566 1378 eouloeiastioam
603 1324 787 1400 temporum
825 1315 955 1380 illorum
987 1312 1159 1377 historiam

52 1407 162 1490 leguit,
188 1407 457 1496 aitPetavius1),
482 1411 638 1496 majoram
662 1414 807 1476 invicem
831 1413 1030 1477 Asianorum
1058 1429 1158 1496 qnam

52 1527 115 1570 oum
130 1505 315 1572 Catholicis
338 1523 484 1592 pugnam
513 1529 553 1572 ao
576 1509 814 1574 dbmnsionem
836 1511 948 1592 fuisse,
973 1517 1158 1592 cognoscet.

52 1601 91 1666 lu
112 1625 212 1688 porro
234 1603 287 1670 vel
310 1625 353 1668 ex
377 1604 558 1670 ambitione
590 1629 629 1671 ao
652 1609 790 1692 privatis
821 1608 916 1690 odiis,
941 1607 995 1670 vel
1017 1627 1061 1668 ex
1084 1604 1158 1668 doe-

52 1702 144 1766 trinae
182 1703 415 1789 opinionisque
454 1701 645 1768 diversitate
674 1715 781 1769 ortum
814 1705 940 1770 habuit.
996 1704 1041 1768 Ut
1073 1702 1159 1764 hano

52 1801 249 1880 potissimum
266 1801 486 1884 attingamus,
510 1811 575 1866 tres
589 1802 790 1866 Arianornm
813 1803 974 1867 factiones
996 1809 1072 1884 apta
1096 1798 1160 1861 dis.
1285 1888 1289 1898 Ι

51 1916 225 1962 cernemus.
270 1897 356 1962 Nam
388 1897 444 1962 alii
477 1901 534 1984 qni
567 1899 794 1964 Anemosomm
826 1921 908 1964 voce
932 1899 1157 1980 designantur,
1210 1901 1223 1928 '¹

53 2007 161 2064 ueram
181 1994 258 2058 Arii
274 1993 513 2080 blasphemiam
525 1997 671 2082 amplexi
694 2007 780 2080 sunt,
795 1999 852 2083 qui
868 1995 1015 2060 Verbum
1030 1994 1094 2056 Dei
1105 2021 1108 2029 ¹
1118 2013 1158 2055 ae

52 2089 159 2156 Filium
183 2115 209 2156 a
231 2091 329 2160 Patre
353 2101 498 2160 erastum
523 2115 564 2157 ex
587 2094 701 2176 nihilo,
726 2117 791 2160 non
816 2095 858 2159 de
881 2094 953 2180 ejus
973 2090 1158 2154 substantia

52 2190 187 2268 genitam
215 2211 286 2254 osse
309 2189 475 2257 dicabant.
522 2192 638 2256 Fuisse
665 2177 804 2276 proinde
826 2201 957 2276 tempus
979 2184 1159 2273 aliquando

52 2307 114 2350 enm
138 2287 290 2352 nondum
314 2289 478 2369 existeret,
510 2309 550 2352 ao
582 2299 699 2353 nanrra
722 2291 829 2374 ipsum
862 2309 933 2352 ease
954 2284 1158 2364 mutabilem,

52 2383 99 2447 ssd
121 2383 317 2452 expellentis
336 2383 512 2470 eujusdam
535 2407 615 2470 praa
646 2388 783 2450 oaotmis
807 2387 965 2450 oreaturis
987 2381 1158 2466 dignitatis

52 2491 137 2566 uque
161 2483 307 2546 virtutis.
354 2481 408 2547 Ad
432 2482 515 2548 haee
527 2484 659 2548 Patrem
682 2482 894 2548 affirmabant
916 2482 999 2546 nihil
1022 2477 1159 2564 aequale

53 2577 161 2642 hibere
185 2577 241 2644 vel
265 2577 382 2660 similo,
416 2579 467 2644 vel
492 2581 662 2666 majestate
693 2603 732 2645 ac
762 2580 865 2663 gloria
889 2577 1159 2664 comparandum.

53 2674 207 2754 Quocirca
231 2677 424 2756 sueram,
449 2675 600 2760 ἀνόμοιον
623 2677 807 2743 substantia
829 2677 993 2762 rebusque
1021 2674 1161 2739 oacwris

52 2771 146 2838 Patris
170 2795 243 2840 esse
258 2772 381 2840 Filium
406 2773 452 2840 illi
477 2775 741 2859 affirmaverunt,
756 2776 844 2840 undo
868 2775 1159 2840 etnnomooorum

51 2873 184 2934 neuun
204 2881 286 2934 sunt
309 2893 439 2940 nomon.
464 2869 587 2936 Eorum
612 2873 750 2956 signifer
772 2884 807 2938 et
828 2883 945 2938 auctor
965 2871 1067 2934 fnisse
1090 2889 1160 2952 per-

52 2965 175 3032 hibetur
198 2967 332 3050 Actia,
356 2991 454 3056 quem
477 2971 637 3035 Leontius
659 2971 889 3036 Antiochensis
912 2969 1088 3034 diaconam
1112 2987 1160 3028 or

51 3061 188 3147 dinavit3
221 3066 292 3152 ejus
325 3087 403 3132 vero
436 3066 618 3152 discipulus
650 3078 683 3132 et
705 3077 818 3154 postea
849 3068 1029 3132 acerrimus
1051 3073 1159 3128 sectae

53 3173 269 3248 propugnator
291 3165 354 3228 fuit
376 3165 570 3232 Eunomius.

132 3261 186 3330 18.
203 3259 333 3330 ,Affinis
356 3259 449 3329 hisee
479 3263 542 3328 luit
575 3274 664 3330 secta
687 3263 933 3340 AEuamwrum,
956 3259 1013 3345 qui
1036 3259 1082 3324 ita
1106 3279 1160 3342 ap·
1249 3281 1291 3321 aas

53 3357 157 3440 paliati
181 3359 327 3424 suntab
348 3362 476 3426 Aeacio
511 3359 691 3427 Caesareae
724 3362 760 3426 in
781 3358 969 3424 Palaestina
1001 3365 1074 3440 post
1095 3353 1160 3421 lta

52 3455 171 3520 sobium
196 3457 240 3542 (a.
269 3457 348 3544 340)
376 3459 541 3543 episcopo.
579 3457 724 3522 Aeacius
755 3456 913 3522 videlicet
943 3452 1062 3518 callide
1086 3471 1159 3514 earn

53 3553 206 3619 rationem
237 3555 403 3640 ingressus
436 3565 494 3636 est,
527 3566 564 3620 ut
595 3577 703 3642 neque
733 3551 1045 3620 consubstantialem
1068 3549 1158 3612 Patri

53 3647 169 3716 deerat
192 3674 262 3718 esso
285 3651 419 3733 Filium,
442 3675 551 3738 neque
584 3663 767 3718 ereaturam
799 3672 901 3716 unam
924 3672 967 3714 ex
991 3645 1159 3726 creaturis,

52 3769 85 3810 w
107 3759 280 3832 praeterea
298 3749 439 3816 similem
470 3748 613 3836 (ὅμοιον)
643 3773 715 3814 ease
739 3749 840 3828 Patri,
863 3769 931 3814 nou
952 3757 1064 3812 tamen
1086 3741 1160 3808 aub-

53 3847 166 3910 stsntis
190 3845 243 3912 vel
266 3841 372 3934 ousta
419 3847 518 3928 Quod
532 3846 644 3912 illisio
657 3844 966 3930 interpretabantur,
991 3851 1027 3906 ut
1050 3861 1160 3924 quem·

53 3941 224 4008 admodum
238 3947 387 4010 statuarii
411 3945 538 4028 effigies
553 3944 734 4024 hominum,
754 3963 793 4008 ao
816 3939 992 4004 simulacra
1007 3939 1159 4000 vivorum

53 4037 88 4102 ad
120 4039 370 4106 similitudinem
404 4043 604 4128 exprimunt,
637 4063 721 4128 quae
754 4049 872 4104 natura
904 4059 943 4102 ae
976 4033 1160 4100 substantia

120 4251 488 4324 ¹)1tetriatan.1·.a=n
