2766 4836
89 1485 216 1529 conciliatio

74 1547 176 1599 quodam
184 1559 232 1588 cnm

79 1609 222 1651 flsrnlarlanls.

244 459 279 510 64
491 455 532 510 De
551 453 697 510 mariani
716 456 782 512 fatis
800 473 833 512 ac
850 457 884 512 de
901 457 980 527 lapsu
997 457 1109 524 Libani,

246 609 433 686 sparserant
450 599 522 685 jam
554 607 653 664 antea
675 600 792 666 Ariani
822 611 936 666 eontra
968 603 1077 687 ipsum
1099 601 1270 688 repelleret,
1291 602 1330 664 Li-

246 696 357 761 berius
380 695 501 760 deinde
529 696 764 762 documentum
795 698 900 762 edidit
930 708 1044 764 contra
1066 697 1256 764 Anemoeos.
1296 699 1332 762 Eo

246 805 356 860 tamen
371 793 462 858 haud
485 793 716 859 continebatur
730 795 888 881 prolixior
905 795 1062 882 professio
1087 796 1174 878 fidei,
1197 797 1251 860 sed
1264 797 1334 860 dam·

246 894 335 957 natio
368 890 630 972 Anemoeorum3
669 903 702 956 ct
732 893 814 958 forte
848 893 890 958 ob
923 893 1217 959 considerationem
1240 895 1333 958 Basilii

246 1000 279 1055 et
301 994 474 1070 sociorum,
499 1012 538 1054 ea
554 988 708 1054 Liberius
722 991 828 1056 forma
849 1013 928 1056 usus
952 1001 1009 1074 est,
1033 1001 1070 1056 ut
1093 1013 1149 1058 eos
1163 994 1218 1078 qui
1232 991 1333 1056 Filium

244 1089 335 1153 Patri
368 1087 551 1154 secundum
583 1091 757 1153 essentiam
791 1099 823 1154 et
858 1090 1042 1156 seeundum
1074 1092 1186 1156 omnia
1216 1088 1333 1153 similem

246 1211 315 1252 esse
338 1195 507 1271 negarent,
532 1184 706 1250 damnaret
727 1196 760 1250 et
778 1189 1091 1269 excommunicaret,
1115 1189 1196 1274 quin
1218 1185 1334 1250 verbum

244 1286 418 1350 hortensios
441 1305 595 1369 expresse
617 1295 757 1368 urgeret.
794 1285 990 1352 Nullatcnus
1013 1295 1124 1351 tamen
1140 1284 1286 1350 Liberius
1304 1281 1335 1346 ab

243 1383 306 1448 hae
330 1405 411 1447 vooc
434 1384 578 1448 recessit.

332 1481 385 1546 87.
409 1481 498 1544 Fieri
523 1482 625 1564 igitur
647 1482 754 1565 potuit
772 1503 875 1567 quum
893 1481 1048 1547 Pontifex
1071 1482 1227 1567 prudenti
1251 1479 1339 1544 mode

242 1581 370 1644 ratione
393 1588 549 1660 uteretur,
574 1588 610 1642 ut
633 1580 786 1664 quamvis
809 1601 876 1644 non
900 1580 1016 1666 plenus
1040 1601 1228 1660 consensus,
1253 1579 1340 1643 conci-
1366 1644 1367 1670 ,

243 1678 334 1742 liatio
359 1688 469 1742 tamen
493 1675 605 1762 aliqua
636 1699 712 1741 eum
743 1675 957 1742 Semiarianis
986 1677 1100 1742 Sirmii
1131 1673 1341 1764 praesentibus

243 1776 467 1841 interveniret.
500 1773 571 1838 Nec
594 1773 796 1840 Soaomenus
809 1784 931 1854 narrat,
956 1774 1068 1840 Sirmii
1084 1774 1263 1839 concilium
1284 1793 1341 1857 pro·
1366 1821 1367 1828 ι

243 1876 313 1960 pria
345 1873 471 1938 dictum
498 1871 617 1953 fuisse,
641 1872 695 1936 vel
726 1871 899 1937 Liberium
930 1873 1151 1961 attemperes
1175 1872 1272 1938 alicui
1292 1869 1342 1933 for·

244 1971 361 2054 mulae,
395 1969 453 2034 sed
485 1979 613 2035 tantum
646 1991 722 2034 eum
755 1973 945 2036 eomaasisse
978 1967 1192 2058 (συναινέσαι)
1223 1972 1256 2034 in
1284 1987 1343 2031 eam

244 2069 343 2134 fidem
376 2089 460 2154 quae
492 2069 595 2132 variis
627 2066 776 2132 formulis
801 2068 874 2153 jam
897 2069 1006 2134 citatis
1030 2067 1272 2133 continebatur.
1313 2063 1343 2128 ld

243 2177 350 2254 potest
372 2165 549 2251 explicari,
582 2175 743 2251 quatenus
765 2165 921 2230 Pontifex
951 2165 1169 2246 admittebat,
1202 2175 1239 2230 ut
1260 2166 1344 2228 etiam

244 2265 403 2347 Hilarius,
434 2263 537 2327 verba
575 2261 789 2327 formularum
822 2285 880 2348 per
920 2285 954 2327 se
987 2284 1057 2327 esse
1090 2263 1289 2340 orthodoxa3
1321 2271 1345 2322 ct

244 2372 405 2450 quatenus
442 2360 604 2426 homousii
648 2360 802 2425 disertam
842 2360 1078 2446 professionem
1115 2383 1176 2448 pro
1216 2373 1369 2466 tempore,

243 2484 311 2527 non
351 2459 499 2545 urgebat.
562 2459 632 2524 Neo
672 2469 784 2524 tamen
825 2481 978 2545 expresse
1017 2458 1116 2524 refert
1150 2459 1345 2524 Soaomenus.

244 2560 509 2624 communionem
533 2555 788 2620 ecclesiasticam
813 2579 888 2620 cum
913 2555 977 2620 illis
1001 2557 1166 2642 episcopis
1190 2553 1345 2620 Liberium

245 2657 393 2723 coluisse.
441 2654 620 2720 Censemus
644 2653 679 2718 id
711 2675 776 2719 non
809 2675 878 2718 esse
910 2653 1045 2736 factum,
1079 2675 1184 2740 quum
1216 2653 1347 2718 Hilarius

244 2779 284 2822 ea
306 2755 347 2820 de
370 2777 405 2819 re
428 2751 513 2818 nihil
535 2753 664 2834 referat,
684 2774 851 2838 quumque
867 2751 1068 2817 Soaomenus
1092 2751 1209 2816 multis
1233 2761 1346 2816 enarret

245 2855 317 2942 (Vl.
342 2853 386 2940 6),
411 2851 574 2939 quomodo
598 2849 794 2914 Samiariani
819 2859 932 2935 postea
960 2848 1002 2913 ab
1027 2847 1163 2914 Arianis
1188 2849 1346 2914 vehemen-

244 2965 294 3018 ter
317 2952 467 3016 insectati
483 2948 543 3014 sub
559 2947 698 3012 Valente
712 2948 797 3034 Imp.
812 2949 1077 3012 communionem
1101 2947 1347 3012 ecclesiasticam

141 3087 144 3092 ·
245 3071 320 3116 oum
353 3048 486 3113 Liberio
520 3047 617 3110 enixe
650 3043 909 3126 sollicitaverint,
947 3055 1047 3131 atque
1078 3067 1138 3130 per
1171 3063 1348 3130 expressam

245 3158 277 3212 et
308 3146 492 3212 absolutam
525 3145 746 3229 receptionem
783 3143 901 3227 synodi
940 3143 1108 3208 Nicaenac
1145 3142 1349 3208 obtinuerint

246 3245 420 3312 Caeterum
444 3243 571 3308 etiamsi
595 3241 750 3305 Liberius
773 3239 885 3307 Sirmii
919 3242 1188 3306 communionem
1212 3239 1349 3306 ecclcsia-

245 3346 361 3410 stioam
385 3340 538 3406 coluisset
570 3362 646 3405 cum
678 3339 744 3404 illis
775 3341 939 3425 episcopis
971 3361 1053 3426 quos
1076 3337 1153 3403 fidei
1180 3338 1349 3404 catholicas

245 3440 395 3507 addictos
430 3441 610 3520 invenerat,
645 3437 735 3504 nulla
768 3459 889 3502 sauea
920 3437 985 3502 fide
1008 3438 1175 3522 apostasia
1199 3431 1350 3522 ejusmodi

245 3540 332 3604 facto
357 3540 588 3618 contineretur,
621 3537 679 3600 sed
703 3559 742 3600 ea
764 3545 892 3600 tantum
925 3535 1045 3600 discuti
1069 3545 1180 3620 posset
1203 3533 1348 3620 quaestio.

246 3646 355 3700 utrum
378 3635 453 3700 talis
476 3635 667 3700 oeconomia
690 3636 837 3719 practica
860 3641 1044 3718 opportuna
1067 3632 1178 3697 fuerit.

334 3735 387 3800 88.
411 3733 526 3819 Itaque
550 3734 576 3796 si
600 3753 651 3795 res
674 3754 708 3796 se
732 3730 849 3796 habuit
872 3732 919 3794 uti
946 3729 1042 3794 modo
1066 3733 1293 3815 exposuimus,
1314 3727 1350 3790 fa-

246 3834 308 3900 cile
323 3831 526 3915 intelligitur,
551 3852 652 3916 quare
676 3839 742 3893 tam
767 3827 861 3894 multi
885 3830 1060 3914 scriptores
1082 3826 1204 3893 sileant
1227 3827 1269 3892 de
1292 3825 1353 3890 istis

246 3953 329 4019 quse
353 3929 507 3994 Liberius
530 3929 642 3994 Sirmii
666 3928 778 4011 egerit.
826 3925 989 3991 Videlicet
1011 3926 1137 3992 Liberii
1169 3925 1352 4009 benignitas

246 4042 279 4097 et
301 4030 437 4094 comitas
461 4029 495 4092 in
509 4027 633 4110 legatos
647 4025 851 4108 Ancyranos,
877 4025 904 4086 si
929 4023 1036 4088 nullas
1059 4025 1106 4088 eis
1130 4023 1352 4088 concessiones

246 4130 324 4194 fecit
363 4149 423 4190 nec
447 4147 559 4189 eorum
582 4123 731 4187 formulis
762 4121 963 4207 subscripsit,
996 4119 1085 4186 haud
1110 4131 1178 4184 erat
1204 4143 1255 4186 res
1276 4119 1350 4182 tanti

247 4226 420 4308 momenti,
451 4233 488 4286 ut
517 4222 622 4286 fusius
645 4223 707 4284 ista
730 4220 771 4285 de
804 4243 838 4284 re
861 4219 976 4284 fuisset
998 4219 1219 4302 referendum,
1244 4239 1282 4282 eo
1305 4213 1351 4276 rel
