<?xml version="1.0" encoding="UTF-8"?>
<!DOCTYPE html PUBLIC "-//W3C//DTD XHTML 1.0 Transitional//EN"
    "http://www.w3.org/TR/xhtml1/DTD/xhtml1-transitional.dtd">
<html xmlns="http://www.w3.org/1999/xhtml" xml:lang="en" lang="en">
 <head>
  <title>
</title>
<meta http-equiv="Content-Type" content="text/html;charset=utf-8" />
  <meta name='ocr-system' content='tesseract 3.04.00' />
  <meta name='ocr-capabilities' content='ocr_page ocr_carea ocr_par ocr_line ocrx_word'/>
</head>
<body>
  <div class='ocr_page' id='page_1' title='image "./dissertationess02junggoog_0677.png"; bbox 0 0 2810 4846; ppageno 0'>
   <div class='ocr_carea' id='block_1_1' title="bbox 246 436 968 512">
    <p class='ocr_par' dir='ltr' id='par_1_1' title="bbox 246 436 968 512">
     <span class='ocr_line' id='line_1_1' title="bbox 246 436 968 512; baseline 0.015 -23"><span class='ocrx_word' id='word_1_1' title='bbox 246 436 298 490; x_wconf 81' lang='lat' dir='ltr'><strong>les</strong></span> <span class='ocrx_word' id='word_1_2' title='bbox 633 439 672 496; x_wconf 84' lang='lat' dir='ltr'><strong>De</strong></span> <span class='ocrx_word' id='word_1_3' title='bbox 691 441 808 498; x_wconf 71' lang='lat' dir='ltr'><strong>maeno</strong></span> <span class='ocrx_word' id='word_1_4' title='bbox 826 441 968 512; x_wconf 80' lang='lat' dir='ltr'><strong>Ephesiae.</strong></span> 
     </span>
    </p>
   </div>
   <div class='ocr_carea' id='block_1_2' title="bbox 239 578 1386 2916">
    <p class='ocr_par' dir='ltr' id='par_1_2' title="bbox 239 578 1384 2126">
     <span class='ocr_line' id='line_1_2' title="bbox 245 578 1333 674; baseline 0.007 -31"><span class='ocrx_word' id='word_1_5' title='bbox 245 578 432 644; x_wconf 89' lang='lat' dir='ltr'><strong>dioeceseos</strong></span> <span class='ocrx_word' id='word_1_6' title='bbox 462 580 618 646; x_wconf 90' lang='lat' dir='ltr'><strong>clericum</strong></span> <span class='ocrx_word' id='word_1_7' title='bbox 650 585 821 666; x_wconf 80' lang='lat' dir='ltr'><strong>ordinent,</strong></span> <span class='ocrx_word' id='word_1_8' title='bbox 854 593 912 650; x_wconf 84' lang='lat' dir='ltr'><strong>aut</strong></span> <span class='ocrx_word' id='word_1_9' title='bbox 940 587 983 650; x_wconf 88' lang='lat' dir='ltr'><strong>ab</strong></span> <span class='ocrx_word' id='word_1_10' title='bbox 1011 585 1085 652; x_wconf 90' lang='lat' dir='ltr'><strong>aliis</strong></span> <span class='ocrx_word' id='word_1_11' title='bbox 1115 589 1269 674; x_wconf 88' lang='lat' dir='ltr'><strong>episcopis</strong></span> <span class='ocrx_word' id='word_1_12' title='bbox 1288 587 1333 652; x_wconf 86' lang='lat' dir='ltr'><strong>ab·</strong></span> 
     </span>
     <span class='ocr_line' id='line_1_3' title="bbox 239 676 1333 770; baseline 0.008 -31"><span class='ocrx_word' id='word_1_13' title='bbox 239 676 367 762; x_wconf 88' lang='lat' dir='ltr'><strong>jectum</strong></span> <span class='ocrx_word' id='word_1_14' title='bbox 390 677 575 745; x_wconf 77' lang='lat' dir='ltr'><strong>admittant.</strong></span> <span class='ocrx_word' id='word_1_15' title='bbox 599 719 643 730; x_wconf 88' lang='lat'><strong>—-</strong></span> <span class='ocrx_word' id='word_1_16' title='bbox 670 683 778 748; x_wconf 82' lang='lat' dir='ltr'><strong>Tertia</strong></span> <span class='ocrx_word' id='word_1_17' title='bbox 801 693 850 748; x_wconf 87' lang='lat' dir='ltr'><strong>est</strong></span> <span class='ocrx_word' id='word_1_18' title='bbox 874 683 918 747; x_wconf 84' lang='lat' dir='ltr'><strong>ad</strong></span> <span class='ocrx_word' id='word_1_19' title='bbox 940 685 1101 770; x_wconf 76' lang='lat' dir='ltr'><strong>episcopos</strong></span> <span class='ocrx_word' id='word_1_20' title='bbox 1126 686 1285 762; x_wconf 66' lang='lat' dir='ltr'><strong>aduersos,</strong></span> <span class='ocrx_word' id='word_1_21' title='bbox 1305 687 1333 748; x_wconf 89' lang='lat' dir='ltr'><strong>in</strong></span> 
     </span>
     <span class='ocr_line' id='line_1_4' title="bbox 244 780 1334 866; baseline 0.007 -28"><span class='ocrx_word' id='word_1_22' title='bbox 244 797 310 860; x_wconf 91' lang='lat' dir='ltr'><strong>qua</strong></span> <span class='ocrx_word' id='word_1_23' title='bbox 345 784 444 857; x_wconf 88' lang='lat' dir='ltr'><strong>vetat,</strong></span> <span class='ocrx_word' id='word_1_24' title='bbox 480 799 521 842; x_wconf 90' lang='lat' dir='ltr'><strong>ne</strong></span> <span class='ocrx_word' id='word_1_25' title='bbox 555 780 661 864; x_wconf 84' lang='lat' dir='ltr'><strong>ignari</strong></span> <span class='ocrx_word' id='word_1_26' title='bbox 684 790 718 844; x_wconf 90' lang='lat' dir='ltr'><strong>et</strong></span> <span class='ocrx_word' id='word_1_27' title='bbox 752 781 909 866; x_wconf 80' lang='lat' dir='ltr'><strong>neophyti</strong></span> <span class='ocrx_word' id='word_1_28' title='bbox 933 781 977 846; x_wconf 89' lang='lat' dir='ltr'><strong>ad</strong></span> <span class='ocrx_word' id='word_1_29' title='bbox 999 781 1132 846; x_wconf 78' lang='lat' dir='ltr'><strong>ordines</strong></span> <span class='ocrx_word' id='word_1_30' title='bbox 1160 803 1270 863; x_wconf 88' lang='lat' dir='ltr'><strong>sacros,</strong></span> <span class='ocrx_word' id='word_1_31' title='bbox 1291 781 1334 846; x_wconf 86' lang='lat' dir='ltr'><strong>vei</strong></span> 
     </span>
     <span class='ocr_line' id='line_1_5' title="bbox 244 872 1335 964; baseline 0.005 -27"><span class='ocrx_word' id='word_1_32' title='bbox 244 872 373 957; x_wconf 85' lang='lat' dir='ltr'><strong>indigni</strong></span> <span class='ocrx_word' id='word_1_33' title='bbox 406 873 449 938; x_wconf 92' lang='lat' dir='ltr'><strong>ad</strong></span> <span class='ocrx_word' id='word_1_34' title='bbox 479 876 704 962; x_wconf 86' lang='lat' dir='ltr'><strong>episcopatum</strong></span> <span class='ocrx_word' id='word_1_35' title='bbox 735 889 1000 964; x_wconf 74' lang='lat' dir='ltr'><strong>promoveantur.</strong></span> <span class='ocrx_word' id='word_1_36' title='bbox 1025 917 1067 928; x_wconf 86' lang='lat'><strong>--</strong></span> <span class='ocrx_word' id='word_1_37' title='bbox 1095 877 1219 954; x_wconf 79' lang='lat' dir='ltr'><strong>chrtu</strong></span> <span class='ocrx_word' id='word_1_38' title='bbox 1237 889 1281 944; x_wconf 84' lang='lat' dir='ltr'><strong>est</strong></span> <span class='ocrx_word' id='word_1_39' title='bbox 1299 879 1335 942; x_wconf 82' lang='lat' dir='ltr'><strong>ud</strong></span> 
     </span>
     <span class='ocr_line' id='line_1_6' title="bbox 243 969 1335 1063; baseline 0.005 -29"><span class='ocrx_word' id='word_1_40' title='bbox 243 969 397 1058; x_wconf 82' lang='lat' dir='ltr'><strong>Auyeium</strong></span> <span class='ocrx_word' id='word_1_41' title='bbox 423 973 727 1040; x_wconf 55' lang='lat' dir='ltr'><strong>verumtamem</strong></span> <span class='ocrx_word' id='word_1_42' title='bbox 755 986 789 1041; x_wconf 88' lang='lat' dir='ltr'><strong>et</strong></span> <span class='ocrx_word' id='word_1_43' title='bbox 817 979 987 1063; x_wconf 89' lang='lat' dir='ltr'><strong>episcopos</strong></span> <span class='ocrx_word' id='word_1_44' title='bbox 1009 976 1135 1061; x_wconf 86' lang='lat' dir='ltr'><strong>Illyrici</strong></span> <span class='ocrx_word' id='word_1_45' title='bbox 1159 987 1267 1042; x_wconf 78' lang='lat' dir='ltr'><strong>contra</strong></span> <span class='ocrx_word' id='word_1_46' title='bbox 1286 977 1335 1040; x_wconf 91' lang='lat' dir='ltr'><strong>Bo·</strong></span> 
     </span>
     <span class='ocr_line' id='line_1_7' title="bbox 243 1068 1335 1160; baseline 0.005 -28"><span class='ocrx_word' id='word_1_47' title='bbox 243 1089 359 1134; x_wconf 89' lang='lat' dir='ltr'><strong>nosum</strong></span> <span class='ocrx_word' id='word_1_48' title='bbox 391 1068 664 1138; x_wconf 74' lang='lat' dir='ltr'><strong>haeresiarcham.</strong></span> <span class='ocrx_word' id='word_1_49' title='bbox 709 1074 859 1144; x_wconf 77' lang='lat' dir='ltr'><strong>Bonosus</strong></span> <span class='ocrx_word' id='word_1_50' title='bbox 894 1073 1048 1140; x_wconf 85' lang='lat' dir='ltr'><strong>videlicet</strong></span> <span class='ocrx_word' id='word_1_51' title='bbox 1076 1076 1247 1160; x_wconf 88' lang='lat' dir='ltr'><strong>episcopus</strong></span> <span class='ocrx_word' id='word_1_52' title='bbox 1276 1073 1335 1138; x_wconf 81' lang='lat' dir='ltr'><strong>Sar·</strong></span> 
     </span>
     <span class='ocr_line' id='line_1_8' title="bbox 244 1165 1382 1256; baseline 0.005 -27"><span class='ocrx_word' id='word_1_53' title='bbox 244 1165 386 1230; x_wconf 84' lang='lat' dir='ltr'><strong>dioensis</strong></span> <span class='ocrx_word' id='word_1_54' title='bbox 409 1169 444 1230; x_wconf 91' lang='lat' dir='ltr'><strong>in</strong></span> <span class='ocrx_word' id='word_1_55' title='bbox 466 1167 598 1253; x_wconf 90' lang='lat' dir='ltr'><strong>Illyrico</strong></span> <span class='ocrx_word' id='word_1_56' title='bbox 631 1193 707 1236; x_wconf 89' lang='lat' dir='ltr'><strong>cum</strong></span> <span class='ocrx_word' id='word_1_57' title='bbox 730 1172 895 1238; x_wconf 85' lang='lat' dir='ltr'><strong>Ebionitis</strong></span> <span class='ocrx_word' id='word_1_58' title='bbox 924 1182 957 1236; x_wconf 89' lang='lat' dir='ltr'><strong>et</strong></span> <span class='ocrx_word' id='word_1_59' title='bbox 979 1172 1120 1238; x_wconf 90' lang='lat' dir='ltr'><strong>Photino</strong></span> <span class='ocrx_word' id='word_1_60' title='bbox 1145 1173 1336 1238; x_wconf 83' lang='lat' dir='ltr'><strong>divinitatem</strong></span> <span class='ocrx_word' id='word_1_61' title='bbox 1381 1238 1382 1256; x_wconf 13' lang='grc' dir='ltr'>χ</span> 
     </span>
     <span class='ocr_line' id='line_1_9' title="bbox 246 1261 1336 1356; baseline 0.005 -29"><span class='ocrx_word' id='word_1_62' title='bbox 246 1261 377 1346; x_wconf 81' lang='lat' dir='ltr'><strong>Christi,</strong></span> <span class='ocrx_word' id='word_1_63' title='bbox 402 1275 435 1330; x_wconf 86' lang='lat' dir='ltr'><strong>et</strong></span> <span class='ocrx_word' id='word_1_64' title='bbox 458 1287 532 1330; x_wconf 90' lang='lat' dir='ltr'><strong>cum</strong></span> <span class='ocrx_word' id='word_1_65' title='bbox 546 1267 702 1333; x_wconf 84' lang='lat' dir='ltr'><strong>Helvidio</strong></span> <span class='ocrx_word' id='word_1_66' title='bbox 726 1281 918 1356; x_wconf 86' lang='lat' dir='ltr'><strong>perpetuam</strong></span> <span class='ocrx_word' id='word_1_67' title='bbox 941 1270 1106 1356; x_wconf 84' lang='lat' dir='ltr'><strong>Dciparae</strong></span> <span class='ocrx_word' id='word_1_68' title='bbox 1130 1272 1336 1355; x_wconf 87' lang='lat' dir='ltr'><strong>virginitatem</strong></span> 
     </span>
     <span class='ocr_line' id='line_1_10' title="bbox 244 1362 1336 1453; baseline 0.004 -29"><span class='ocrx_word' id='word_1_69' title='bbox 244 1362 462 1447; x_wconf 80' lang='lat' dir='ltr'><strong>impugnavit.</strong></span> <span class='ocrx_word' id='word_1_70' title='bbox 508 1364 560 1429; x_wconf 92' lang='lat' dir='ltr'><strong>De</strong></span> <span class='ocrx_word' id='word_1_71' title='bbox 591 1387 629 1430; x_wconf 93' lang='lat' dir='ltr'><strong>eo</strong></span> <span class='ocrx_word' id='word_1_72' title='bbox 661 1377 772 1432; x_wconf 87' lang='lat' dir='ltr'><strong>actum</strong></span> <span class='ocrx_word' id='word_1_73' title='bbox 796 1377 845 1432; x_wconf 89' lang='lat' dir='ltr'><strong>est</strong></span> <span class='ocrx_word' id='word_1_74' title='bbox 876 1369 910 1432; x_wconf 91' lang='lat' dir='ltr'><strong>in</strong></span> <span class='ocrx_word' id='word_1_75' title='bbox 934 1368 1059 1452; x_wconf 90' lang='lat' dir='ltr'><strong>synodo</strong></span> <span class='ocrx_word' id='word_1_76' title='bbox 1084 1365 1243 1453; x_wconf 81' lang='lat' dir='ltr'><strong>Capuana</strong></span> <span class='ocrx_word' id='word_1_77' title='bbox 1263 1387 1336 1430; x_wconf 89' lang='lat' dir='ltr'><strong>anno</strong></span> 
     </span>
     <span class='ocr_line' id='line_1_11' title="bbox 243 1461 1383 1550; baseline 0.001 -26"><span class='ocrx_word' id='word_1_78' title='bbox 243 1461 318 1540; x_wconf 88' lang='lat'><strong>389,</strong></span> <span class='ocrx_word' id='word_1_79' title='bbox 352 1461 487 1546; x_wconf 86' lang='lat' dir='ltr'><strong>ejusque</strong></span> <span class='ocrx_word' id='word_1_80' title='bbox 520 1483 638 1527; x_wconf 79' lang='lat' dir='ltr'><strong>causae</strong></span> <span class='ocrx_word' id='word_1_81' title='bbox 670 1466 811 1549; x_wconf 84' lang='lat' dir='ltr'><strong>cognitio</strong></span> <span class='ocrx_word' id='word_1_82' title='bbox 845 1489 864 1530; x_wconf 85' lang='lat' dir='ltr'><strong>a</strong></span> <span class='ocrx_word' id='word_1_83' title='bbox 894 1465 1027 1549; x_wconf 87' lang='lat' dir='ltr'><strong>Synodo</strong></span> <span class='ocrx_word' id='word_1_84' title='bbox 1061 1463 1260 1530; x_wconf 84' lang='lat' dir='ltr'><strong>demandata</strong></span> <span class='ocrx_word' id='word_1_85' title='bbox 1285 1463 1337 1526; x_wconf 84' lang='lat' dir='ltr'><strong>init</strong></span> <span class='ocrx_word' id='word_1_86' title='bbox 1382 1532 1383 1550; x_wconf 14' lang='grc' dir='ltr'><strong>ξ</strong></span> 
     </span>
     <span class='ocr_line' id='line_1_12' title="bbox 243 1557 1383 1648; baseline 0.004 -27"><span class='ocrx_word' id='word_1_87' title='bbox 243 1557 370 1642; x_wconf 83' lang='lat' dir='ltr'><strong>Anysio</strong></span> <span class='ocrx_word' id='word_1_88' title='bbox 393 1557 678 1624; x_wconf 87' lang='lat' dir='ltr'><strong>Thessalonicensi</strong></span> <span class='ocrx_word' id='word_1_89' title='bbox 702 1563 903 1648; x_wconf 83' lang='lat' dir='ltr'><strong>caeterisque</strong></span> <span class='ocrx_word' id='word_1_90' title='bbox 917 1561 1043 1646; x_wconf 88' lang='lat' dir='ltr'><strong>Illyrici</strong></span> <span class='ocrx_word' id='word_1_91' title='bbox 1067 1563 1240 1648; x_wconf 88' lang='lat' dir='ltr'><strong>episcopis.</strong></span> <span class='ocrx_word' id='word_1_92' title='bbox 1261 1563 1336 1644; x_wconf 87' lang='lat' dir='ltr'><strong>Any·</strong></span> <span class='ocrx_word' id='word_1_93' title='bbox 1382 1559 1383 1562; x_wconf 65' lang='grc'>’</span> 
     </span>
     <span class='ocr_line' id='line_1_13' title="bbox 243 1654 1337 1745; baseline 0.002 -27"><span class='ocrx_word' id='word_1_94' title='bbox 243 1657 310 1718; x_wconf 88' lang='lat' dir='ltr'><strong>sins</strong></span> <span class='ocrx_word' id='word_1_95' title='bbox 333 1654 541 1740; x_wconf 88' lang='lat' dir='ltr'><strong>Apostolicae</strong></span> <span class='ocrx_word' id='word_1_96' title='bbox 564 1656 659 1722; x_wconf 88' lang='lat' dir='ltr'><strong>Sedis</strong></span> <span class='ocrx_word' id='word_1_97' title='bbox 682 1660 718 1722; x_wconf 91' lang='lat' dir='ltr'><strong>in</strong></span> <span class='ocrx_word' id='word_1_98' title='bbox 739 1658 872 1743; x_wconf 86' lang='lat' dir='ltr'><strong>Illyrico</strong></span> <span class='ocrx_word' id='word_1_99' title='bbox 887 1661 1040 1724; x_wconf 88' lang='lat' dir='ltr'><strong>Vicarius</strong></span> <span class='ocrx_word' id='word_1_100' title='bbox 1063 1660 1186 1745; x_wconf 85' lang='lat' dir='ltr'><strong>aliique</strong></span> <span class='ocrx_word' id='word_1_101' title='bbox 1209 1659 1337 1744; x_wconf 79' lang='lat' dir='ltr'><strong>episcopi</strong></span> 
     </span>
     <span class='ocr_line' id='line_1_14' title="bbox 243 1751 1337 1842; baseline -0.001 -25"><span class='ocrx_word' id='word_1_102' title='bbox 243 1751 377 1837; x_wconf 89' lang='lat' dir='ltr'><strong>Illyrici,</strong></span> <span class='ocrx_word' id='word_1_103' title='bbox 402 1757 597 1820; x_wconf 88' lang='lat' dir='ltr'><strong>sententiam</strong></span> <span class='ocrx_word' id='word_1_104' title='bbox 621 1755 731 1821; x_wconf 84' lang='lat' dir='ltr'><strong>Siricii</strong></span> <span class='ocrx_word' id='word_1_105' title='bbox 740 1757 851 1842; x_wconf 84' lang='lat' dir='ltr'><strong>Papae</strong></span> <span class='ocrx_word' id='word_1_106' title='bbox 875 1757 916 1822; x_wconf 89' lang='lat' dir='ltr'><strong>do</strong></span> <span class='ocrx_word' id='word_1_107' title='bbox 939 1758 1002 1822; x_wconf 88' lang='lat' dir='ltr'><strong>hac</strong></span> <span class='ocrx_word' id='word_1_108' title='bbox 1024 1779 1060 1822; x_wconf 88' lang='lat' dir='ltr'><strong>re</strong></span> <span class='ocrx_word' id='word_1_109' title='bbox 1083 1759 1242 1822; x_wconf 89' lang='lat' dir='ltr'><strong>sciscitati</strong></span> <span class='ocrx_word' id='word_1_110' title='bbox 1263 1765 1337 1827; x_wconf 85' lang='lat' dir='ltr'><strong>sunt,</strong></span> 
     </span>
     <span class='ocr_line' id='line_1_15' title="bbox 244 1824 1384 1940; baseline 0.001 -25"><span class='ocrx_word' id='word_1_111' title='bbox 244 1861 277 1915; x_wconf 88' lang='lat' dir='ltr'><strong>et</strong></span> <span class='ocrx_word' id='word_1_112' title='bbox 298 1853 441 1936; x_wconf 87' lang='lat' dir='ltr'><strong>acceptia</strong></span> <span class='ocrx_word' id='word_1_113' title='bbox 463 1852 506 1916; x_wconf 89' lang='lat' dir='ltr'><strong>ab</strong></span> <span class='ocrx_word' id='word_1_114' title='bbox 530 1875 568 1918; x_wconf 90' lang='lat' dir='ltr'><strong>eo</strong></span> <span class='ocrx_word' id='word_1_115' title='bbox 588 1851 714 1936; x_wconf 89' lang='lat' dir='ltr'><strong>litteris,</strong></span> <span class='ocrx_word' id='word_1_116' title='bbox 739 1856 774 1918; x_wconf 92' lang='lat' dir='ltr'><strong>in</strong></span> <span class='ocrx_word' id='word_1_117' title='bbox 798 1854 918 1940; x_wconf 88' lang='lat' dir='ltr'><strong>quihus</strong></span> <span class='ocrx_word' id='word_1_118' title='bbox 932 1854 1069 1920; x_wconf 83' lang='lat' dir='ltr'><strong>Siricius</strong></span> <span class='ocrx_word' id='word_1_119' title='bbox 1082 1855 1206 1920; x_wconf 90' lang='lat' dir='ltr'><strong>Bonosi</strong></span> <span class='ocrx_word' id='word_1_120' title='bbox 1230 1873 1338 1918; x_wconf 88' lang='lat' dir='ltr'><strong>errores</strong></span> <span class='ocrx_word' id='word_1_121' title='bbox 1383 1824 1384 1866; x_wconf 45' lang='lat'>³</span> 
     </span>
     <span class='ocr_line' id='line_1_16' title="bbox 243 1949 1338 2038; baseline -0.001 -24"><span class='ocrx_word' id='word_1_122' title='bbox 243 1949 491 2034; x_wconf 84' lang='lat' dir='ltr'><strong>perstringebat,</strong></span> <span class='ocrx_word' id='word_1_123' title='bbox 525 1959 557 2014; x_wconf 89' lang='lat' dir='ltr'><strong>et</strong></span> <span class='ocrx_word' id='word_1_124' title='bbox 588 1953 758 2038; x_wconf 91' lang='lat' dir='ltr'><strong>episcopos</strong></span> <span class='ocrx_word' id='word_1_125' title='bbox 790 1962 826 2016; x_wconf 89' lang='lat' dir='ltr'><strong>ut</strong></span> <span class='ocrx_word' id='word_1_126' title='bbox 858 1975 990 2018; x_wconf 79' lang='lat' dir='ltr'><strong>canem</strong></span> <span class='ocrx_word' id='word_1_127' title='bbox 1023 1954 1095 2038; x_wconf 84' lang='lat' dir='ltr'><strong>ejus</strong></span> <span class='ocrx_word' id='word_1_128' title='bbox 1117 1961 1338 2036; x_wconf 80' lang='lat' dir='ltr'><strong>cognoscerent</strong></span> 
     </span>
     <span class='ocr_line' id='line_1_17' title="bbox 244 2046 1055 2126; baseline 0.005 -16"><span class='ocrx_word' id='word_1_129' title='bbox 244 2046 407 2126; x_wconf 88' lang='lat' dir='ltr'><strong>monebat,</strong></span> <span class='ocrx_word' id='word_1_130' title='bbox 430 2047 596 2112; x_wconf 90' lang='lat' dir='ltr'><strong>Bonosum</strong></span> <span class='ocrx_word' id='word_1_131' title='bbox 620 2049 823 2114; x_wconf 85' lang='lat' dir='ltr'><strong>haereticum</strong></span> <span class='ocrx_word' id='word_1_132' title='bbox 846 2051 1055 2115; x_wconf 88' lang='lat' dir='ltr'><strong>damnarunt.</strong></span> 
     </span>
    </p>

    <p class='ocr_par' dir='ltr' id='par_1_3' title="bbox 243 2143 1386 2916">
     <span class='ocr_line' id='line_1_18' title="bbox 333 2143 1385 2230; baseline 0 -22"><span class='ocrx_word' id='word_1_133' title='bbox 333 2145 384 2208; x_wconf 87' lang='grc'><strong>10.</strong></span> <span class='ocrx_word' id='word_1_134' title='bbox 409 2144 545 2209; x_wconf 87' lang='lat' dir='ltr'><strong>Siricius</strong></span> <span class='ocrx_word' id='word_1_135' title='bbox 575 2145 747 2211; x_wconf 86' lang='lat' dir='ltr'><strong>damnavit</strong></span> <span class='ocrx_word' id='word_1_136' title='bbox 785 2148 884 2212; x_wconf 92' lang='lat' dir='ltr'><strong>etiam</strong></span> <span class='ocrx_word' id='word_1_137' title='bbox 915 2171 946 2212; x_wconf 91' lang='lat' dir='ltr'><strong>a.</strong></span> <span class='ocrx_word' id='word_1_138' title='bbox 976 2148 1042 2212; x_wconf 86' lang='lat'><strong>390</strong></span> <span class='ocrx_word' id='word_1_139' title='bbox 1073 2159 1191 2214; x_wconf 80' lang='lat' dir='ltr'><strong>coacta</strong></span> <span class='ocrx_word' id='word_1_140' title='bbox 1226 2143 1337 2230; x_wconf 87' lang='lat' dir='ltr'><strong>synodo</strong></span> <span class='ocrx_word' id='word_1_141' title='bbox 1384 2165 1385 2172; x_wconf 51' lang='lat'>¹</span> 
     </span>
     <span class='ocr_line' id='line_1_19' title="bbox 243 2243 1338 2330; baseline -0.002 -22"><span class='ocrx_word' id='word_1_142' title='bbox 243 2243 470 2325; x_wconf 88' lang='lat' dir='ltr'><strong>Joviniannm,</strong></span> <span class='ocrx_word' id='word_1_143' title='bbox 495 2245 549 2328; x_wconf 93' lang='lat' dir='ltr'><strong>qui</strong></span> <span class='ocrx_word' id='word_1_144' title='bbox 583 2254 656 2330; x_wconf 89' lang='lat' dir='ltr'><strong>post</strong></span> <span class='ocrx_word' id='word_1_145' title='bbox 679 2247 782 2308; x_wconf 88' lang='lat' dir='ltr'><strong>vitam</strong></span> <span class='ocrx_word' id='word_1_146' title='bbox 812 2245 965 2309; x_wconf 90' lang='lat' dir='ltr'><strong>monachi</strong></span> <span class='ocrx_word' id='word_1_147' title='bbox 988 2245 1029 2309; x_wconf 87' lang='lat' dir='ltr'><strong>ad</strong></span> <span class='ocrx_word' id='word_1_148' title='bbox 1055 2245 1160 2310; x_wconf 83' lang='lat' dir='ltr'><strong>vitam</strong></span> <span class='ocrx_word' id='word_1_149' title='bbox 1185 2244 1338 2329; x_wconf 82' lang='lat' dir='ltr'><strong>voluptuo-</strong></span> 
     </span>
     <span class='ocr_line' id='line_1_20' title="bbox 244 2339 1386 2434; baseline 0 -30"><span class='ocrx_word' id='word_1_150' title='bbox 244 2361 313 2404; x_wconf 89' lang='lat' dir='ltr'><strong>sam</strong></span> <span class='ocrx_word' id='word_1_151' title='bbox 338 2339 531 2406; x_wconf 86' lang='lat' dir='ltr'><strong>desciverat.</strong></span> <span class='ocrx_word' id='word_1_152' title='bbox 576 2341 609 2406; x_wconf 89' lang='lat' dir='ltr'><strong>Is</strong></span> <span class='ocrx_word' id='word_1_153' title='bbox 640 2343 776 2426; x_wconf 84' lang='lat' dir='ltr'><strong>negavit</strong></span> <span class='ocrx_word' id='word_1_154' title='bbox 803 2343 1027 2428; x_wconf 85' lang='lat' dir='ltr'><strong>virginitatem</strong></span> <span class='ocrx_word' id='word_1_155' title='bbox 1050 2343 1178 2408; x_wconf 85' lang='lat' dir='ltr'><strong>Mariae</strong></span> <span class='ocrx_word' id='word_1_156' title='bbox 1202 2345 1236 2408; x_wconf 92' lang='lat' dir='ltr'><strong>in</strong></span> <span class='ocrx_word' id='word_1_157' title='bbox 1256 2351 1339 2427; x_wconf 83' lang='lat' dir='ltr'><strong>partu</strong></span> <span class='ocrx_word' id='word_1_158' title='bbox 1385 2412 1386 2434; x_wconf 13' lang='grc' dir='ltr'>χ</span> 
     </span>
     <span class='ocr_line' id='line_1_21' title="bbox 244 2438 1386 2526; baseline -0.002 -25"><span class='ocrx_word' id='word_1_159' title='bbox 244 2446 276 2500; x_wconf 91' lang='lat' dir='ltr'><strong>ct</strong></span> <span class='ocrx_word' id='word_1_160' title='bbox 313 2445 387 2522; x_wconf 93' lang='lat' dir='ltr'><strong>post</strong></span> <span class='ocrx_word' id='word_1_161' title='bbox 427 2449 567 2523; x_wconf 87' lang='lat' dir='ltr'><strong>partum,</strong></span> <span class='ocrx_word' id='word_1_162' title='bbox 608 2439 791 2526; x_wconf 91' lang='lat' dir='ltr'><strong>multosque</strong></span> <span class='ocrx_word' id='word_1_163' title='bbox 825 2449 994 2526; x_wconf 87' lang='lat' dir='ltr'><strong>praetcrea</strong></span> <span class='ocrx_word' id='word_1_164' title='bbox 1031 2459 1157 2504; x_wconf 83' lang='lat' dir='ltr'><strong>errores</strong></span> <span class='ocrx_word' id='word_1_165' title='bbox 1193 2438 1339 2504; x_wconf 78' lang='lat' dir='ltr'><strong>adstruxit</strong></span> <span class='ocrx_word' id='word_1_166' title='bbox 1385 2439 1386 2458; x_wconf 63' lang='lat'>³</span> 
     </span>
     <span class='ocr_line' id='line_1_22' title="bbox 244 2536 1338 2602; baseline -0.001 -4"><span class='ocrx_word' id='word_1_167' title='bbox 244 2545 357 2600; x_wconf 86' lang='lat' dir='ltr'><strong>contra</strong></span> <span class='ocrx_word' id='word_1_168' title='bbox 380 2536 483 2600; x_wconf 87' lang='lat' dir='ltr'><strong>vitam</strong></span> <span class='ocrx_word' id='word_1_169' title='bbox 507 2539 729 2602; x_wconf 83' lang='lat' dir='ltr'><strong>continentem</strong></span> <span class='ocrx_word' id='word_1_170' title='bbox 760 2547 794 2602; x_wconf 91' lang='lat' dir='ltr'><strong>et</strong></span> <span class='ocrx_word' id='word_1_171' title='bbox 820 2537 1106 2602; x_wconf 84' lang='lat' dir='ltr'><strong>mortificationem</strong></span> <span class='ocrx_word' id='word_1_172' title='bbox 1128 2537 1338 2602; x_wconf 83' lang='lat' dir='ltr'><strong>christianam.</strong></span> 
     </span>
     <span class='ocr_line' id='line_1_23' title="bbox 243 2629 1338 2721; baseline -0.003 -24"><span class='ocrx_word' id='word_1_173' title='bbox 243 2633 366 2698; x_wconf 86' lang='lat' dir='ltr'><strong>Notum</strong></span> <span class='ocrx_word' id='word_1_174' title='bbox 397 2643 455 2714; x_wconf 87' lang='lat' dir='ltr'><strong>est,</strong></span> <span class='ocrx_word' id='word_1_175' title='bbox 488 2644 601 2698; x_wconf 87' lang='lat' dir='ltr'><strong>contra</strong></span> <span class='ocrx_word' id='word_1_176' title='bbox 634 2634 723 2700; x_wconf 90' lang='lat' dir='ltr'><strong>hunc</strong></span> <span class='ocrx_word' id='word_1_177' title='bbox 745 2635 928 2721; x_wconf 82' lang='lat' dir='ltr'><strong>Epicurum</strong></span> <span class='ocrx_word' id='word_1_178' title='bbox 952 2633 1168 2700; x_wconf 87' lang='lat' dir='ltr'><strong>christianum</strong></span> <span class='ocrx_word' id='word_1_179' title='bbox 1191 2637 1258 2700; x_wconf 86' lang='lat' dir='ltr'><strong>acri</strong></span> <span class='ocrx_word' id='word_1_180' title='bbox 1279 2629 1338 2695; x_wconf 87' lang='lat' dir='ltr'><strong>stilo</strong></span> 
     </span>
     <span class='ocr_line' id='line_1_24' title="bbox 244 2731 1339 2820; baseline -0.001 -25"><span class='ocrx_word' id='word_1_181' title='bbox 244 2734 412 2818; x_wconf 85' lang='lat' dir='ltr'><strong>scripsisse</strong></span> <span class='ocrx_word' id='word_1_182' title='bbox 435 2731 468 2797; x_wconf 85' lang='lat' dir='ltr'><strong>S.</strong></span> <span class='ocrx_word' id='word_1_183' title='bbox 489 2733 741 2818; x_wconf 80' lang='lat' dir='ltr'><strong>Hieronymum,</strong></span> <span class='ocrx_word' id='word_1_184' title='bbox 766 2735 822 2820; x_wconf 90' lang='lat' dir='ltr'><strong>qui</strong></span> <span class='ocrx_word' id='word_1_185' title='bbox 846 2735 969 2818; x_wconf 88' lang='lat' dir='ltr'><strong>pariter</strong></span> <span class='ocrx_word' id='word_1_186' title='bbox 990 2731 1188 2798; x_wconf 86' lang='lat' dir='ltr'><strong>Helvidium</strong></span> <span class='ocrx_word' id='word_1_187' title='bbox 1210 2742 1244 2796; x_wconf 90' lang='lat' dir='ltr'><strong>et</strong></span> <span class='ocrx_word' id='word_1_188' title='bbox 1265 2731 1339 2812; x_wconf 83' lang='lat' dir='ltr'><strong>Vigi-</strong></span> 
     </span>
     <span class='ocr_line' id='line_1_25' title="bbox 243 2829 1258 2916; baseline -0.001 -21"><span class='ocrx_word' id='word_1_189' title='bbox 243 2831 392 2913; x_wconf 84' lang='lat' dir='ltr'><strong>lentium,</strong></span> <span class='ocrx_word' id='word_1_190' title='bbox 416 2852 519 2916; x_wconf 92' lang='lat' dir='ltr'><strong>quum</strong></span> <span class='ocrx_word' id='word_1_191' title='bbox 542 2831 664 2896; x_wconf 88' lang='lat' dir='ltr'><strong>similes</strong></span> <span class='ocrx_word' id='word_1_192' title='bbox 687 2853 811 2896; x_wconf 90' lang='lat' dir='ltr'><strong>errores</strong></span> <span class='ocrx_word' id='word_1_193' title='bbox 835 2839 1034 2916; x_wconf 86' lang='lat' dir='ltr'><strong>spargerent,</strong></span> <span class='ocrx_word' id='word_1_194' title='bbox 1058 2829 1258 2915; x_wconf 85' lang='lat' dir='ltr'><strong>profligavit.</strong></span> 
     </span>
    </p>
   </div>
   <div class='ocr_carea' id='block_1_3' title="bbox 84 2926 1338 3012">
    <p class='ocr_par' dir='ltr' id='par_1_4' title="bbox 84 2926 1338 3012">
     <span class='ocr_line' id='line_1_26' title="bbox 84 2926 1338 3012; baseline 0.006 -26"><span class='ocrx_word' id='word_1_195' title='bbox 84 2935 173 2979; x_wconf 71' lang='lat' dir='ltr'><strong>siseres</strong></span> <span class='ocrx_word' id='word_1_196' title='bbox 190 2946 222 2978; x_wconf 66' lang='lat' dir='ltr'><strong>a</strong></span> <span class='ocrx_word' id='word_1_197' title='bbox 335 2931 385 2994; x_wconf 89' lang='lat'><strong>11.</strong></span> <span class='ocrx_word' id='word_1_198' title='bbox 412 2929 523 3010; x_wconf 82' lang='lat' dir='ltr'><strong>Quum</strong></span> <span class='ocrx_word' id='word_1_199' title='bbox 556 2931 756 2994; x_wconf 89' lang='lat' dir='ltr'><strong>mentionem</strong></span> <span class='ocrx_word' id='word_1_200' title='bbox 788 2929 949 2993; x_wconf 88' lang='lat' dir='ltr'><strong>faciamus</strong></span> <span class='ocrx_word' id='word_1_201' title='bbox 981 2927 1014 2992; x_wconf 89' lang='lat' dir='ltr'><strong>S.</strong></span> <span class='ocrx_word' id='word_1_202' title='bbox 1047 2927 1254 3012; x_wconf 79' lang='lat' dir='ltr'><strong>Hieronymi,</strong></span> <span class='ocrx_word' id='word_1_203' title='bbox 1280 2926 1338 3009; x_wconf 79' lang='lat' dir='ltr'><strong>jam</strong></span> 
     </span>
    </p>
   </div>
   <div class='ocr_carea' id='block_1_4' title="bbox 90 2997 218 3048">
    <p class='ocr_par' dir='ltr' id='par_1_5' title="bbox 90 2997 218 3048">
     <span class='ocr_line' id='line_1_27' title="bbox 90 2997 218 3048; baseline -0.008 -8"><span class='ocrx_word' id='word_1_204' title='bbox 90 2997 218 3048; x_wconf 75' lang='lat' dir='ltr'><strong>prehensus.</strong></span> 
     </span>
    </p>
   </div>
   <div class='ocr_carea' id='block_1_5' title="bbox 244 3022 1343 4094">
    <p class='ocr_par' dir='ltr' id='par_1_6' title="bbox 244 3022 1343 4094">
     <span class='ocr_line' id='line_1_28' title="bbox 244 3022 1339 3110; baseline -0.009 -17"><span class='ocrx_word' id='word_1_205' title='bbox 244 3027 560 3108; x_wconf 86' lang='lat' dir='ltr'><strong>animadvertamus,</strong></span> <span class='ocrx_word' id='word_1_206' title='bbox 595 3047 614 3090; x_wconf 89' lang='lat' dir='ltr'><strong>a</strong></span> <span class='ocrx_word' id='word_1_207' title='bbox 648 3027 790 3090; x_wconf 83' lang='lat' dir='ltr'><strong>Beronio</strong></span> <span class='ocrx_word' id='word_1_208' title='bbox 826 3027 916 3110; x_wconf 85' lang='lat' dir='ltr'><strong>carpi</strong></span> <span class='ocrx_word' id='word_1_209' title='bbox 951 3023 1125 3106; x_wconf 84' lang='lat' dir='ltr'><strong>Siricium,</strong></span> <span class='ocrx_word' id='word_1_210' title='bbox 1162 3022 1251 3110; x_wconf 91' lang='lat' dir='ltr'><strong>quod</strong></span> <span class='ocrx_word' id='word_1_211' title='bbox 1282 3023 1339 3106; x_wconf 79' lang='lat' dir='ltr'><strong>ipse</strong></span> 
     </span>
     <span class='ocr_line' id='line_1_29' title="bbox 244 3121 1341 3209; baseline -0.012 -19"><span class='ocrx_word' id='word_1_212' title='bbox 244 3125 334 3191; x_wconf 90' lang='lat' dir='ltr'><strong>haud</strong></span> <span class='ocrx_word' id='word_1_213' title='bbox 357 3127 435 3190; x_wconf 88' lang='lat' dir='ltr'><strong>satis</strong></span> <span class='ocrx_word' id='word_1_214' title='bbox 467 3125 586 3190; x_wconf 83' lang='lat' dir='ltr'><strong>foverit</strong></span> <span class='ocrx_word' id='word_1_215' title='bbox 618 3121 710 3188; x_wconf 90' lang='lat' dir='ltr'><strong>illum</strong></span> <span class='ocrx_word' id='word_1_216' title='bbox 733 3123 920 3206; x_wconf 76' lang='lat' dir='ltr'><strong>Doctorum,</strong></span> <span class='ocrx_word' id='word_1_217' title='bbox 944 3143 1050 3209; x_wconf 90' lang='lat' dir='ltr'><strong>neque</strong></span> <span class='ocrx_word' id='word_1_218' title='bbox 1074 3131 1111 3184; x_wconf 85' lang='lat' dir='ltr'><strong>ut</strong></span> <span class='ocrx_word' id='word_1_219' title='bbox 1133 3121 1167 3186; x_wconf 77' lang='lat' dir='ltr'><strong>S.</strong></span> <span class='ocrx_word' id='word_1_220' title='bbox 1192 3121 1341 3186; x_wconf 86' lang='lat' dir='ltr'><strong>Damasus</strong></span> 
     </span>
     <span class='ocr_line' id='line_1_30' title="bbox 245 3213 1339 3310; baseline -0.01 -21"><span class='ocrx_word' id='word_1_221' title='bbox 245 3225 315 3306; x_wconf 78' lang='lat' dir='ltr'><strong>ejus</strong></span> <span class='ocrx_word' id='word_1_222' title='bbox 338 3245 437 3310; x_wconf 88' lang='lat' dir='ltr'><strong>opera</strong></span> <span class='ocrx_word' id='word_1_223' title='bbox 461 3225 495 3288; x_wconf 93' lang='lat' dir='ltr'><strong>in</strong></span> <span class='ocrx_word' id='word_1_224' title='bbox 511 3219 756 3286; x_wconf 88' lang='lat' dir='ltr'><strong>conscribendis</strong></span> <span class='ocrx_word' id='word_1_225' title='bbox 771 3221 916 3307; x_wconf 89' lang='lat' dir='ltr'><strong>epistolis</strong></span> <span class='ocrx_word' id='word_1_226' title='bbox 930 3219 1067 3306; x_wconf 86' lang='lat' dir='ltr'><strong>aliisque</strong></span> <span class='ocrx_word' id='word_1_227' title='bbox 1090 3219 1232 3304; x_wconf 85' lang='lat' dir='ltr'><strong>negotiis</strong></span> <span class='ocrx_word' id='word_1_228' title='bbox 1254 3213 1339 3280; x_wconf 68' lang='lat' dir='ltr'><strong>ecclc</strong></span> 
     </span>
     <span class='ocr_line' id='line_1_31' title="bbox 245 3313 1339 3404; baseline -0.011 -16"><span class='ocrx_word' id='word_1_229' title='bbox 245 3324 383 3388; x_wconf 88' lang='lat' dir='ltr'><strong>siasticis</strong></span> <span class='ocrx_word' id='word_1_230' title='bbox 415 3342 494 3386; x_wconf 89' lang='lat' dir='ltr'><strong>usus</strong></span> <span class='ocrx_word' id='word_1_231' title='bbox 523 3322 631 3386; x_wconf 86' lang='lat' dir='ltr'><strong>fuerit.</strong></span> <span class='ocrx_word' id='word_1_232' title='bbox 676 3319 717 3384; x_wconf 90' lang='lat' dir='ltr'><strong>In</strong></span> <span class='ocrx_word' id='word_1_233' title='bbox 740 3341 778 3384; x_wconf 89' lang='lat' dir='ltr'><strong>eo</strong></span> <span class='ocrx_word' id='word_1_234' title='bbox 810 3320 932 3404; x_wconf 88' lang='lat' dir='ltr'><strong>pariter</strong></span> <span class='ocrx_word' id='word_1_235' title='bbox 954 3317 1109 3382; x_wconf 85' lang='lat' dir='ltr'><strong>Siricium</strong></span> <span class='ocrx_word' id='word_1_236' title='bbox 1132 3313 1339 3403; x_wconf 85' lang='lat' dir='ltr'><strong>reprehendit.</strong></span> 
     </span>
     <span class='ocr_line' id='line_1_32' title="bbox 244 3411 1339 3508; baseline -0.006 -23"><span class='ocrx_word' id='word_1_237' title='bbox 244 3419 333 3508; x_wconf 92' lang='lat' dir='ltr'><strong>quod</strong></span> <span class='ocrx_word' id='word_1_238' title='bbox 351 3441 432 3502; x_wconf 43' lang='lat' dir='ltr'><strong>‚non</strong></span> <span class='ocrx_word' id='word_1_239' title='bbox 468 3419 547 3484; x_wconf 90' lang='lat' dir='ltr'><strong>satis</strong></span> <span class='ocrx_word' id='word_1_240' title='bbox 570 3427 684 3482; x_wconf 84' lang='lat' dir='ltr'><strong>contra</strong></span> <span class='ocrx_word' id='word_1_241' title='bbox 707 3417 860 3502; x_wconf 87' lang='lat' dir='ltr'><strong>Origenis</strong></span> <span class='ocrx_word' id='word_1_242' title='bbox 894 3437 1018 3480; x_wconf 85' lang='lat' dir='ltr'><strong>errores</strong></span> <span class='ocrx_word' id='word_1_243' title='bbox 1051 3435 1122 3478; x_wconf 88' lang='lat' dir='ltr'><strong>sese</strong></span> <span class='ocrx_word' id='word_1_244' title='bbox 1155 3411 1339 3500; x_wconf 81' lang='lat' dir='ltr'><strong>opposuerit.</strong></span> 
     </span>
     <span class='ocr_line' id='line_1_33' title="bbox 244 3513 1339 3605; baseline -0.014 -22"><span class='ocrx_word' id='word_1_245' title='bbox 244 3531 342 3605; x_wconf 88' lang='lat' dir='ltr'><strong>atque</strong></span> <span class='ocrx_word' id='word_1_246' title='bbox 376 3517 495 3582; x_wconf 88' lang='lat' dir='ltr'><strong>Rufino</strong></span> <span class='ocrx_word' id='word_1_247' title='bbox 528 3515 653 3582; x_wconf 87' lang='lat' dir='ltr'><strong>litteras</strong></span> <span class='ocrx_word' id='word_1_248' title='bbox 687 3515 926 3580; x_wconf 89' lang='lat' dir='ltr'><strong>communionis</strong></span> <span class='ocrx_word' id='word_1_249' title='bbox 960 3513 1170 3592; x_wconf 85' lang='lat' dir='ltr'><strong>concesserit,</strong></span> <span class='ocrx_word' id='word_1_250' title='bbox 1206 3519 1339 3574; x_wconf 83' lang='lat' dir='ltr'><strong>sanctum</strong></span> 
     </span>
     <span class='ocr_line' id='line_1_34' title="bbox 244 3605 1340 3682; baseline -0.016 0"><span class='ocrx_word' id='word_1_251' title='bbox 244 3639 322 3682; x_wconf 87' lang='lat' dir='ltr'><strong>vero</strong></span> <span class='ocrx_word' id='word_1_252' title='bbox 346 3615 523 3680; x_wconf 86' lang='lat' dir='ltr'><strong>Paulinum</strong></span> <span class='ocrx_word' id='word_1_253' title='bbox 545 3611 711 3678; x_wconf 84' lang='lat' dir='ltr'><strong>Nolanum</strong></span> <span class='ocrx_word' id='word_1_254' title='bbox 745 3613 853 3676; x_wconf 89' lang='lat' dir='ltr'><strong>minus</strong></span> <span class='ocrx_word' id='word_1_255' title='bbox 884 3613 990 3676; x_wconf 86' lang='lat' dir='ltr'><strong>amice</strong></span> <span class='ocrx_word' id='word_1_256' title='bbox 1018 3609 1221 3674; x_wconf 84' lang='lat' dir='ltr'><strong>tractaverit.</strong></span> <span class='ocrx_word' id='word_1_257' title='bbox 1265 3605 1340 3670; x_wconf 86' lang='lat' dir='ltr'><strong>Hinc</strong></span> 
     </span>
     <span class='ocr_line' id='line_1_35' title="bbox 245 3706 1340 3793; baseline -0.015 -14"><span class='ocrx_word' id='word_1_258' title='bbox 245 3714 286 3779; x_wconf 91' lang='lat' dir='ltr'><strong>de</strong></span> <span class='ocrx_word' id='word_1_259' title='bbox 309 3715 481 3779; x_wconf 85' lang='lat' dir='ltr'><strong>sanctitate</strong></span> <span class='ocrx_word' id='word_1_260' title='bbox 504 3711 613 3778; x_wconf 87' lang='lat' dir='ltr'><strong>Siricii</strong></span> <span class='ocrx_word' id='word_1_261' title='bbox 638 3710 769 3792; x_wconf 88' lang='lat' dir='ltr'><strong>dubius,</strong></span> <span class='ocrx_word' id='word_1_262' title='bbox 793 3731 869 3774; x_wconf 88' lang='lat' dir='ltr'><strong>eum</strong></span> <span class='ocrx_word' id='word_1_263' title='bbox 892 3710 928 3774; x_wconf 91' lang='lat' dir='ltr'><strong>in</strong></span> <span class='ocrx_word' id='word_1_264' title='bbox 949 3706 1182 3793; x_wconf 87' lang='lat' dir='ltr'><strong>Martyrologio</strong></span> <span class='ocrx_word' id='word_1_265' title='bbox 1207 3706 1340 3770; x_wconf 86' lang='lat' dir='ltr'><strong>Romano</strong></span> 
     </span>
     <span class='ocr_line' id='line_1_36' title="bbox 244 3803 1342 3897; baseline -0.014 -20"><span class='ocrx_word' id='word_1_266' title='bbox 244 3835 311 3878; x_wconf 94' lang='lat' dir='ltr'><strong>non</strong></span> <span class='ocrx_word' id='word_1_267' title='bbox 332 3813 487 3897; x_wconf 85' lang='lat' dir='ltr'><strong>reposuit.</strong></span> <span class='ocrx_word' id='word_1_268' title='bbox 534 3809 600 3874; x_wconf 85' lang='lat' dir='ltr'><strong>Sed</strong></span> <span class='ocrx_word' id='word_1_269' title='bbox 623 3808 788 3873; x_wconf 87' lang='lat' dir='ltr'><strong>vindicias</strong></span> <span class='ocrx_word' id='word_1_270' title='bbox 802 3805 912 3871; x_wconf 87' lang='lat' dir='ltr'><strong>Siricii</strong></span> <span class='ocrx_word' id='word_1_271' title='bbox 936 3807 1053 3871; x_wconf 71' lang='lat' dir='ltr'><strong>memte</strong></span> <span class='ocrx_word' id='word_1_272' title='bbox 1074 3805 1141 3890; x_wconf 85' lang='lat' dir='ltr'><strong>egit</strong></span> <span class='ocrx_word' id='word_1_273' title='bbox 1158 3803 1342 3868; x_wconf 84' lang='lat' dir='ltr'><strong>Franciscus</strong></span> 
     </span>
     <span class='ocr_line' id='line_1_37' title="bbox 244 3895 1343 3996; baseline -0.014 -22"><span class='ocrx_word' id='word_1_274' title='bbox 244 3910 367 3996; x_wconf 85' lang='lat' dir='ltr'><strong>Pagina</strong></span> <span class='ocrx_word' id='word_1_275' title='bbox 389 3911 424 3972; x_wconf 90' lang='lat' dir='ltr'><strong>in</strong></span> <span class='ocrx_word' id='word_1_276' title='bbox 446 3907 616 3973; x_wconf 80' lang='lat' dir='ltr'><strong>Breviorio</strong></span> <span class='ocrx_word' id='word_1_277' title='bbox 648 3905 845 3970; x_wconf 88' lang='lat' dir='ltr'><strong>Pontificum</strong></span> <span class='ocrx_word' id='word_1_278' title='bbox 869 3899 1144 3987; x_wconf 78' lang='lat' dir='ltr'><strong>Romanornm¹)3</strong></span> <span class='ocrx_word' id='word_1_279' title='bbox 1173 3901 1287 3987; x_wconf 88' lang='lat' dir='ltr'><strong>hisque</strong></span> <span class='ocrx_word' id='word_1_280' title='bbox 1307 3895 1343 3959; x_wconf 90' lang='lat' dir='ltr'><strong>de</strong></span> 
     </span>
     <span class='ocr_line' id='line_1_38' title="bbox 245 4004 861 4094; baseline -0.006 -21"><span class='ocrx_word' id='word_1_281' title='bbox 245 4005 409 4094; x_wconf 89' lang='lat' dir='ltr'><strong>capitibus</strong></span> <span class='ocrx_word' id='word_1_282' title='bbox 432 4027 538 4093; x_wconf 90' lang='lat' dir='ltr'><strong>panca</strong></span> <span class='ocrx_word' id='word_1_283' title='bbox 562 4005 671 4068; x_wconf 88' lang='lat' dir='ltr'><strong>dicere</strong></span> <span class='ocrx_word' id='word_1_284' title='bbox 696 4004 861 4069; x_wconf 86' lang='lat' dir='ltr'><strong>convenit.</strong></span> 
     </span>
    </p>
   </div>
   <div class='ocr_carea' id='block_1_6' title="bbox 319 4216 536 4290">
    <p class='ocr_par' dir='ltr' id='par_1_7' title="bbox 319 4216 536 4290">
     <span class='ocr_line' id='line_1_39' title="bbox 319 4216 536 4290; baseline -0.014 -17"><span class='ocrx_word' id='word_1_285' title='bbox 319 4219 338 4290; x_wconf 87' lang='grc' dir='ltr'><strong>Ι)</strong></span> <span class='ocrx_word' id='word_1_286' title='bbox 357 4217 410 4273; x_wconf 79' lang='lat' dir='ltr'><strong>sno</strong></span> <span class='ocrx_word' id='word_1_287' title='bbox 429 4216 536 4274; x_wconf 70' lang='lat' dir='ltr'><strong>essee.</strong></span> 
     </span>
    </p>
   </div>
   <div class='ocr_carea' id='block_1_7' title="bbox 0 0 1417 4846">
    <p class='ocr_par' dir='ltr' id='par_1_8' title="bbox 0 0 1417 4846">
     <span class='ocr_line' id='line_1_40' title="bbox 0 0 1417 4846; baseline 0 0"><span class='ocrx_word' id='word_1_288' title='bbox 0 0 1417 4846; x_wconf 95' lang='lat' dir='ltr'><strong> </strong></span> 
     </span>
    </p>
   </div>
  </div>
 </body>
</html>
