2900 4800
466 450 694 508 Monotheletismi
712 449 830 506 haeresis
1160 451 1213 506 395

97 594 282 660 deivirilem
316 595 553 681 operationem,
588 615 625 658 eo
650 594 739 680 quod
773 604 857 660 esset
890 617 957 660 una
989 595 1075 660 sotio
1099 615 1213 680 prove-

95 695 190 760 niens
213 717 233 757 a
257 695 373 758 divina
396 704 429 756 et
452 693 597 756 humana
613 701 741 772 notura,
757 694 803 756 ita
826 703 937 758 tamen
961 703 997 756 ut
1020 692 1136 759 divine
1159 715 1214 758 ns·

97 801 169 856 tura
193 801 323 856 tantum
355 793 473 868 active,
506 789 653 854 humana
685 790 783 876 plane
815 793 946 876 passive
975 813 1044 856 sese
1067 788 1213 856 haberet.

96 887 148 952 Ex
172 888 225 952 his
249 889 352 968 vides,
386 886 625 953 Monotheletss
658 887 821 952 studuisse
854 888 964 953 fallaci
994 890 1215 954 transactione

98 1007 294 1072 componere
318 985 504 1050 doctrinam
527 985 568 1050 de
593 985 722 1050 duabus
746 984 869 1052 Christi
898 989 1025 1052 natrrris
1048 1007 1123 1052 cum
1149 985 1214 1071 pla·

97 1085 170 1148 citis
185 1081 507 1168 Monophysitarum,
532 1093 568 1146 nt
584 1081 646 1148 hoc
661 1085 786 1148 ratione
801 1083 913 1150 fucata
928 1093 960 1148 et
982 1084 1113 1148 funesta
1136 1086 1214 1149 unio

97 1203 171 1246 oum
197 1183 238 1246 iis
261 1181 473 1246 obtineretur.

187 1281 227 1344 17
231 1330 238 1344 .
263 1279 363 1345 Initia
378 1280 619 1344 controversiae
643 1279 684 1342 de
703 1301 770 1344 una
785 1277 908 1344 Christi
931 1282 1119 1366 operatione
1136 1282 1207 1348 Ser·
1220 1311 1286 1354 unu
1306 1311 1379 1353 κω.»

95 1379 169 1462 gius
192 1376 382 1463 patriarcha
398 1375 551 1442 CPtanus
575 1379 610 1440 in
634 1399 673 1442 ea
693 1399 794 1462 quam
817 1379 948 1463 scripsit
970 1378 1013 1442 ad
1028 1379 1212 1444 Honorium
1241 1373 1367 1415 ΜΨ·

97 1473 234 1561 epistola
257 1475 348 1540 hisce
372 1472 546 1538 describit:
570 1473 653 1540 Ante
677 1474 808 1560 aliquod
831 1486 948 1540 certum
971 1485 1102 1562 tempus,
1126 1501 1218 1563 quum

98 1575 249 1638 adversm
272 1575 389 1638 Persas
412 1597 433 1636 a
454 1573 523 1636 Deo
553 1573 753 1657 confirmatus
774 1574 932 1638 Dominus
954 1585 1061 1638 noster
1084 1586 1113 1640 et
1134 1599 1217 1661 map-

98 1695 156 1736 uus
183 1674 284 1736 vietor
306 1672 482 1757 Imperator
508 1673 717 1756 monsooisaet
748 1673 934 1750 euerritum,
961 1683 1097 1758 propter
1119 1683 1217 1738 certa-

96 1771 184 1834 mina
207 1793 229 1833 a
251 1769 320 1834 Deo
344 1769 406 1833 sibi
428 1769 565 1832 creditae
589 1769 737 1834 amabilis
752 1770 967 1855 Reipublicae,
992 1782 1022 1834 et
1045 1771 1089 1834 ad
1106 1783 1219 1856 partes

95 1867 266 1930 Areuanias
285 1869 471 1953 prouinciae
497 1869 694 1953 peruenisset
724 1869 766 1954 (a.
802 1867 890 1954 022),
924 1893 1005 1932 uuus
1035 1892 1075 1932 eu
1093 1872 1217 1954 praeci-

88 1966 170 2051 puis
193 1966 311 2052 impiae
329 1967 440 2052 partia
458 1963 567 2030 Seueri
585 1965 785 2040 enarrabilis,
801 1968 925 2030 nomine
938 1966 1068 2047 Paulus,
1092 1968 1128 2028 in
1151 1966 1220 2030 illis

94 2062 174 2126 locis
198 2086 358 2150 apparens
382 2063 425 2128 ad
448 2068 515 2154 ejus
532 2066 687 2150 pietatem
719 2066 858 2143 accessit,
883 2086 1056 2128 sermonem
1073 2086 1136 2148 pro
1160 2087 1219 2128 ssea

93 2159 279 2224 errabunda
301 2161 423 2226 lsaeresi
439 2161 619 2246 proferens,
644 2173 674 2224 et
695 2163 750 2226 lsoo
767 2162 911 2248 profecto
936 2162 1104 2226 dumtaaat
1127 2164 1218 2226 satis-

83 2257 244 2344 faciendo
278 2259 311 2344 (i.
346 2281 374 2322 e.
408 2261 591 2344 patrocinio
616 2270 781 2344 suscepta,
806 2283 878 2324 eam
905 2259 1147 2346 defendendo),-
1183 2264 1218 2326 in

91 2357 208 2442 quibus
224 2358 374 2444 piissima
399 2361 465 2446 ejus
488 2381 526 2422 ao
549 2357 666 2443 repulia
688 2361 949 2442 mapuanimitas,
981 2359 1065 2442 (cum
1088 2362 1220 2423 asceteria

92 2456 178 2518 enim
202 2455 294 2518 donis
316 2455 381 2518 Dei
403 2458 498 2518 etiam
513 2455 692 2518 diuinorum
708 2455 887 2540 dopmatum
911 2457 1099 2542 locupletari
1122 2459 1218 2521 scieu-

92 2558 141 2616 tia
167 2554 307 2638 meruit),
341 2553 414 2616 daem
445 2553 658 2636 redarpaisset
691 2577 728 2616 aa
754 2553 976 2639 dapum-posset
993 2579 1130 2640 pravam
1153 2559 1221 2642 ejus

91 2651 306 2736 impietatem,
326 2651 481 2737 profanis
504 2655 571 2739 ejas
594 2652 721 2716 astutiis
744 2662 874 2716 sanctae
898 2664 1025 2716 nostrae
1049 2651 1219 2730 Ecclesiae,

91 2761 126 2812 ut
151 2771 245 2812 verus
268 2753 335 2838 ejus
352 2759 584 2836 propupnator,
608 2759 694 2812 recta
713 2760 805 2834 atque
827 2751 1033 2821 immaculata
1057 2772 1072 2812 e
1096 2750 1218 2814 diuersa

85 2845 232 2933 protulit
255 2846 411 2934 dopmata,
435 2848 518 2910 inter
540 2869 619 2932 quae
643 2857 672 2910 et
690 2848 784 2910 unius
799 2848 994 2932 operationis
1012 2845 1130 2912 Cleridi
1151 2850 1220 2911 veri

91 2947 159 3008 Dei
191 2945 294 3006 nostri
321 2945 406 3031 fecit
437 2947 630 3008 mentionem.
668 2981 711 2991 -
749 2943 882 3028 Sergius
921 2945 1023 3028 igitur
1054 2945 1107 3010 hic
1146 2946 1211 3010 He-

91 3043 197 3107 raclio
222 3041 415 3127 Imperatori
448 3042 623 3125 adscribit,
654 3042 743 3128 quod
778 3045 977 3108 mentionem
1000 3044 1116 3108 fecerit
1139 3043 1213 3110 talis

93 3139 277 3220 doctrinae,
302 3162 395 3204 suam
420 3139 481 3204 hac
497 3141 532 3204 in
555 3161 590 3204 re
612 3142 876 3227 cooperationem
891 3139 1009 3205 callide
1033 3142 1212 3206 occultans.

92 3278 136 3286 —-
161 3237 253 3302 Dein
276 3240 399 3324 pergit:
425 3239 500 3302 Post
522 3238 652 3324 aliquod
667 3261 739 3302 uero
764 3249 883 3324 tempus
905 3239 988 3302 idem
1011 3263 1032 3304 a
1055 3241 1123 3304 Deo
1147 3263 1216 3306 con-

83 3339 240 3421 firmatus
255 3337 431 3422 Imperator
445 3338 480 3400 iu
493 3337 693 3422 provinciam
708 3336 863 3400 Lazarum
887 3336 1057 3401 adveniam
1080 3337 1124 3424 (a.
1140 3337 1219 3422 628)

92 3435 281 3498 recordatus
304 3446 350 3497 est
373 3435 615 3522 disputationis,
649 3457 742 3519 quom
769 3437 849 3498 sieut
873 3434 1012 3498 diotimus
1028 3436 1154 3520 feceret
1177 3437 1222 3500 ad

93 3533 233 3598 Paulum
256 3532 553 3610 illumdaereticum,
573 3535 806 3618 inpraesentia
823 3531 901 3618 Cyri
924 3535 1125 3613 sanctissimi,
1150 3546 1222 3599 tuac

92 3631 224 3718 quidem
248 3631 384 3719 ejusdem
412 3627 534 3694 Cleristo
558 3629 706 3694 amabilis
731 3631 884 3694 morum
901 3633 1075 3716 provincae
1098 3631 1220 3696 metric-

87 3731 277 3816 polituuam
300 3729 402 3792 sedem
426 3731 573 3809 tenentis,
588 3753 671 3792 nunc
695 3740 797 3792 autem
811 3751 956 3813 mopnam
966 3727 1222 3792 Aleuandriuam

92 3829 243 3915 repentis.
289 3827 475 3890 Praedictum
498 3828 595 3912 ipitur
627 3829 842 3891 sanctissimus
865 3828 915 3890 uir
937 3827 986 3890 leis
1010 3826 1131 3890 auditis
1155 3830 1223 3913 ejus

94 3927 265 3993 serenitati
294 3925 473 4011 respondit,
497 3927 616 3988 nesci-re
640 3924 807 4002 subtiliter,
831 3935 936 3988 utrum
959 3947 1055 3988 unam
1077 3947 1121 3987 an
1141 3923 1222 3988 dieas

94 4024 299 4112 operationes
317 4020 435 4087 Christi
457 4023 523 4085 ueri
536 4023 600 4086 Dei
622 4025 725 4086 nostri
739 4023 901 4086 adstruere
915 4045 1036 4085 necesse
1061 4024 1111 4086 sit.
1136 4023 1221 4108 Erpa

88 4148 153 4210 per
170 4123 347 4212 jussionem
371 4124 438 4209 ejus
456 4121 591 4206 pietatis
608 4145 669 4207 per
693 4121 817 4184 litteras
835 4123 989 4208 proprias
1013 4123 1221 4206 interruperit

93 4245 153 4286 nos
181 4220 371 4307 praedictus
402 4221 619 4284 sanctissimus
651 4222 709 4296 uir,
741 4230 847 4282 utrum
876 4242 973 4282 unum
996 4221 1221 4304 operationem,
