2924 4818
258 475 310 527 ue
503 473 543 526 Dc
562 473 636 526 Rom
655 472 734 526 Pont
753 470 853 526 saeculi
871 472 950 539 primi
968 475 997 525 st
1015 472 1130 526 secundi

255 617 379 680 venitur
402 625 458 678 aut
480 615 593 702 lepitru·
621 616 771 679 docuisse.
825 612 890 688 Qui
918 617 1031 678 sinon
1063 614 1178 700 leprmt,
1200 617 1279 700 quia
1301 639 1383 679 aus·

257 715 532 800 quaminveniuat,
557 724 678 799 oportet
701 736 753 776 eos
775 713 829 775 boc
853 714 947 797 sequi,
972 713 1054 798 quod
1077 712 1207 776 eeclesia
1225 715 1383 776 Romana

257 811 401 890 custodit,
426 835 447 874 a
469 835 532 896 qua
555 833 607 875 eos
624 812 821 896 principium
839 813 993 894 accepisse
1015 831 1079 872 non
1102 809 1229 872 dubium
1251 821 1311 888 est,
1328 835 1382 886 ne,

257 909 330 972 dum
347 910 528 994 pareprinis
551 907 778 972 assertionibus
799 907 933 985 student,
957 917 1052 992 caput
1073 909 1310 971 institutionum
1336 910 1383 971 oi-

257 1006 392 1070 deantur
414 1008 563 1070 omittere.

348 1106 399 1169 11.
424 1102 600 1168 Caeterum
623 1105 658 1167 in
681 1103 833 1188 plurimis
852 1101 1043 1185 regionibus
1065 1102 1259 1166 traditiones
1284 1104 1382 1166 inve·

258 1203 395 1266 niuntur
417 1201 458 1264 de
482 1203 590 1265 missis
613 1199 785 1286 discipulis
794 1199 894 1279 Petri,
919 1221 958 1262 ac
982 1199 1023 1262 de
1047 1199 1292 1263 christianismo
1318 1221 1383 1285 per

257 1319 312 1362 coe
334 1308 524 1383 propagato.
571 1298 627 1363 Sic
656 1299 691 1361 in
721 1297 844 1360 Tuscia
875 1296 1048 1360 ecclesiam
1079 1295 1265 1360 Lunensem
1291 1297 1381 1360 Pau-

257 1393 353 1476 linus,
398 1394 596 1459 Fesulanam
627 1393 802 1474 Romulus,
843 1395 1129 1458 Ravennatensem
1160 1392 1380 1478 Apollinaris,

258 1490 412 1576 discipuli
436 1493 469 1556 S.
492 1492 581 1555 Petri
606 1491 822 1576 perhibentur
850 1490 1016 1554 fundasse.
1064 1490 1175 1570 Quum
1196 1489 1229 1554 S.
1248 1491 1381 1554 Paulus

259 1589 395 1652 Romam
405 1591 716 1674 approquinquaret,
731 1589 868 1652 secunda
878 1590 939 1667 die,
952 1588 1381 1668 narratS.Lucas,aenimus
1454 1591 1455 1668 J

259 1685 891 1772 ilrteoloe,abiinoentisfratribusropati
899 1685 1381 1770 sumusraanereapudeosdies
1454 1717 1455 1726 ι

258 1781 415 1870 septem.¹)
460 1783 577 1868 Itaque
601 1807 630 1848 a.
654 1783 698 1847 56
723 1783 901 1846 christiana
928 1782 1043 1866 religio
1065 1781 1211 1845 Puteolis
1229 1782 1305 1866 jam
1331 1805 1379 1846 re·
1454 1765 1455 1836 l

259 1891 354 1966 cepta
378 1890 463 1962 erat3
488 1883 661 1966 episeopus
685 1901 762 1944 vero
787 1881 913 1966 primus
946 1879 1033 1942 illius
1057 1881 1200 1942 civitatis
1223 1879 1379 1963 perhibe·
1454 1875 1455 1906 l

258 1989 312 2042 tur
334 1978 367 2043 S.
391 1979 560 2058 Patrobas,
585 1999 683 2062 quem
707 1979 741 2040 in
775 1976 912 2062 epistola
939 1977 981 2039 ad
1005 1975 1170 2039 Romanos
1193 1974 1226 2040 S.
1249 1975 1379 2039 Paulus

259 2074 420 2162 salutat.²)
443 2076 484 2138 In
508 2074 692 2160 Campania
716 2097 847 2161 quoque
861 2073 974 2158 religio
999 2061 1178 2136 christiane
1201 2093 1280 2136 mox
1305 2095 1378 2158 pro-

259 2181 379 2256 pagata
403 2183 461 2254 est,
487 2183 519 2236 et
539 2173 716 2257 Pompeiis,
741 2193 843 2258 quum
867 2171 923 2234 illa
946 2173 1065 2234 civitas
1089 2169 1255 2233 cineribus
1270 2169 1377 2233 Vesu-

259 2269 305 2330 vii
330 2290 359 2332 a.
392 2268 434 2332 79
467 2269 669 2350 obrueretur,
695 2271 767 2355 jam
792 2268 996 2333 Christianos
1019 2269 1136 2348 fuisse,
1167 2275 1309 2331 testatur
1332 2269 1377 2330 in·

260 2367 392 2451 scriptio
426 2370 544 2430 nostris
577 2367 695 2432 diebus
733 2370 884 2431 inventa:
918 2367 1005 2430 Audi
1041 2363 1237 2428 Christims
1265 2385 1378 2427 saeuos

260 2462 362 2526 olores
384 2463 546 2550 (cygnos),
577 2464 697 2550 quibus
727 2464 838 2528 verbis
868 2465 910 2528 ad
933 2464 1193 2548 persecutionem
1217 2461 1376 2526 Neronia·

261 2581 337 2623 narn
348 2559 634 2648 alludividetur.⁸)
658 2563 886 2626 Beneventum
903 2561 1246 2646 primumepiscopum
1256 2557 1376 2622 habuit

260 2655 439 2722 Photiuum
465 2661 601 2722 missurn
625 2681 654 2723 a.
680 2660 712 2724 S.
723 2659 830 2740 Petro,
855 2659 1051 2723 testantibus
1075 2657 1228 2720 omnibus
1252 2656 1375 2739 Marty-

260 2754 406 2838 rologiis3
431 2757 509 2820 Bari
535 2756 678 2820 obtinuit
688 2757 855 2838 Maurum3
877 2755 1011 2842 Capuae
1033 2755 1197 2834 Priscum3
1218 2752 1376 2839 Neapolis

260 2852 405 2938 Aspren3
429 2853 542 2919 Sicilia
555 2853 748 2940 Philippum
763 2855 982 2939 Agyriensem
1006 2861 1038 2915 et
1052 2853 1268 2930 Marcianum,
1293 2871 1376 2936 qnos

261 2971 374 3014 omnes
397 2974 417 3014 a
439 2953 535 3016 Petro
560 2950 726 3036 delegatos
749 2953 882 3016 traditio
906 2951 971 3014 fide
995 2950 1096 3033 digna
1118 2947 1279 3033 perhibet.

352 3049 403 3112 12.
427 3048 466 3112 In
500 3049 643 3113 Galliam
675 3073 705 3114 a.
739 3050 772 3115 S.
797 3050 893 3114 Petro
917 3048 1026 3134 plures
1056 3043 1235 3131 discipulos
1259 3047 1375 3110 missos

261 3167 342 3225 esse,
366 3148 481 3209 merito
506 3169 525 3210 a
548 3147 699 3232 plurimis
729 3157 872 3226 tenetur,
897 3156 996 3232 atque
1019 3155 1056 3207 ut
1079 3153 1224 3208 caeteros
1248 3145 1374 3206 omitta-

262 3263 343 3323 mus,
369 3245 533 3307 maximae
562 3267 641 3308 sane
671 3247 875 3310 auctoritatis
906 3252 983 3308 sunt
1014 3241 1069 3306 illa
1093 3241 1210 3318 verba,
1235 3262 1323 3325 quae
1345 3263 1373 3302 a.

260 3340 327 3403 450
356 3339 398 3404 ab
428 3342 591 3427 episcopis
620 3340 801 3406 Gallicanis
830 3342 1022 3427 provinciae
1045 3338 1245 3402 Viennensis
1274 3337 1319 3402 ad
1342 3335 1373 3401 S.

262 3436 407 3501 Leonem
432 3437 674 3522 dirigebantur:
704 3440 853 3503 Omnibus
871 3437 1052 3503 Gallicanis
1074 3435 1252 3522 ropionibus
1270 3445 1373 3498 nomas

261 3545 317 3614 est,
329 3535 383 3599 secl
391 3559 448 3599 nec
463 3548 680 3601 sacrosanctae
700 3539 862 3600 Romanae
877 3536 1023 3600 ccclesiae
1037 3533 1373 3616 labeturincopniturn,

338 3686 557 3754 bmfflffl
1448 3724 1451 3733 .

336 3765 355 3834 ²)
377 3763 517 3830 „Salutate
535 3766 714 3833 Asyncritum,
727 3765 912 3834 Phlegontem,
929 3765 1056 3820 Hermam
1084 3761 1237 3824 Patrobam,
1250 3759 1372 3813 Hermen.
1452 3761 1453 3766 ’

261 3845 354 3908 etqui
372 3859 431 3898 curn
451 3845 489 3898 eis
508 3850 572 3899 sunt
590 3846 714 3902 iratres.“
735 3847 809 3900 Rern
829 3847 871 3905 16,
891 3846 932 3897 14.

335 3927 357 3992 ⁸)
375 3923 408 3976 V.
427 3925 468 3977 De
486 3925 564 3979 Rossi
581 3926 679 3980 Bollet.
699 3927 734 3980 II.
760 3926 873 3988 ea-sa,
893 3927 928 3977 92
946 3939 1002 3989 sqq.
1024 3951 1055 3962 -
1074 3921 1259 3974 Tertullianus
1279 3919 1307 3973 in
1326 3917 1371 3971 hec

261 4003 374 4057 civitate
392 4009 512 4072 ternpore
530 4005 676 4060 avenionis
687 4006 802 4060 nonduin
812 4003 979 4058 Christianos
991 4002 1075 4056 husee
1093 4015 1240 4068 supponere
1260 3999 1371 4058 ridetur

261 4083 323 4136 dum
341 4082 435 4136 scribit
453 4083 530 4152 Apol.
550 4085 578 4138 O.
603 4087 651 4138 40:
684 4085 737 4138 ded
762 4101 809 4137 rue
838 4084 936 4136 Tuscia
954 4081 1017 4147 jam
1041 4087 1104 4133 tirno
1123 4087 1202 4147 atque
1223 4080 1370 4145 Campanus

262 4162 293 4214 ile
313 4159 478 4214 (llus-istians's
501 4163 669 4232 querebatur,
700 4179 760 4216 auos
792 4161 927 4215 Vulsinios
957 4159 989 4213 cle
1007 4161 1087 4226 aaa,
1112 4157 1252 4224 Pompeios
1279 4157 1311 4208 de
1327 4169 1371 4206 suo

261 4245 355 4306 monta
370 4240 496 4308 perfudit
513 4241 592 4311 ipris.
