2874 4812
329 499 484 570 Appellatio
501 501 536 554 ad
553 501 646 556 Sedent
665 499 855 569 Apostolicam.
1098 501 1151 554 317

65 651 101 710 sis
118 647 314 734 consepultos,
340 647 420 710 actis
442 646 538 708 etiam
564 643 704 730 publicis
730 644 818 731 opad
835 655 1074 729 procuratorem
1096 645 1151 706 da·

64 746 204 822 raetiam,
233 746 461 830 obtemperasse
484 765 515 806 se
546 741 750 806 idololatriae
782 753 813 806 st
839 739 995 806 Obsisttsm
1024 765 1152 829 nepasse

63 853 224 908 mactatas
246 844 299 919 sit,
323 865 448 928 mampsis
467 840 537 904 alia
550 839 651 904 malta
674 843 739 904 sint
762 851 793 903 et
809 841 921 926 previa
935 838 1061 917 delicta,
1085 842 1151 924 qai·

64 939 105 1002 lm
122 939 275 1004 Basilides
306 950 337 1003 et
368 938 534 1002 Martialis
564 937 723 1023 implicati
745 947 902 1001 teneotm:
918 937 1050 1023 fnestra
1074 937 1153 1000 tales

64 1039 234 1124 rpiscopatm
256 1037 319 1102 sihi
340 1059 494 1123 usurpare
509 1046 673 1112 conantur,
693 1059 761 1099 cam
773 1035 975 1121 manifestam
998 1036 1049 1113 sit,
1073 1039 1151 1123 ejas-

64 1135 128 1198 nodi
145 1136 279 1199 homines
302 1159 358 1200 nec
382 1134 541 1198 Ecclesiae
565 1131 684 1197 Christi
701 1156 794 1219 posse
813 1155 975 1218 praeesse,
1004 1155 1059 1195 nec
1085 1133 1152 1195 Deo

63 1233 191 1316 smrifida
209 1233 323 1319 offerre
344 1231 472 1297 debere:
488 1234 626 1294 maxime
645 1236 791 1322 camjam
801 1231 929 1317 pridem
945 1231 1104 1294 nobiscnm
1124 1242 1154 1293 et

63 1331 265 1394 mmnmnsbas
283 1332 410 1395 manino
426 1330 581 1416 episcopis
599 1331 636 1392 in
655 1340 718 1393 toto
737 1328 852 1392 mando
867 1329 1044 1392 concitatis
1060 1329 1154 1391 etiam

66 1425 202 1492 Canclias
216 1429 338 1515 collepa
350 1439 465 1506 noster,
478 1428 624 1490 sacerdos
632 1426 785 1513 pamflass
800 1431 949 1516 acjastas
961 1437 990 1488 et
1001 1425 1153 1506 martyrio

64 1549 157 1610 popae
169 1526 352 1613 diprsatione
364 1527 496 1589 Domini
508 1527 687 1606 honoram,
702 1525 882 1604 decreverit,
894 1522 1047 1613 ejasntodi
1060 1523 1154 1586 homi·

65 1645 105 1684 ass
117 1623 155 1686 ad
162 1626 392 1709 poeaitentiam
406 1623 530 1708 quidem
545 1623 700 1708 apendam
708 1645 804 1709 posse
819 1621 955 1698 admitti,
971 1621 1011 1684 ab
1026 1621 1154 1684 ordina·

65 1721 237 1786 tamenim
252 1721 332 1785 cleti
345 1733 436 1807 atque
451 1720 644 1784 sacerdotali
657 1721 771 1784 honore
780 1719 945 1805 prohiberi
963 1767 970 1781 .
991 1767 999 1781 .
1022 1766 1029 1782 .
1049 1715 1154 1790 Quare

65 1819 110 1878 etsi
123 1817 216 1904 alipii
235 1821 275 1884 de
297 1819 424 1905 collepis
446 1821 563 1882 nostris
587 1819 780 1896 wstimrmt,
798 1817 924 1903 fratres
949 1815 1155 1892 dilectissimi,

65 1915 106 1996 psi
122 1915 253 2000 deificam
274 1916 479 2003 disciplinam
505 1915 722 2002 neqlipcndam
737 1926 857 2002 patant
875 1925 906 1978 et
923 1937 991 1977 cam
1011 1912 1156 1976 Basilide

66 2021 88 2072 st
102 2013 235 2078 Martiali
255 2027 368 2078 team
388 2015 623 2092 commmsicant,
642 2013 827 2077 conmrbarc
838 2011 933 2096 fidem
948 2023 1083 2076 osanam
1106 2033 1157 2074 rcs

67 2109 114 2170 ista
132 2133 187 2174 non
206 2111 307 2176 debet.
330 2161 337 2175 .
360 2161 368 2175 .
391 2160 398 2176 .
421 2112 554 2198 liopter
575 2111 658 2198 qaod
676 2111 869 2196 intem-itatis
887 2120 917 2172 et
925 2109 1008 2192 fidei
1022 2119 1157 2172 vestam

68 2205 218 2292 alipiosam
245 2209 510 2292 sollicitadinem,
532 2209 658 2294 fratres
690 2209 905 2288 dilectissimi,
933 2217 964 2270 et
990 2205 1158 2269 landamas

66 2307 165 2385 pariter
177 2329 212 2370 ac
221 2307 415 2393 probamas;
440 2317 470 2370 et
485 2316 635 2392 qaanmm
643 2327 811 2392 possamus
825 2303 1029 2368 adhortamur
1042 2303 1159 2367 litteris

69 2404 170 2481 maris,
186 2427 223 2468 ae
242 2428 301 2468 cos
321 2427 388 2468 cam
402 2404 556 2490 profanis
576 2415 605 2467 et
620 2403 788 2467 macalatis
802 2402 1016 2467 sacerdotibus
1028 2424 1157 2466 comma-

70 2498 197 2565 ticatione
220 2501 376 2588 sacrilepa
399 2503 571 2580 misceatis,
599 2501 654 2566 sm
680 2503 835 2587 inteprom
858 2510 887 2562 et
910 2501 1063 2564 sinceram
1076 2499 1159 2583 fidei

70 2607 169 2660 nostae
181 2601 367 2682 fimitetem
388 2599 534 2696 religioso
559 2601 667 2663 tissime
691 2599 827 2662 semeias.

137 2695 184 2762 64.
207 2697 259 2762 Ad
283 2697 368 2762 haec
399 2699 502 2781 igitur
525 2697 557 2762 S.
584 2695 743 2781 Cypriani
774 2697 897 2780 scripta
920 2703 952 2758 et
974 2702 1067 2777 gesta
1089 2697 1157 2757 ani-

70 2791 318 2860 madvertendum
348 2804 413 2858 est:
449 2796 486 2858 1⁰
516 2795 549 2860 S.
575 2792 763 2880 Cyprianus
791 2793 936 2856 hicnon
966 2799 1066 2875 negat
1088 2793 1158 2855 uni·

70 2891 176 2974 saraim,
197 2893 240 2958 ad
264 2891 385 2964 Sedent
399 2891 582 2956 Romanam
606 2894 641 2956 in
664 2891 763 2956 rebns
778 2890 889 2956 dubiis
904 2911 999 2974 posse
1022 2891 1156 2970 resumi,

70 2983 101 3046 td
119 3009 245 3076 eamque
268 2989 429 3076 appellari
451 3012 556 3075 possa.
580 3029 624 3038 —
648 2989 687 3052 2⁰
712 2989 787 3053 Non
810 2991 889 3053 satis
913 2987 1027 3068 claret,
1051 2986 1158 3072 qualis

71 3081 201 3168 Stephani
232 3087 404 3153 Pontifiois
435 3097 529 3151 aetus
562 3087 626 3152 hac
658 3089 693 3150 in
726 3109 760 3150 re
792 3087 1016 3150 intervenerit.
1063 3086 1158 3150 Patet

70 3191 166 3265 tutem
181 3184 394 3272 Cyprianam,
411 3185 491 3248 dum
506 3207 572 3250 non
587 3185 736 3249 obstante
751 3183 988 3270 approbatione
998 3181 1157 3269 Stephani

71 3275 220 3346 basilidem
244 3293 278 3347 et
300 3281 486 3348 Martialem
513 3283 604 3347 haud
626 3282 848 3347 admittendos
877 3303 947 3346 esse
969 3280 1012 3344 ad
1036 3282 1158 3365 episco-

71 3385 161 3456 patum
182 3379 305 3462 scribit,
338 3401 377 3444 aa
405 3382 466 3444 niti
499 3381 636 3462 ratione,
671 3379 759 3467 quod
777 3403 840 3465 per
862 3380 1073 3466 obreptionem
1095 3379 1158 3442 sibi

71 3471 191 3542 latorem
203 3477 363 3564 Stephani
377 3480 623 3565 acquisiverint,
639 3478 788 3563 adeoque
802 3477 927 3562 agnitio
942 3475 998 3541 illa
1013 3475 1158 3540 valorem

71 3565 141 3636 haud
161 3572 287 3642 babeat
330 3575 478 3641 Crimina
500 3575 630 3640 illorum
654 3576 800 3639 virorum
824 3577 992 3638 existimat
1014 3595 1103 3656 vora,
1127 3584 1160 3638 et

71 3665 155 3734 fusius
174 3684 414 3756 commemorat,
448 3673 611 3760 simulque
642 3682 801 3759 provocat
824 3672 868 3737 ad
891 3673 1059 3738 decretum
1084 3671 1159 3736 Cor·

74 3763 132 3829 nebi
152 3770 411 3857 reliquorumque
433 3771 642 3854 Praesulum,
673 3773 843 3856 episcopos
866 3770 974 3855 lapsos
997 3769 1040 3832 ad
1063 3790 1159 3832 snum

74 3863 185 3939 gradum
207 3891 272 3933 non
297 3868 417 3934 debere
440 3871 559 3934 iterum
582 3868 723 3934 admitti.
769 3867 934 3953 Supponit
957 3868 1066 3948 etiam,
1091 3865 1159 3931 Ste-

76 3955 206 4046 phanum,
229 3968 291 4032 nisi
312 3967 469 4053 deceptus
486 3966 602 4031 fnisset
616 3966 658 4030 ab
673 3965 738 4030 illis
761 3967 853 4047 viris,
872 3965 971 4050 juxta
994 3964 1083 4029 idem
1107 3964 1160 4028 de·

76 4067 177 4124 cretum
198 4085 232 4127 se
254 4065 401 4149 gessisse.
424 4101 469 4110 -
492 4065 532 4128 3⁰
554 4063 661 4129 Valde
684 4061 855 4150 probabile
887 4060 1038 4144 videtur,
1071 4062 1160 4146 quod

76 4167 163 4220 cenet
174 4157 331 4226 Batonius
354 4161 410 4248 (ad
433 4185 463 4228 a.
487 4161 563 4227 258.
588 4185 620 4226 n.
644 4159 689 4248 5),
714 4161 881 4246 Hispanos
896 4159 967 4224 illos
990 4160 1161 4245 episcopos

77 4245 249 4342 Ctrihagine
271 4260 370 4324 etiam
384 4259 522 4324 Romam
539 4259 703 4347 profectos
726 4258 836 4341 fnisse,
861 4267 899 4322 ut
921 4256 968 4323 ibi
990 4277 1060 4320 rem
1084 4277 1161 4322 oum
1191 4275 1194 4281 ·
