2790 4812
189 505 241 558 386
472 503 512 557 De
531 501 684 560 arianismo
703 519 734 557 sc
753 501 786 556 de
805 499 884 558 Cone.
902 499 1027 554 Nioseno.

277 648 330 714 39.
355 647 526 712 Visionem
550 645 724 712 coelestem
740 645 957 712 Constantino
972 645 1094 712 factam
1108 645 1144 708 in
1169 642 1321 708 dubium

33 775 169 818 amum
189 769 308 812 vocare
330 747 403 810 ausi
427 753 504 809 sunt
517 742 627 830 plures
642 746 817 829 scriptores
832 742 994 809 increduli
1019 751 1053 811 et
1074 741 1320 814 rationalistse,

32 847 141 939 ⁰⁰¹¹Jssss¹⁰
156 837 242 910 ⁰‘vel
276 866 349 908 eam
381 842 568 908 adscribere
602 843 711 906 causis
743 839 959 907 naturalibus.
1015 845 1089 909 Non
1122 851 1227 905 vacat
1262 840 1322 904 bic

190 945 363 1008 veritatem
396 941 475 1004 sacti
512 940 692 1026 prodigiosi
730 959 956 1024 propugnare3
1004 941 1163 1006 convenit
1199 947 1320 1002 tamen

188 1038 430 1110 nosseEusebii
449 1037 681 1118 narrationem,
702 1059 744 1101 ex
767 1059 833 1123 qua
858 1049 1053 1122 argumenta
1073 1039 1117 1103 ad
1135 1036 1320 1102 vindican-

189 1143 270 1206 dum
289 1137 371 1202 illud
394 1135 583 1222 prodigium
606 1131 704 1200 facile
732 1134 942 1220 colliguntur.
979 1135 1084 1221 ,Cum
1109 1134 1322 1219 intelligeret

189 1237 437 1316 Constantinus,
453 1233 567 1298 scribit
577 1231 750 1316 Eusebius,
766 1243 897 1319 praeter
912 1232 1071 1298 militares
1089 1235 1206 1319 copias
1220 1253 1320 1318 prae-

190 1337 345 1403 stantiore
368 1331 479 1418 aliquo
504 1329 652 1395 subsidio
677 1331 740 1396 sibi
756 1352 839 1417 opus
861 1352 942 1416 esse,
967 1333 1009 1397 ob
1033 1329 1203 1396 maleficas
1228 1341 1322 1394 artes

191 1435 404 1518 magicasque
428 1429 622 1515 praestigias
645 1451 728 1514 quas
747 1437 909 1513 manuus
932 1429 1077 1496 studiose
1100 1428 1321 1494 consectaba-

191 1542 253 1614 tur,
277 1529 387 1594 Deum
416 1527 478 1591 sibi
503 1525 687 1612 adjutorem
721 1527 894 1613 quaesivit.
930 1577 970 1592 ..
996 1578 1003 1593 .
1028 1527 1135 1610 igitur
1168 1528 1321 1612 cogitare

190 1627 280 1716 apud
313 1648 347 1691 se
380 1626 505 1710 coepit,
529 1645 707 1710 quemnam
733 1625 796 1688 sibi
820 1625 930 1688 Deum
954 1625 1164 1690 adscisceret.
1214 1623 1321 1706 Quod

191 1727 271 1791 dum
293 1722 431 1788 sollicite
447 1723 594 1808 inquirit,
616 1720 698 1786 baec
713 1721 759 1786 illi
780 1721 884 1786 subiit
904 1723 1076 1808 cogitatio:
1100 1745 1142 1787 ex
1158 1720 1321 1808 plurimis

191 1826 247 1911 qui
272 1832 348 1888 ante
365 1842 399 1884 se
414 1820 590 1905 imperium
605 1828 789 1901 tenuerant,
809 1841 865 1883 eos
880 1819 1014 1906 quidem
1031 1823 1088 1908 qui
1113 1823 1148 1886 in
1174 1820 1320 1884 deorum

192 1919 403 1987 multitudine
435 1939 527 2002 spem
551 1935 644 1981 suam
669 1917 896 1998 collocassent,
921 1927 954 1982 et
986 1921 1043 2004 qui
1068 1919 1219 1982 victimis
1244 1917 1323 1982 illos

192 2029 224 2084 et
248 2017 394 2084 donariis
418 2015 605 2097 coluissent,
630 2017 774 2100 primum
798 2017 965 2082 vaticiniis
987 2017 1031 2081 ad
1053 2017 1321 2081 assentationem

192 2116 382 2202 compositis
415 2122 448 2176 et
479 2111 622 2176 oraculis
645 2113 754 2177 fausta
778 2115 890 2179 omnia
912 2113 1145 2199 pollicentibus
1169 2113 1321 2195 delusos,

191 2214 326 2280 tandem
343 2212 486 2276 infausto
502 2211 615 2274 mortis
629 2231 749 2296 genere
764 2209 944 2294 interiisse3
973 2233 1034 2277 nec
1049 2211 1188 2278 deorum
1204 2233 1321 2298 quem-

193 2332 291 2398 quam
315 2319 445 2395 praesto
469 2307 532 2372 illis
555 2307 711 2390 adfuisse,
738 2311 796 2395 qui
821 2330 875 2372 eos
903 2311 1035 2375 invecto
1058 2309 1226 2375 divinitus
1252 2309 1321 2372 exi-

192 2412 237 2474 tio
261 2407 430 2488 liberaret3
455 2404 561 2470 solum
576 2408 679 2492 ipsius
692 2415 835 2493 patrem,
851 2409 907 2494 qui
923 2409 1120 2472 contrariam
1144 2406 1322 2494 prioribus

194 2500 257 2572 illis
280 2507 370 2569 viam
393 2507 530 2587 iniisset,
556 2513 588 2567 et
609 2505 667 2589 qui
692 2527 805 2568 comm
834 2505 969 2591 quidem
993 2527 1135 2570 errorem
1159 2505 1321 2570 condem·

194 2614 313 2687 nasset,
346 2623 450 2666 unum
484 2623 562 2666 vero
594 2623 784 2688 supremum
819 2605 967 2667 omnium
996 2603 1107 2670 Mum
1130 2613 1201 2667 toto
1228 2606 1322 2668 vitae

194 2704 300 2788 spatio
324 2699 489 2780 coluisset,
513 2697 667 2764 eumdem
698 2709 899 2764 servatorem
923 2723 963 2764 ao
986 2702 1116 2786 imperii
1141 2701 1320 2766 custodem

195 2811 228 2864 et
243 2801 392 2865 omnium
406 2798 568 2863 bonorum
587 2807 754 2862 auctorem
775 2797 941 2864 babuisse.
966 2849 974 2864 .
993 2849 1000 2864 .
1019 2846 1026 2863 .
1047 2798 1150 2882 Haec,
1164 2801 1321 2886 inquam,

194 2900 306 2964 omnia
339 2896 536 2981 cogitatione
568 2917 628 2960 sua
660 2895 862 2982 complexus,
886 2896 965 2962 deos
995 2897 1132 2983 quidem
1157 2899 1217 2982 qui
1241 2920 1322 2962 nus-

195 3017 295 3083 quam
319 3003 428 3059 essent
450 2993 586 3059 coleudo
600 2995 728 3077 nugari,
746 3003 866 3080 etpost
881 3004 929 3058 tot
943 3005 975 3058 et
994 3005 1090 3060 tanta
1113 2994 1322 3060 documenta

196 3115 293 3159 caeco
317 3092 428 3158 adhuc
462 3112 570 3156 errore
606 3089 698 3174 ferri,
726 3113 875 3156 summae
898 3091 1085 3158 dementiae
1107 3113 1179 3156 esse
1203 3095 1321 3158 existi-

196 3193 316 3274 mavit,
341 3189 446 3256 solum
471 3211 548 3254 vero
563 3189 673 3253 Deum
696 3191 854 3273 genitoris
878 3191 929 3254 sui
952 3189 1016 3255 sibi
1041 3211 1113 3254 esse
1137 3189 1320 3255 colendum

196 3291 354 3355 censuit.“

284 3387 338 3452 40.
365 3385 495 3472 „Hujus
517 3406 595 3470 ergo
619 3406 715 3470 opem
748 3384 923 3471 implorare
946 3387 1064 3471 coepit,
1093 3407 1191 3452 orans
1216 3396 1322 3474 atque

196 3484 382 3566 obsecrans,
399 3491 436 3548 ut
458 3505 492 3547 se
516 3484 579 3567 ipsi
603 3482 807 3547 noscendum
821 3483 1004 3568 praeberet,
1028 3506 1069 3547 ac
1084 3485 1322 3570 praesentibus

197 3583 337 3668 negotiis
368 3580 564 3667 adjutricem
604 3603 739 3646 manum
778 3582 970 3666 porrigeret.
1030 3579 1124 3645 Haec
1166 3585 1320 3667 precanti

196 3704 236 3746 ac
268 3679 461 3766 suppliciter
492 3677 670 3764 postulanti
703 3677 898 3764 Imperatori
925 3677 1124 3744 admirabile
1146 3677 1320 3765 quoddam

196 3781 328 3864 signum
351 3800 372 3841 a
394 3776 467 3841 Deo
492 3777 628 3840 missum
642 3778 817 3861 apparuit.
851 3775 949 3857 Quod
973 3779 1000 3841 si
1024 3775 1160 3862 quidem
1184 3775 1229 3841 ab
1254 3777 1320 3842 alio

196 3877 353 3963 quopiam
377 3873 552 3956 diceretur,
575 3872 666 3938 haud
690 3872 787 3938 facile
809 3872 979 3940 auditores
1002 3873 1103 3940 iidem
1127 3883 1242 3939 esseut
1265 3875 1320 3939 ba·
1392 3913 1393 3962 l

197 3973 308 4037 bituri.
337 3971 461 4035 Verum
486 3991 588 4056 quum
612 3972 683 4056 ipse
709 3973 816 4035 victor
831 3973 1003 4056 Augustus
1026 3971 1124 4036 nobis
1146 3973 1205 4058 qui
1231 3971 1320 4038 banc
1392 3985 1393 3992 ’

197 4069 369 4134 historiam
393 4067 569 4132 scribimus
595 4067 693 4152 longe
719 4077 794 4154 post
814 4077 976 4155 tempore,
1002 4091 1077 4134 cum
1099 4068 1264 4135 videlicet
1287 4073 1320 4136 in

199 4167 270 4252 ejus
293 4167 443 4232 notitiam
467 4175 500 4230 et
521 4165 779 4231 familiaritatem
802 4169 1031 4253 pervenimus,
1056 4167 1092 4233 id
1114 4167 1269 4234 retulerit
1290 4181 1322 4234 et

200 4285 382 4328 sermonem
413 4267 608 4328 sacramenti
648 4263 806 4349 religione
835 4265 1033 4350 firmaverit,
1071 4265 1146 4352 quis
1179 4267 1320 4354 posthac
