<?xml version="1.0" encoding="UTF-8"?>
<!DOCTYPE html PUBLIC "-//W3C//DTD XHTML 1.0 Transitional//EN"
    "http://www.w3.org/TR/xhtml1/DTD/xhtml1-transitional.dtd">
<html xmlns="http://www.w3.org/1999/xhtml" xml:lang="en" lang="en">
 <head>
  <title>
</title>
<meta http-equiv="Content-Type" content="text/html;charset=utf-8" />
  <meta name='ocr-system' content='tesseract 3.04.00' />
  <meta name='ocr-capabilities' content='ocr_page ocr_carea ocr_par ocr_line ocrx_word'/>
</head>
<body>
  <div class='ocr_page' id='page_1' title='image "./dissertationess02junggoog_0210.png"; bbox 0 0 2876 4814; ppageno 0'>
   <div class='ocr_carea' id='block_1_1' title="bbox 410 526 1170 602">
    <p class='ocr_par' dir='ltr' id='par_1_1' title="bbox 410 526 1170 602">
     <span class='ocr_line' id='line_1_1' title="bbox 410 526 1170 602; baseline -0.012 -11"><span class='ocrx_word' id='word_1_1' title='bbox 410 533 451 590; x_wconf 87' lang='lat' dir='ltr'>De</span> <span class='ocrx_word' id='word_1_2' title='bbox 470 534 624 590; x_wconf 71' lang='lat' dir='ltr'><strong>remissione</strong></span> <span class='ocrx_word' id='word_1_3' title='bbox 642 539 817 602; x_wconf 64' lang='lat' dir='ltr'>meatorum.</span> <span class='ocrx_word' id='word_1_4' title='bbox 1120 526 1170 582; x_wconf 73' lang='lat' dir='ltr'>iol</span> 
     </span>
    </p>
   </div>
   <div class='ocr_carea' id='block_1_2' title="bbox 72 664 1177 4202">
    <p class='ocr_par' dir='ltr' id='par_1_2' title="bbox 72 664 1175 2434">
     <span class='ocr_line' id='line_1_2' title="bbox 75 664 1173 765; baseline -0.004 -23"><span class='ocrx_word' id='word_1_5' title='bbox 75 677 132 756; x_wconf 79' lang='lat' dir='ltr'>liic,</span> <span class='ocrx_word' id='word_1_6' title='bbox 154 678 271 764; x_wconf 88' lang='lat' dir='ltr'>inquit,</span> <span class='ocrx_word' id='word_1_7' title='bbox 291 681 416 765; x_wconf 85' lang='lat' dir='ltr'>primas</span> <span class='ocrx_word' id='word_1_8' title='bbox 438 680 473 742; x_wconf 85' lang='lat' dir='ltr'>ia</span> <span class='ocrx_word' id='word_1_9' title='bbox 497 681 635 744; x_wconf 78' lang='lat' dir='ltr'>animam</span> <span class='ocrx_word' id='word_1_10' title='bbox 661 677 801 754; x_wconf 63' lang='lat' dir='ltr'>intrato,</span> <span class='ocrx_word' id='word_1_11' title='bbox 824 687 860 740; x_wconf 85' lang='lat' dir='ltr'>at</span> <span class='ocrx_word' id='word_1_12' title='bbox 882 675 1059 764; x_wconf 76' lang='lat' dir='ltr'>iadolperet</span> <span class='ocrx_word' id='word_1_13' title='bbox 1080 664 1173 738; x_wconf 81' lang='lat' dir='ltr'>bomi-</span> 
     </span>
     <span class='ocr_line' id='line_1_3' title="bbox 73 773 1173 864; baseline -0.004 -24"><span class='ocrx_word' id='word_1_14' title='bbox 73 773 270 841; x_wconf 68' lang='lat' dir='ltr'>abietarii·</span> <span class='ocrx_word' id='word_1_15' title='bbox 297 799 377 864; x_wconf 78' lang='lat' dir='ltr'>qnae</span> <span class='ocrx_word' id='word_1_16' title='bbox 405 777 449 842; x_wconf 85' lang='lat' dir='ltr'>ad</span> <span class='ocrx_word' id='word_1_17' title='bbox 474 776 652 864; x_wconf 80' lang='lat' dir='ltr'>voluptates</span> <span class='ocrx_word' id='word_1_18' title='bbox 673 776 849 863; x_wconf 70' lang='lat' dir='ltr'><strong><em>pertinent,</em></strong></span> <span class='ocrx_word' id='word_1_19' title='bbox 873 773 990 852; x_wconf 81' lang='lat' dir='ltr'>dicens,</span> <span class='ocrx_word' id='word_1_20' title='bbox 1013 795 1036 837; x_wconf 88' lang='lat' dir='ltr'>a</span> <span class='ocrx_word' id='word_1_21' title='bbox 1058 795 1089 838; x_wconf 82' lang='lat' dir='ltr'>se</span> <span class='ocrx_word' id='word_1_22' title='bbox 1113 793 1173 835; x_wconf 83' lang='lat' dir='ltr'>om-</span> 
     </span>
     <span class='ocr_line' id='line_1_4' title="bbox 73 867 1174 962; baseline -0.005 -24"><span class='ocrx_word' id='word_1_23' title='bbox 73 873 150 938; x_wconf 77' lang='lat' dir='ltr'>uibus</span> <span class='ocrx_word' id='word_1_24' title='bbox 177 887 316 962; x_wconf 84' lang='lat' dir='ltr'>peccata</span> <span class='ocrx_word' id='word_1_25' title='bbox 351 877 478 940; x_wconf 83' lang='lat' dir='ltr'>remitti.</span> <span class='ocrx_word' id='word_1_26' title='bbox 526 878 662 958; x_wconf 76' lang='grc' dir='ltr'><strong><em>Πρῶτος</em></strong></span> <span class='ocrx_word' id='word_1_27' title='bbox 697 873 738 937; x_wconf 83' lang='grc' dir='ltr'>τὰ</span> <span class='ocrx_word' id='word_1_28' title='bbox 768 872 851 958; x_wconf 81' lang='grc' dir='ltr'><strong><em>πρὸς</em></strong></span> <span class='ocrx_word' id='word_1_29' title='bbox 873 871 932 947; x_wconf 85' lang='grc' dir='ltr'>τὰς</span> <span class='ocrx_word' id='word_1_30' title='bbox 963 867 1084 958; x_wconf 70' lang='grc' dir='ltr'>ἡόωνὰς</span> <span class='ocrx_word' id='word_1_31' title='bbox 1106 872 1174 944; x_wconf 81' lang='grc' dir='ltr'><strong><em>τοῖς</em></strong></span> 
     </span>
     <span class='ocr_line' id='line_1_5' title="bbox 72 961 1173 1060; baseline -0.002 -28"><span class='ocrx_word' id='word_1_32' title='bbox 72 969 245 1054; x_wconf 68' lang='grc' dir='ltr'><em>ἀνθρώποις</em></span> <span class='ocrx_word' id='word_1_33' title='bbox 268 975 441 1058; x_wconf 70' lang='grc' dir='ltr'><em>συγχωρεῖν</em></span> <span class='ocrx_word' id='word_1_34' title='bbox 457 970 620 1060; x_wconf 74' lang='grc' dir='ltr'><strong><em>ἐπενόησε,</em></strong></span> <span class='ocrx_word' id='word_1_35' title='bbox 637 970 736 1055; x_wconf 78' lang='grc' dir='ltr'><em>λέγων</em></span> <span class='ocrx_word' id='word_1_36' title='bbox 751 975 853 1036; x_wconf 80' lang='grc' dir='ltr'>πᾶσιν</span> <span class='ocrx_word' id='word_1_37' title='bbox 868 967 925 1033; x_wconf 80' lang='lat' dir='ltr'>ia&#39;</span> <span class='ocrx_word' id='word_1_38' title='bbox 941 965 1037 1033; x_wconf 72' lang='grc' dir='ltr'><strong><em>αἰτοῦ</em></strong></span> <span class='ocrx_word' id='word_1_39' title='bbox 1060 961 1173 1056; x_wconf 76' lang='grc' dir='ltr'><em>ἀφίεσ-</em></span> 
     </span>
     <span class='ocr_line' id='line_1_6' title="bbox 74 1064 1173 1158; baseline -0.002 -27"><span class='ocrx_word' id='word_1_40' title='bbox 74 1072 120 1132; x_wconf 80' lang='lat' dir='ltr'>tur</span> <span class='ocrx_word' id='word_1_41' title='bbox 142 1065 309 1156; x_wconf 74' lang='grc' dir='ltr'><strong><em>ἁμαρτίας.</em></strong></span> <span class='ocrx_word' id='word_1_42' title='bbox 344 1071 565 1158; x_wconf 81' lang='lat' dir='ltr'>Conqueritur</span> <span class='ocrx_word' id='word_1_43' title='bbox 587 1071 809 1136; x_wconf 78' lang='lat' dir='ltr'>Tertullianus</span> <span class='ocrx_word' id='word_1_44' title='bbox 831 1069 930 1156; x_wconf 90' lang='lat' dir='ltr'>plane</span> <span class='ocrx_word' id='word_1_45' title='bbox 953 1066 1052 1132; x_wconf 83' lang='lat' dir='ltr'>simili</span> <span class='ocrx_word' id='word_1_46' title='bbox 1076 1064 1173 1130; x_wconf 92' lang='lat' dir='ltr'>modo</span> 
     </span>
     <span class='ocr_line' id='line_1_7' title="bbox 73 1165 1173 1253; baseline -0.003 -23"><span class='ocrx_word' id='word_1_47' title='bbox 73 1167 113 1230; x_wconf 88' lang='lat' dir='ltr'>De</span> <span class='ocrx_word' id='word_1_48' title='bbox 142 1167 303 1253; x_wconf 72' lang='lat' dir='ltr'>pudicitia</span> <span class='ocrx_word' id='word_1_49' title='bbox 337 1191 365 1236; x_wconf 89' lang='lat' dir='ltr'>c.</span> <span class='ocrx_word' id='word_1_50' title='bbox 391 1171 426 1234; x_wconf 86' lang='lat'>1:</span> <span class='ocrx_word' id='word_1_51' title='bbox 465 1169 571 1234; x_wconf 76' lang='lat' dir='ltr'>Audio</span> <span class='ocrx_word' id='word_1_52' title='bbox 596 1172 691 1235; x_wconf 87' lang='lat' dir='ltr'>etiam</span> <span class='ocrx_word' id='word_1_53' title='bbox 722 1170 855 1234; x_wconf 80' lang='lat' dir='ltr'>edictam</span> <span class='ocrx_word' id='word_1_54' title='bbox 882 1189 947 1231; x_wconf 79' lang='lat' dir='ltr'>ease</span> <span class='ocrx_word' id='word_1_55' title='bbox 964 1165 1173 1252; x_wconf 82' lang='lat' dir='ltr'>propositam,</span> 
     </span>
     <span class='ocr_line' id='line_1_8' title="bbox 73 1262 1175 1356; baseline -0.004 -28"><span class='ocrx_word' id='word_1_56' title='bbox 73 1266 230 1351; x_wconf 59' lang='lat' dir='ltr'>academ</span> <span class='ocrx_word' id='word_1_57' title='bbox 256 1271 515 1356; x_wconf 77' lang='lat' dir='ltr'>peremptoriam.</span> <span class='ocrx_word' id='word_1_58' title='bbox 555 1269 705 1355; x_wconf 64' lang='lat' dir='ltr'>Peatofeoe</span> <span class='ocrx_word' id='word_1_59' title='bbox 737 1267 854 1332; x_wconf 86' lang='lat' dir='ltr'>scilicet</span> <span class='ocrx_word' id='word_1_60' title='bbox 886 1266 1060 1343; x_wconf 69' lang='lat' dir='ltr'>Maximae,</span> <span class='ocrx_word' id='word_1_61' title='bbox 1092 1262 1175 1349; x_wconf 80' lang='lat' dir='ltr'>qaod</span> 
     </span>
     <span class='ocr_line' id='line_1_9' title="bbox 72 1361 1173 1453; baseline -0.001 -28"><span class='ocrx_word' id='word_1_62' title='bbox 72 1375 108 1426; x_wconf 75' lang='lat' dir='ltr'>at</span> <span class='ocrx_word' id='word_1_63' title='bbox 127 1365 302 1452; x_wconf 79' lang='lat' dir='ltr'>Episcopus</span> <span class='ocrx_word' id='word_1_64' title='bbox 325 1367 562 1453; x_wconf 76' lang='lat' dir='ltr'>Fpiscoporam,</span> <span class='ocrx_word' id='word_1_65' title='bbox 586 1368 701 1431; x_wconf 80' lang='lat' dir='ltr'>edicit:</span> <span class='ocrx_word' id='word_1_66' title='bbox 731 1367 796 1453; x_wconf 69' lang='lat' dir='ltr'>Epo</span> <span class='ocrx_word' id='word_1_67' title='bbox 825 1376 855 1429; x_wconf 85' lang='lat' dir='ltr'>et</span> <span class='ocrx_word' id='word_1_68' title='bbox 880 1364 1034 1428; x_wconf 68' lang='lat' dir='ltr'>moechiae</span> <span class='ocrx_word' id='word_1_69' title='bbox 1057 1373 1087 1426; x_wconf 87' lang='lat' dir='ltr'>et</span> <span class='ocrx_word' id='word_1_70' title='bbox 1101 1361 1173 1447; x_wconf 84' lang='lat' dir='ltr'>for-</span> 
     </span>
     <span class='ocr_line' id='line_1_10' title="bbox 74 1461 1175 1552; baseline -0.003 -27"><span class='ocrx_word' id='word_1_71' title='bbox 74 1463 224 1527; x_wconf 76' lang='lat' dir='ltr'>nicatiouis</span> <span class='ocrx_word' id='word_1_72' title='bbox 246 1463 368 1528; x_wconf 83' lang='lat' dir='ltr'>delicta</span> <span class='ocrx_word' id='word_1_73' title='bbox 389 1463 718 1552; x_wconf 75' lang='lat' dir='ltr'>poenitentiajioactis</span> <span class='ocrx_word' id='word_1_74' title='bbox 736 1465 869 1528; x_wconf 76' lang='lat' dir='ltr'>dimitti.</span> <span class='ocrx_word' id='word_1_75' title='bbox 898 1462 1051 1548; x_wconf 82' lang='lat' dir='ltr'>Plerique</span> <span class='ocrx_word' id='word_1_76' title='bbox 1065 1461 1175 1525; x_wconf 88' lang='lat' dir='ltr'>existi·</span> 
     </span>
     <span class='ocr_line' id='line_1_11' title="bbox 74 1559 1174 1649; baseline -0.003 -25"><span class='ocrx_word' id='word_1_77' title='bbox 74 1571 201 1643; x_wconf 80' lang='lat' dir='ltr'>marum,</span> <span class='ocrx_word' id='word_1_78' title='bbox 223 1562 470 1628; x_wconf 83' lang='lat' dir='ltr'>Tertullianum</span> <span class='ocrx_word' id='word_1_79' title='bbox 503 1562 594 1628; x_wconf 88' lang='lat' dir='ltr'>hisce</span> <span class='ocrx_word' id='word_1_80' title='bbox 626 1565 783 1649; x_wconf 81' lang='lat' dir='ltr'>impetere</span> <span class='ocrx_word' id='word_1_81' title='bbox 815 1561 1042 1647; x_wconf 86' lang='lat' dir='ltr'>Zephyrinum</span> <span class='ocrx_word' id='word_1_82' title='bbox 1065 1559 1174 1625; x_wconf 88' lang='lat' dir='ltr'>Ponti·</span> 
     </span>
     <span class='ocr_line' id='line_1_12' title="bbox 74 1656 1174 1748; baseline -0.001 -28"><span class='ocrx_word' id='word_1_83' title='bbox 74 1656 166 1738; x_wconf 81' lang='lat' dir='ltr'>ficem,</span> <span class='ocrx_word' id='word_1_84' title='bbox 193 1669 227 1723; x_wconf 87' lang='lat' dir='ltr'>et</span> <span class='ocrx_word' id='word_1_85' title='bbox 249 1659 343 1725; x_wconf 90' lang='lat' dir='ltr'>bunc</span> <span class='ocrx_word' id='word_1_86' title='bbox 366 1660 512 1726; x_wconf 86' lang='lat' dir='ltr'>edictum</span> <span class='ocrx_word' id='word_1_87' title='bbox 536 1662 627 1744; x_wconf 89' lang='lat' dir='ltr'>illud,</span> <span class='ocrx_word' id='word_1_88' title='bbox 656 1660 697 1725; x_wconf 88' lang='lat' dir='ltr'>de</span> <span class='ocrx_word' id='word_1_89' title='bbox 714 1681 778 1748; x_wconf 90' lang='lat' dir='ltr'>quo</span> <span class='ocrx_word' id='word_1_90' title='bbox 788 1659 1011 1725; x_wconf 82' lang='lat' dir='ltr'>Tertullianus</span> <span class='ocrx_word' id='word_1_91' title='bbox 1035 1675 1174 1742; x_wconf 89' lang='lat' dir='ltr'>conque-</span> 
     </span>
     <span class='ocr_line' id='line_1_13' title="bbox 74 1754 1173 1846; baseline 0 -29"><span class='ocrx_word' id='word_1_92' title='bbox 74 1755 149 1837; x_wconf 84' lang='lat' dir='ltr'>ritur,</span> <span class='ocrx_word' id='word_1_93' title='bbox 180 1757 305 1824; x_wconf 82' lang='lat' dir='ltr'>tulisse.</span> <span class='ocrx_word' id='word_1_94' title='bbox 362 1757 491 1846; x_wconf 84' lang='lat' dir='ltr'>Operae</span> <span class='ocrx_word' id='word_1_95' title='bbox 523 1769 634 1824; x_wconf 84' lang='lat' dir='ltr'>tamen</span> <span class='ocrx_word' id='word_1_96' title='bbox 671 1760 813 1846; x_wconf 91' lang='lat' dir='ltr'>pretium</span> <span class='ocrx_word' id='word_1_97' title='bbox 846 1768 895 1822; x_wconf 87' lang='lat' dir='ltr'>est</span> <span class='ocrx_word' id='word_1_98' title='bbox 926 1756 1107 1836; x_wconf 79' lang='lat' dir='ltr'>advertere,</span> <span class='ocrx_word' id='word_1_99' title='bbox 1132 1754 1173 1818; x_wconf 90' lang='lat' dir='ltr'>ab</span> 
     </span>
     <span class='ocr_line' id='line_1_14' title="bbox 75 1851 1174 1944; baseline 0.001 -28"><span class='ocrx_word' id='word_1_100' title='bbox 75 1851 199 1920; x_wconf 67' lang='lat' dir='ltr'>tumre</span> <span class='ocrx_word' id='word_1_101' title='bbox 220 1856 551 1943; x_wconf 88' lang='lat' dir='ltr'>Philosophumenon</span> <span class='ocrx_word' id='word_1_102' title='bbox 574 1860 686 1940; x_wconf 85' lang='lat' dir='ltr'>asseri,</span> <span class='ocrx_word' id='word_1_103' title='bbox 704 1859 844 1944; x_wconf 77' lang='lat' dir='ltr'>primam</span> <span class='ocrx_word' id='word_1_104' title='bbox 865 1857 967 1920; x_wconf 80' lang='lat' dir='ltr'>inisse</span> <span class='ocrx_word' id='word_1_105' title='bbox 991 1853 1174 1936; x_wconf 79' lang='lat' dir='ltr'>Callistum,</span> 
     </span>
     <span class='ocr_line' id='line_1_15' title="bbox 75 1953 1175 2042; baseline 0.003 -27"><span class='ocrx_word' id='word_1_106' title='bbox 75 1953 119 2034; x_wconf 87' lang='lat' dir='ltr'>qui</span> <span class='ocrx_word' id='word_1_107' title='bbox 140 1953 382 2040; x_wconf 84' lang='lat' dir='ltr'>indulgentiam</span> <span class='ocrx_word' id='word_1_108' title='bbox 404 1955 562 2042; x_wconf 88' lang='lat' dir='ltr'>majorem</span> <span class='ocrx_word' id='word_1_109' title='bbox 587 1957 766 2022; x_wconf 88' lang='lat' dir='ltr'>ostenderit</span> <span class='ocrx_word' id='word_1_110' title='bbox 798 1957 832 2020; x_wconf 92' lang='lat' dir='ltr'>in</span> <span class='ocrx_word' id='word_1_111' title='bbox 866 1977 921 2019; x_wconf 89' lang='lat' dir='ltr'>eos</span> <span class='ocrx_word' id='word_1_112' title='bbox 954 1954 1010 2040; x_wconf 91' lang='lat' dir='ltr'>qui</span> <span class='ocrx_word' id='word_1_113' title='bbox 1042 1953 1175 2018; x_wconf 84' lang='lat' dir='ltr'>luxuria</span> 
     </span>
     <span class='ocr_line' id='line_1_16' title="bbox 76 2051 1175 2140; baseline 0.002 -26"><span class='ocrx_word' id='word_1_114' title='bbox 76 2063 296 2136; x_wconf 79' lang='lat' dir='ltr'>peccaverant3</span> <span class='ocrx_word' id='word_1_115' title='bbox 320 2054 469 2140; x_wconf 85' lang='lat' dir='ltr'>adeoque</span> <span class='ocrx_word' id='word_1_116' title='bbox 501 2054 599 2120; x_wconf 88' lang='lat' dir='ltr'>valde</span> <span class='ocrx_word' id='word_1_117' title='bbox 622 2053 793 2140; x_wconf 78' lang='lat' dir='ltr'>probabile</span> <span class='ocrx_word' id='word_1_118' title='bbox 826 2062 888 2136; x_wconf 89' lang='lat' dir='ltr'>est,</span> <span class='ocrx_word' id='word_1_119' title='bbox 919 2051 1021 2116; x_wconf 86' lang='lat' dir='ltr'>verba</span> <span class='ocrx_word' id='word_1_120' title='bbox 1044 2069 1175 2137; x_wconf 89' lang='lat' dir='ltr'>quoque</span> 
     </span>
     <span class='ocr_line' id='line_1_17' title="bbox 76 2145 1174 2239; baseline 0.004 -29"><span class='ocrx_word' id='word_1_121' title='bbox 76 2145 249 2216; x_wconf 72' lang='lat' dir='ltr'>Tertulliani</span> <span class='ocrx_word' id='word_1_122' title='bbox 274 2151 451 2218; x_wconf 78' lang='lat' dir='ltr'>Callistum</span> <span class='ocrx_word' id='word_1_123' title='bbox 475 2162 507 2216; x_wconf 86' lang='lat' dir='ltr'>et</span> <span class='ocrx_word' id='word_1_124' title='bbox 530 2153 601 2239; x_wconf 88' lang='lat' dir='ltr'>ejus</span> <span class='ocrx_word' id='word_1_125' title='bbox 624 2153 770 2218; x_wconf 88' lang='lat' dir='ltr'>edictum</span> <span class='ocrx_word' id='word_1_126' title='bbox 794 2161 952 2238; x_wconf 87' lang='lat' dir='ltr'>spectare.</span> <span class='ocrx_word' id='word_1_127' title='bbox 999 2147 1174 2215; x_wconf 78' lang='lat' dir='ltr'>Caeterum</span> 
     </span>
     <span class='ocr_line' id='line_1_18' title="bbox 74 2243 1174 2337; baseline 0.002 -27"><span class='ocrx_word' id='word_1_128' title='bbox 74 2243 130 2328; x_wconf 77' lang='lat' dir='ltr'>jan</span> <span class='ocrx_word' id='word_1_129' title='bbox 151 2248 313 2332; x_wconf 81' lang='lat' dir='ltr'>vidimus,</span> <span class='ocrx_word' id='word_1_130' title='bbox 345 2249 406 2315; x_wconf 89' lang='lat' dir='ltr'>sub</span> <span class='ocrx_word' id='word_1_131' title='bbox 430 2247 619 2337; x_wconf 86' lang='lat' dir='ltr'>Zephyrino</span> <span class='ocrx_word' id='word_1_132' title='bbox 651 2253 685 2315; x_wconf 93' lang='lat' dir='ltr'>in</span> <span class='ocrx_word' id='word_1_133' title='bbox 713 2250 873 2336; x_wconf 84' lang='lat' dir='ltr'>gubernio</span> <span class='ocrx_word' id='word_1_134' title='bbox 904 2245 1075 2314; x_wconf 85' lang='lat' dir='ltr'>Ecclesiae</span> <span class='ocrx_word' id='word_1_135' title='bbox 1104 2271 1174 2334; x_wconf 88' lang='lat' dir='ltr'>per-</span> 
     </span>
     <span class='ocr_line' id='line_1_19' title="bbox 78 2346 613 2434; baseline 0.006 -23"><span class='ocrx_word' id='word_1_136' title='bbox 78 2361 193 2428; x_wconf 70' lang='lat' dir='ltr'>magum</span> <span class='ocrx_word' id='word_1_137' title='bbox 215 2347 319 2412; x_wconf 83' lang='lat' dir='ltr'>fuisse</span> <span class='ocrx_word' id='word_1_138' title='bbox 344 2346 471 2412; x_wconf 84' lang='lat' dir='ltr'>Callisti</span> <span class='ocrx_word' id='word_1_139' title='bbox 494 2358 613 2434; x_wconf 85' lang='lat' dir='ltr'>partes.</span> 
     </span>
    </p>

    <p class='ocr_par' dir='ltr' id='par_1_3' title="bbox 78 2443 1177 4202">
     <span class='ocr_line' id='line_1_20' title="bbox 150 2443 1175 2513; baseline 0.001 -4"><span class='ocrx_word' id='word_1_140' title='bbox 150 2443 484 2512; x_wconf 64' lang='lat' dir='ltr'>enumerationem</span> <span class='ocrx_word' id='word_1_141' title='bbox 515 2469 593 2512; x_wconf 87' lang='lat' dir='ltr'>vero</span> <span class='ocrx_word' id='word_1_142' title='bbox 617 2447 771 2512; x_wconf 83' lang='lat' dir='ltr'>Auctoris</span> <span class='ocrx_word' id='word_1_143' title='bbox 804 2448 845 2513; x_wconf 90' lang='lat' dir='ltr'>de</span> <span class='ocrx_word' id='word_1_144' title='bbox 876 2447 1080 2512; x_wconf 86' lang='lat' dir='ltr'>relaxatione</span> <span class='ocrx_word' id='word_1_145' title='bbox 1113 2445 1175 2510; x_wconf 91' lang='lat' dir='ltr'>dis·</span> 
     </span>
     <span class='ocr_line' id='line_1_21' title="bbox 78 2539 1175 2630; baseline 0.006 -29"><span class='ocrx_word' id='word_1_146' title='bbox 78 2539 199 2623; x_wconf 83' lang='lat' dir='ltr'>ciplinae</span> <span class='ocrx_word' id='word_1_147' title='bbox 221 2545 330 2610; x_wconf 87' lang='lat' dir='ltr'>solido</span> <span class='ocrx_word' id='word_1_148' title='bbox 352 2545 569 2610; x_wconf 82' lang='lat' dir='ltr'>fundamento</span> <span class='ocrx_word' id='word_1_149' title='bbox 590 2546 780 2611; x_wconf 84' lang='lat' dir='ltr'>destitutam</span> <span class='ocrx_word' id='word_1_150' title='bbox 795 2567 875 2630; x_wconf 89' lang='lat' dir='ltr'>esse,</span> <span class='ocrx_word' id='word_1_151' title='bbox 899 2546 1073 2612; x_wconf 86' lang='lat' dir='ltr'>manifeste</span> <span class='ocrx_word' id='word_1_152' title='bbox 1097 2545 1175 2610; x_wconf 89' lang='lat' dir='ltr'>inde</span> 
     </span>
     <span class='ocr_line' id='line_1_22' title="bbox 79 2635 1174 2732; baseline 0.003 -29"><span class='ocrx_word' id='word_1_153' title='bbox 79 2635 229 2724; x_wconf 81' lang='lat' dir='ltr'>colligitur,</span> <span class='ocrx_word' id='word_1_154' title='bbox 253 2643 347 2729; x_wconf 89' lang='lat' dir='ltr'>quod</span> <span class='ocrx_word' id='word_1_155' title='bbox 370 2642 464 2707; x_wconf 83' lang='lat' dir='ltr'>brevi</span> <span class='ocrx_word' id='word_1_156' title='bbox 493 2652 566 2732; x_wconf 90' lang='lat' dir='ltr'>post</span> <span class='ocrx_word' id='word_1_157' title='bbox 593 2643 775 2731; x_wconf 86' lang='lat' dir='ltr'>presbyteri</span> <span class='ocrx_word' id='word_1_158' title='bbox 800 2643 939 2708; x_wconf 86' lang='lat' dir='ltr'>Romani</span> <span class='ocrx_word' id='word_1_159' title='bbox 964 2639 1174 2728; x_wconf 86' lang='lat' dir='ltr'>disciplinam</span> 
     </span>
     <span class='ocr_line' id='line_1_23' title="bbox 79 2739 1176 2829; baseline 0.002 -28"><span class='ocrx_word' id='word_1_160' title='bbox 79 2755 205 2804; x_wconf 71' lang='lat' dir='ltr'>ocvemm</span> <span class='ocrx_word' id='word_1_161' title='bbox 242 2741 404 2806; x_wconf 88' lang='lat' dir='ltr'>ccclesiae</span> <span class='ocrx_word' id='word_1_162' title='bbox 441 2742 609 2808; x_wconf 83' lang='lat' dir='ltr'>Romanae</span> <span class='ocrx_word' id='word_1_163' title='bbox 646 2742 758 2829; x_wconf 88' lang='lat' dir='ltr'>quood</span> <span class='ocrx_word' id='word_1_164' title='bbox 796 2741 885 2827; x_wconf 87' lang='lat' dir='ltr'>leges</span> <span class='ocrx_word' id='word_1_165' title='bbox 925 2739 1176 2826; x_wconf 87' lang='lat' dir='ltr'>poenitentiales</span> 
     </span>
     <span class='ocr_line' id='line_1_24' title="bbox 80 2833 1174 2927; baseline 0.005 -29"><span class='ocrx_word' id='word_1_166' title='bbox 80 2833 213 2921; x_wconf 78' lang='lat' dir='ltr'>avebant,</span> <span class='ocrx_word' id='word_1_167' title='bbox 221 2839 470 2926; x_wconf 87' lang='lat' dir='ltr'>simulqueeam</span> <span class='ocrx_word' id='word_1_168' title='bbox 478 2838 1174 2927; x_wconf 87' lang='lat' dir='ltr'>repraesentantntamajoribusacceptam.</span> 
     </span>
     <span class='ocr_line' id='line_1_25' title="bbox 80 2929 1176 3024; baseline 0.005 -30"><span class='ocrx_word' id='word_1_169' title='bbox 80 2929 183 2998; x_wconf 83' lang='lat' dir='ltr'>Scribit</span> <span class='ocrx_word' id='word_1_170' title='bbox 190 2938 281 3002; x_wconf 85' lang='lat' dir='ltr'>enim</span> <span class='ocrx_word' id='word_1_171' title='bbox 291 2937 335 3002; x_wconf 86' lang='lat' dir='ltr'>ad</span> <span class='ocrx_word' id='word_1_172' title='bbox 345 2937 378 3004; x_wconf 88' lang='lat' dir='ltr'>S.</span> <span class='ocrx_word' id='word_1_173' title='bbox 390 2936 596 3024; x_wconf 84' lang='lat' dir='ltr'>Cyprianum</span> <span class='ocrx_word' id='word_1_174' title='bbox 607 2937 722 3004; x_wconf 88' lang='lat' dir='ltr'>Clerus</span> <span class='ocrx_word' id='word_1_175' title='bbox 732 2937 916 3003; x_wconf 84' lang='lat' dir='ltr'>Romanus:</span> <span class='ocrx_word' id='word_1_176' title='bbox 933 2938 1009 3002; x_wconf 85' lang='lat' dir='ltr'>Noa</span> <span class='ocrx_word' id='word_1_177' title='bbox 1022 2937 1077 3000; x_wconf 86' lang='lat' dir='ltr'>boc</span> <span class='ocrx_word' id='word_1_178' title='bbox 1086 2935 1176 3018; x_wconf 79' lang='lat' dir='ltr'>nobis</span> 
     </span>
     <span class='ocr_line' id='line_1_26' title="bbox 82 3035 1177 3124; baseline 0.004 -30"><span class='ocrx_word' id='word_1_179' title='bbox 82 3049 147 3094; x_wconf 82' lang='lat' dir='ltr'>noue</span> <span class='ocrx_word' id='word_1_180' title='bbox 159 3057 256 3120; x_wconf 80' lang='lat' dir='ltr'>nuper</span> <span class='ocrx_word' id='word_1_181' title='bbox 270 3035 437 3101; x_wconf 69' lang='lat' dir='ltr'>consitium</span> <span class='ocrx_word' id='word_1_182' title='bbox 450 3039 618 3124; x_wconf 72' lang='lat' dir='ltr'>capitatam</span> <span class='ocrx_word' id='word_1_183' title='bbox 630 3048 691 3116; x_wconf 87' lang='lat' dir='ltr'>eat,</span> <span class='ocrx_word' id='word_1_184' title='bbox 712 3085 719 3101; x_wconf 88' lang='lat'><strong>.</strong></span> <span class='ocrx_word' id='word_1_185' title='bbox 733 3086 740 3100; x_wconf 93' lang='lat'><strong>.</strong></span> <span class='ocrx_word' id='word_1_186' title='bbox 753 3085 760 3100; x_wconf 92' lang='lat'><strong>.</strong></span> <span class='ocrx_word' id='word_1_187' title='bbox 773 3038 827 3100; x_wconf 84' lang='lat' dir='ltr'>scd</span> <span class='ocrx_word' id='word_1_188' title='bbox 843 3039 976 3122; x_wconf 80' lang='lat' dir='ltr'>a=ntiqau</span> <span class='ocrx_word' id='word_1_189' title='bbox 991 3036 1066 3099; x_wconf 83' lang='lat' dir='ltr'>baec</span> <span class='ocrx_word' id='word_1_190' title='bbox 1089 3035 1177 3120; x_wconf 73' lang='lat' dir='ltr'>aptat</span> 
     </span>
     <span class='ocr_line' id='line_1_27' title="bbox 83 3135 1174 3222; baseline -0.001 -25"><span class='ocrx_word' id='word_1_191' title='bbox 83 3135 300 3215; x_wconf 70' lang='lat' dir='ltr'>ermetem,</span> <span class='ocrx_word' id='word_1_192' title='bbox 331 3137 464 3221; x_wconf 76' lang='lat' dir='ltr'>antiqua</span> <span class='ocrx_word' id='word_1_193' title='bbox 485 3135 581 3220; x_wconf 76' lang='lat' dir='ltr'>fides,</span> <span class='ocrx_word' id='word_1_194' title='bbox 610 3135 784 3222; x_wconf 71' lang='lat' dir='ltr'>disciplina</span> <span class='ocrx_word' id='word_1_195' title='bbox 807 3135 922 3222; x_wconf 72' lang='lat' dir='ltr'>lepitar</span> <span class='ocrx_word' id='word_1_196' title='bbox 944 3136 1076 3220; x_wconf 80' lang='lat' dir='ltr'>antiqua</span> <span class='ocrx_word' id='word_1_197' title='bbox 1099 3183 1107 3197; x_wconf 93' lang='lat'><strong><em>.</em></strong></span> <span class='ocrx_word' id='word_1_198' title='bbox 1133 3181 1140 3197; x_wconf 92' lang='lat'><strong>.</strong></span> <span class='ocrx_word' id='word_1_199' title='bbox 1167 3182 1174 3196; x_wconf 92' lang='lat'><strong>.</strong></span> 
     </span>
     <span class='ocr_line' id='line_1_28' title="bbox 83 3223 1176 3322; baseline 0.004 -30"><span class='ocrx_word' id='word_1_200' title='bbox 83 3223 157 3292; x_wconf 74' lang='lat' dir='ltr'>Absit</span> <span class='ocrx_word' id='word_1_201' title='bbox 169 3231 205 3294; x_wconf 83' lang='lat' dir='ltr'>ab</span> <span class='ocrx_word' id='word_1_202' title='bbox 219 3232 353 3298; x_wconf 70' lang='lat' dir='ltr'>aeteae</span> <span class='ocrx_word' id='word_1_203' title='bbox 366 3235 514 3298; x_wconf 83' lang='lat' dir='ltr'>Roraaaa</span> <span class='ocrx_word' id='word_1_204' title='bbox 526 3236 660 3322; x_wconf 66' lang='grc' dir='ltr'>υἰρονεηι</span> <span class='ocrx_word' id='word_1_205' title='bbox 681 3257 770 3298; x_wconf 75' lang='lat' dir='ltr'>mam</span> <span class='ocrx_word' id='word_1_206' title='bbox 785 3243 848 3298; x_wconf 79' lang='lat' dir='ltr'>tam</span> <span class='ocrx_word' id='word_1_207' title='bbox 858 3233 1004 3320; x_wconf 78' lang='lat' dir='ltr'>profana</span> <span class='ocrx_word' id='word_1_208' title='bbox 1009 3232 1176 3319; x_wconf 84' lang='lat' dir='ltr'>facilitate</span> 
     </span>
     <span class='ocr_line' id='line_1_29' title="bbox 82 3321 1176 3422; baseline 0.001 -29"><span class='ocrx_word' id='word_1_209' title='bbox 82 3321 225 3409; x_wconf 50' lang='lat' dir='ltr'>dhaes,</span> <span class='ocrx_word' id='word_1_210' title='bbox 249 3343 281 3396; x_wconf 88' lang='lat' dir='ltr'>et</span> <span class='ocrx_word' id='word_1_211' title='bbox 307 3354 420 3396; x_wconf 74' lang='lat' dir='ltr'>amos</span> <span class='ocrx_word' id='word_1_212' title='bbox 446 3333 622 3397; x_wconf 72' lang='lat' dir='ltr'>maritatis</span> <span class='ocrx_word' id='word_1_213' title='bbox 644 3355 751 3396; x_wconf 83' lang='lat' dir='ltr'>euersa</span> <span class='ocrx_word' id='word_1_214' title='bbox 768 3332 848 3417; x_wconf 76' lang='lat' dir='ltr'>fidei</span> <span class='ocrx_word' id='word_1_215' title='bbox 873 3337 1036 3422; x_wconf 85' lang='lat' dir='ltr'>majestate</span> <span class='ocrx_word' id='word_1_216' title='bbox 1064 3331 1176 3395; x_wconf 81' lang='lat' dir='ltr'>dissol-</span> 
     </span>
     <span class='ocr_line' id='line_1_30' title="bbox 84 3425 1176 3516; baseline -0.002 -22"><span class='ocrx_word' id='word_1_217' title='bbox 84 3425 175 3512; x_wconf 58' lang='lat' dir='ltr'>vere-¹)</span> <span class='ocrx_word' id='word_1_218' title='bbox 202 3427 341 3516; x_wconf 82' lang='lat' dir='ltr'>Aliquid</span> <span class='ocrx_word' id='word_1_219' title='bbox 365 3438 476 3494; x_wconf 59' lang='lat' dir='ltr'>amen</span> <span class='ocrx_word' id='word_1_220' title='bbox 500 3451 538 3492; x_wconf 91' lang='lat' dir='ltr'>eo</span> <span class='ocrx_word' id='word_1_221' title='bbox 561 3437 709 3516; x_wconf 83' lang='lat' dir='ltr'>tempore</span> <span class='ocrx_word' id='word_1_222' title='bbox 732 3429 841 3516; x_wconf 87' lang='lat' dir='ltr'>quoad</span> <span class='ocrx_word' id='word_1_223' title='bbox 865 3431 1101 3515; x_wconf 84' lang='lat' dir='ltr'>poenitentiam</span> <span class='ocrx_word' id='word_1_224' title='bbox 1126 3449 1176 3492; x_wconf 86' lang='lat' dir='ltr'>eo-</span> 
     </span>
     <span class='ocr_line' id='line_1_31' title="bbox 84 3527 1175 3614; baseline 0.005 -29"><span class='ocrx_word' id='word_1_225' title='bbox 84 3539 142 3585; x_wconf 78' lang='lat' dir='ltr'>rum</span> <span class='ocrx_word' id='word_1_226' title='bbox 161 3529 214 3610; x_wconf 92' lang='lat' dir='ltr'>qui</span> <span class='ocrx_word' id='word_1_227' title='bbox 238 3529 274 3592; x_wconf 92' lang='lat' dir='ltr'>in</span> <span class='ocrx_word' id='word_1_228' title='bbox 289 3533 426 3614; x_wconf 68' lang='lat' dir='ltr'>peccata</span> <span class='ocrx_word' id='word_1_229' title='bbox 441 3529 550 3592; x_wconf 87' lang='lat' dir='ltr'>carnis</span> <span class='ocrx_word' id='word_1_230' title='bbox 565 3528 753 3593; x_wconf 86' lang='lat' dir='ltr'>inciderant</span> <span class='ocrx_word' id='word_1_231' title='bbox 767 3527 932 3591; x_wconf 90' lang='lat' dir='ltr'>indultum</span> <span class='ocrx_word' id='word_1_232' title='bbox 956 3549 1035 3608; x_wconf 87' lang='lat' dir='ltr'>esse,</span> <span class='ocrx_word' id='word_1_233' title='bbox 1060 3527 1175 3591; x_wconf 90' lang='lat' dir='ltr'>merito</span> 
     </span>
     <span class='ocr_line' id='line_1_32' title="bbox 85 3619 1176 3712; baseline 0.01 -35"><span class='ocrx_word' id='word_1_234' title='bbox 85 3619 297 3691; x_wconf 80' lang='lat' dir='ltr'>existimamus.</span> <span class='ocrx_word' id='word_1_235' title='bbox 359 3623 456 3690; x_wconf 87' lang='lat' dir='ltr'>Certe</span> <span class='ocrx_word' id='word_1_236' title='bbox 484 3625 594 3712; x_wconf 87' lang='lat' dir='ltr'>quoad</span> <span class='ocrx_word' id='word_1_237' title='bbox 624 3626 750 3712; x_wconf 72' lang='lat' dir='ltr'>dopma,</span> <span class='ocrx_word' id='word_1_238' title='bbox 780 3627 829 3688; x_wconf 90' lang='lat' dir='ltr'>uti</span> <span class='ocrx_word' id='word_1_239' title='bbox 860 3626 929 3711; x_wconf 89' lang='lat' dir='ltr'>ipsc</span> <span class='ocrx_word' id='word_1_240' title='bbox 953 3623 1176 3690; x_wconf 85' lang='lat' dir='ltr'>Tertullianus</span> 
     </span>
     <span class='ocr_line' id='line_1_33' title="bbox 85 3711 1176 3810; baseline 0.013 -36"><span class='ocrx_word' id='word_1_241' title='bbox 85 3711 199 3802; x_wconf 84' lang='lat' dir='ltr'>fatetur,</span> <span class='ocrx_word' id='word_1_242' title='bbox 221 3721 374 3790; x_wconf 83' lang='lat' dir='ltr'>Ecclesia</span> <span class='ocrx_word' id='word_1_243' title='bbox 405 3745 535 3809; x_wconf 87' lang='lat' dir='ltr'>semper</span> <span class='ocrx_word' id='word_1_244' title='bbox 568 3723 689 3806; x_wconf 89' lang='lat' dir='ltr'>docuit,</span> <span class='ocrx_word' id='word_1_245' title='bbox 723 3724 834 3788; x_wconf 89' lang='lat' dir='ltr'>omnia</span> <span class='ocrx_word' id='word_1_246' title='bbox 866 3732 1002 3810; x_wconf 84' lang='lat' dir='ltr'>peccata</span> <span class='ocrx_word' id='word_1_247' title='bbox 1030 3720 1072 3788; x_wconf 87' lang='lat' dir='ltr'>ab</span> <span class='ocrx_word' id='word_1_248' title='bbox 1105 3725 1176 3809; x_wconf 87' lang='lat' dir='ltr'>ipsa</span> 
     </span>
     <span class='ocr_line' id='line_1_34' title="bbox 87 3818 1176 3908; baseline -0.001 -22"><span class='ocrx_word' id='word_1_249' title='bbox 87 3831 163 3894; x_wconf 66' lang='lat' dir='ltr'>lm</span> <span class='ocrx_word' id='word_1_250' title='bbox 182 3818 320 3904; x_wconf 75' lang='lat' dir='ltr'>dimitti3</span> <span class='ocrx_word' id='word_1_251' title='bbox 344 3821 454 3908; x_wconf 80' lang='lat' dir='ltr'>quood</span> <span class='ocrx_word' id='word_1_252' title='bbox 478 3819 698 3907; x_wconf 87' lang='lat' dir='ltr'>disciplinam,</span> <span class='ocrx_word' id='word_1_253' title='bbox 719 3823 877 3908; x_wconf 88' lang='lat' dir='ltr'>majorem</span> <span class='ocrx_word' id='word_1_254' title='bbox 892 3821 1090 3908; x_wconf 78' lang='lat' dir='ltr'>facilitatem</span> <span class='ocrx_word' id='word_1_255' title='bbox 1112 3820 1176 3906; x_wconf 89' lang='lat' dir='ltr'>ple·</span> 
     </span>
     <span class='ocr_line' id='line_1_35' title="bbox 87 3917 1175 4005; baseline 0 -23"><span class='ocrx_word' id='word_1_256' title='bbox 87 3927 136 3974; x_wconf 65' lang='grc' dir='ltr'>ΜΘ</span> <span class='ocrx_word' id='word_1_257' title='bbox 155 3917 424 3984; x_wconf 79' lang='lat' dir='ltr'>reconciliationis</span> <span class='ocrx_word' id='word_1_258' title='bbox 439 3917 594 3983; x_wconf 85' lang='lat' dir='ltr'>Callistus</span> <span class='ocrx_word' id='word_1_259' title='bbox 608 3919 742 3983; x_wconf 86' lang='lat' dir='ltr'>videtur</span> <span class='ocrx_word' id='word_1_260' title='bbox 765 3919 828 3984; x_wconf 92' lang='lat' dir='ltr'>illis</span> <span class='ocrx_word' id='word_1_261' title='bbox 851 3918 1079 4005; x_wconf 88' lang='lat' dir='ltr'>peccatoribus</span> <span class='ocrx_word' id='word_1_262' title='bbox 1103 3941 1175 3982; x_wconf 89' lang='lat' dir='ltr'>oon·</span> 
     </span>
     <span class='ocr_line' id='line_1_36' title="bbox 89 4011 1175 4102; baseline 0.006 -28"><span class='ocrx_word' id='word_1_263' title='bbox 89 4011 207 4097; x_wconf 69' lang='lat' dir='ltr'>emsa,</span> <span class='ocrx_word' id='word_1_264' title='bbox 230 4017 277 4080; x_wconf 87' lang='lat' dir='ltr'>ita</span> <span class='ocrx_word' id='word_1_265' title='bbox 298 4025 412 4082; x_wconf 82' lang='lat' dir='ltr'>tamen</span> <span class='ocrx_word' id='word_1_266' title='bbox 441 4025 479 4081; x_wconf 88' lang='lat' dir='ltr'>ut</span> <span class='ocrx_word' id='word_1_267' title='bbox 507 4018 710 4102; x_wconf 87' lang='lat' dir='ltr'>poenitentia</span> <span class='ocrx_word' id='word_1_268' title='bbox 740 4019 819 4081; x_wconf 84' lang='lat' dir='ltr'>satis</span> <span class='ocrx_word' id='word_1_269' title='bbox 849 4017 931 4081; x_wconf 89' lang='lat' dir='ltr'>dura</span> <span class='ocrx_word' id='word_1_270' title='bbox 955 4015 1175 4102; x_wconf 85' lang='lat' dir='ltr'>praecederet.</span> 
     </span>
     <span class='ocr_line' id='line_1_37' title="bbox 89 4097 1175 4202; baseline 0.007 -26"><span class='ocrx_word' id='word_1_271' title='bbox 89 4097 146 4188; x_wconf 82' lang='lat' dir='ltr'>Ipse</span> <span class='ocrx_word' id='word_1_272' title='bbox 165 4109 381 4178; x_wconf 82' lang='lat' dir='ltr'>Tertullianus</span> <span class='ocrx_word' id='word_1_273' title='bbox 404 4111 706 4180; x_wconf 89' lang='lat' dir='ltr'>reconciliationem</span> <span class='ocrx_word' id='word_1_274' title='bbox 730 4113 950 4197; x_wconf 86' lang='lat' dir='ltr'>moechorum,</span> <span class='ocrx_word' id='word_1_275' title='bbox 976 4135 1075 4202; x_wconf 88' lang='lat' dir='ltr'>quam</span> <span class='ocrx_word' id='word_1_276' title='bbox 1093 4105 1175 4184; x_wconf 72' lang='lat' dir='ltr'>Pod-</span> 
     </span>
    </p>
   </div>
   <div class='ocr_carea' id='block_1_3' title="bbox 90 4247 196 4263">
    <p class='ocr_par' dir='ltr' id='par_1_4' title="bbox 90 4247 196 4263">
     <span class='ocr_line' id='line_1_38' title="bbox 90 4247 196 4263; baseline 0.009 -1"><span class='ocrx_word' id='word_1_277' title='bbox 90 4247 196 4263; x_wconf 52' lang='grc' dir='ltr'>Ἢ...</span> 
     </span>
    </p>
   </div>
   <div class='ocr_carea' id='block_1_4' title="bbox 148 4321 803 4398">
    <p class='ocr_par' dir='ltr' id='par_1_5' title="bbox 148 4321 803 4398">
     <span class='ocr_line' id='line_1_39' title="bbox 148 4321 803 4398; baseline 0.011 -19"><span class='ocrx_word' id='word_1_278' title='bbox 148 4321 254 4389; x_wconf 80' lang='lat' dir='ltr'>&#39;linter</span> <span class='ocrx_word' id='word_1_279' title='bbox 271 4325 400 4398; x_wconf 65' lang='lat' dir='ltr'>spatulas</span> <span class='ocrx_word' id='word_1_280' title='bbox 418 4325 444 4383; x_wconf 82' lang='lat' dir='ltr'>S.</span> <span class='ocrx_word' id='word_1_281' title='bbox 463 4325 592 4398; x_wconf 79' lang='lat' dir='ltr'>Cypriani</span> <span class='ocrx_word' id='word_1_282' title='bbox 610 4341 651 4398; x_wconf 85' lang='lat' dir='ltr'>ep.</span> <span class='ocrx_word' id='word_1_283' title='bbox 668 4327 714 4384; x_wconf 81' lang='lat' dir='ltr'>ol.</span> <span class='ocrx_word' id='word_1_284' title='bbox 732 4343 760 4384; x_wconf 88' lang='lat' dir='ltr'>n.</span> <span class='ocrx_word' id='word_1_285' title='bbox 778 4329 803 4386; x_wconf 75' lang='lat'>2.</span> 
     </span>
    </p>
   </div>
   <div class='ocr_carea' id='block_1_5' title="bbox 0 0 1460 4814">
    <p class='ocr_par' dir='ltr' id='par_1_6' title="bbox 0 0 1460 4814">
     <span class='ocr_line' id='line_1_40' title="bbox 0 0 1460 4814; baseline 0 0"><span class='ocrx_word' id='word_1_286' title='bbox 0 0 1460 4814; x_wconf 95' lang='lat' dir='ltr'> </span> 
     </span>
    </p>
   </div>
  </div>
 </body>
</html>
