2924 4818
265 461 316 516 1⁶2
525 461 565 513 Dc
583 460 658 516 Rom.
678 461 757 518 Pont.
775 477 843 516 saec
862 462 941 529 print
959 467 988 516 et
1005 462 1121 517 mnndi.

263 602 341 668 inde
365 601 442 668 fidei
466 602 650 688 periculum
673 603 765 669 haud
787 606 907 670 exoriri
933 625 993 670 uec
1017 627 1134 690 pacem
1158 604 1297 670 turbari.
1332 608 1386 670 Ito
1458 623 1459 688 ζ

255 703 450 792 jejrms'orum
473 701 642 764 diuersitas
664 705 896 768 consensionem
909 703 992 784 fidei
1015 703 1217 766 manedac
1262 702 1386 770 Studet
1458 743 1459 780 3

261 800 363 882 igitur
395 797 457 862 hac
490 800 616 862 ratione
641 799 767 864 Victori
791 799 945 884 probare,
980 799 1205 864 diversitatem
1240 802 1275 865 in
1299 799 1385 864 cele·
1458 813 1459 822 ³

261 896 388 962 brando
412 894 573 960 Paschate
596 905 724 960 tanturn
757 897 967 982 disciplinam
1000 907 1157 982 spectare,
1191 919 1253 960 nec
1279 897 1383 962 fidem
1458 907 1459 986 ,

262 993 451 1078 periclitari,
475 992 624 1078 adeoque
647 997 751 1058 satius
774 1015 844 1058 esse
864 1015 937 1058 eam
961 993 1110 1071 tolerare,
1134 1016 1234 1079 quarn
1259 994 1384 1060 multas
1458 999 1459 1026 i

262 1093 550 1155 excommunicare
569 1090 734 1156 ecclesias.
760 1093 848 1156 Dein
863 1092 988 1154 Victori
1013 1093 1167 1176 proponit
1189 1091 1383 1177 exemplum

261 1211 391 1276 quoque
414 1189 664 1254 Praeceesorum
689 1191 807 1273 ipsius,
836 1191 892 1273 qui
918 1191 1040 1272 pariter
1062 1210 1138 1252 cum
1164 1189 1383 1268 Quartodeci-

261 1289 369 1352 manis
396 1308 512 1372 pacem
540 1287 754 1352 retinuerunt.
808 1286 983 1350 Concludit
1011 1287 1192 1350 Eusebius:
1240 1287 1289 1352 Ac
1319 1290 1382 1352 Ire-
1458 1283 1459 1356 l

261 1408 360 1450 naeus
382 1383 507 1469 quidem
529 1385 651 1446 nomini
674 1407 729 1446 suo
758 1408 827 1448 occe
855 1385 1057 1469 respondens,
1086 1409 1141 1447 nce
1164 1385 1230 1448 solo
1252 1387 1383 1450 nornine
1458 1379 1459 1390 ¹

261 1481 316 1546 sed
336 1483 430 1544 enum
446 1481 529 1542 tritae
553 1482 696 1544 instituto
718 1505 755 1546 ac
772 1483 939 1566 proposito
956 1482 1120 1566 pacificus,
1138 1503 1201 1566 pro
1218 1483 1383 1546 Ecclesiae

255 1601 337 1664 pace
360 1578 434 1640 baec
457 1578 577 1640 monuit
600 1588 630 1640 et
653 1577 810 1664 allcpum't.
842 1579 910 1641 Nee
932 1603 1003 1641 vero
1028 1579 1072 1642 od
1093 1579 1243 1642 Victorem
1266 1579 1382 1658 solnm,

260 1675 316 1740 scd
338 1675 382 1740 ad
403 1674 517 1737 multoe
540 1674 622 1738 alios
645 1675 844 1738 ecclesiarum
860 1677 1018 1740 arstistt‘tes
1042 1676 1285 1760 deprecatione
1304 1701 1382 1764 pre

254 1775 366 1860 posito
389 1772 514 1836 litteras
536 1774 571 1835 in
594 1773 732 1836 camdem
751 1775 937 1836 secantium
960 1774 1051 1836 misit.
1079 1772 1242 1851 Quamvis
1265 1787 1381 1840 autem

259 1869 424 1934 Eusebius
448 1890 514 1932 non
538 1869 650 1949 addat,
676 1869 782 1954 qualis
810 1871 909 1934 fucrit
932 1871 1067 1934 effectus
1091 1879 1270 1934 conatuum
1296 1895 1382 1958 quos

259 1969 415 2034 henaena
438 1967 480 2030 ad
505 1989 620 2052 pacem
651 1968 913 2032 conservandam
943 1967 1142 2049 adhibuerit,
1173 1991 1214 2032 ex
1238 1968 1381 2036 historia

259 2076 370 2132 tamen
394 2074 531 2146 constat,
556 2065 738 2150 perdurans
759 2065 894 2150 aliquod
909 2065 1052 2130 schisma
1076 2089 1113 2128 eo
1138 2075 1287 2150 tempore
1313 2090 1380 2134 non

258 2164 449 2244 obtinuisse,
475 2164 628 2247 quamvis
652 2163 786 2242 Asiani,
812 2166 847 2228 in
879 2187 938 2228 sua
962 2165 1124 2228 sententia
1147 2175 1180 2227 et
1203 2176 1379 2230 consuetu·

258 2261 335 2326 dine
359 2259 468 2346 quoad
492 2259 745 2325 celebrationem
770 2261 942 2324 Paschatis
965 2272 1221 2346 perseverarent.

208 2391 232 2420 a
350 2359 400 2422 m.
426 2358 545 2422 Utrum
578 2380 657 2422 vero
692 2359 836 2428 Victoris
867 2357 984 2423 litteris
1016 2359 1058 2422 ad
1092 2358 1236 2426 Asianos
1269 2363 1381 2426 missis

256 2458 327 2542 jam
367 2457 591 2520 contineretur
630 2457 983 2520 excommunicationis
1021 2457 1091 2520 lota
1124 2460 1302 2536 sententio,
1337 2481 1380 2524 an

264 2576 341 2618 vero
357 2575 430 2616 cam
444 2555 590 2636 graviter
605 2553 658 2616 illo
673 2555 844 2618 minitatus
864 2555 971 2636 fuerit,
987 2557 1210 2620 controversia
1225 2565 1277 2620 eet
1293 2559 1381 2622 inter

264 2662 414 2718 auctores
436 2652 660 2734 gravissimos.
706 2651 866 2732 ValesiuS,
882 2651 1009 2716 Natalis
1030 2651 1230 2734 Alexander,
1249 2653 1379 2736 Palma,

256 2748 373 2815 Hefcle
394 2757 541 2830 censent,
560 2747 707 2813 nondum
723 2751 1075 2814 excommunicationis
1090 2751 1288 2816 sententiam
1316 2750 1380 2818 illis

256 2847 374 2914 litteris
397 2845 498 2910 latam
522 2846 622 2910 fuisse
646 2846 704 2909 sed
729 2848 932 2927 nuntiatam3
957 2847 1012 2910 alii
1039 2869 1127 2928 vero,
1152 2849 1201 2911 uti
1217 2847 1380 2916 Constan-

256 2946 332 3026 tius,
365 2945 473 3008 Mansi
507 2945 541 3008 in
574 2945 642 3006 suis
665 2943 1024 3009 Animadversionibus
1044 2945 1099 3008 'ad
1123 2944 1277 3010 Natalem
1302 2949 1379 3012 Ale-

256 3039 473 3126 xandrum1),
507 3051 539 3104 et
563 3041 790 3124 Schelstraete,
823 3043 924 3126 Pagi,
958 3041 1149 3124 Tillemont,
1174 3043 1379 3111 Massuettua

255 3164 277 3205 a
299 3141 406 3204 Mansi
431 3141 533 3218 citati,
562 3141 762 3220 existimant,
787 3163 807 3204 a
832 3141 965 3204 Victore
995 3141 1377 3208 excommunicationem

256 3241 291 3304 in
315 3235 457 3302 Asianos
480 3259 597 3300 revera
619 3237 720 3302 latam
744 3238 858 3319 fuisse,
884 3238 941 3303 sed
965 3237 1059 3304 brevi
1084 3248 1157 3323 post
1185 3239 1233 3302 eis
1255 3261 1377 3324 pacem

237 3357 455 3424 concessam.
504 3335 660 3413 Quaestio
691 3334 773 3399 haec
803 3335 989 3400 dirimenda
1019 3345 1068 3400 eet
1098 3357 1141 3400 ex
1163 3335 1303 3404 Eusebii
1329 3361 1377 3404 rs·

255 3432 376 3498 latione
400 3443 497 3496 etex
529 3430 603 3496 aliis
635 3433 868 3516 scriptoribus3
901 3443 936 3497 at
959 3433 1057 3498 valde
1086 3432 1223 3498 difficile
1246 3444 1308 3517 est,
1335 3459 1377 3501 ex

256 3529 307 3594 his
336 3533 415 3594 certi
438 3527 519 3615 quid
543 3539 696 3595 statuere.
748 3531 814 3610 Qui
838 3541 988 3612 censent,
1019 3534 1377 3598 excommunicationis

256 3630 452 3693 sententiam
484 3651 504 3690 a
527 3627 662 3691 Victore
684 3629 769 3694 laad
801 3629 900 3693 lotam
923 3630 1034 3711 fuisse,
1058 3629 1245 3712 advertunt,
1270 3630 1377 3696 Euse-

255 3725 347 3790 bium
380 3725 490 3790 dicere
523 3725 690 3789 Victorem
723 3738 867 3790 cocetum
888 3727 994 3812 sitisse
1025 3725 1205 3812 (πειρᾶται)
1230 3727 1376 3794 Asianos

255 3823 561 3903 excommunicare,
595 3833 696 3908 atque
729 3825 799 3909 ipso
833 3823 934 3888 verbo
967 3823 1202 3907 adsignificari,
1235 3847 1307 3892 rem
1330 3827 1375 3892 nd

255 3921 408 3985 effectum
437 3941 502 3984 nou
535 3941 605 3984 esse
637 3920 842 4006 perductam.
888 3921 955 3988 Sed
988 3921 1071 3986 illud
1094 3926 1247 4006 catedras
1271 3925 1373 3988 stiam

255 4017 413 4104 explicari
437 4025 543 4102 potest
566 4017 654 4100 inde,
679 4018 768 4104 quod
791 4020 1101 4100 excommunicatio,
1124 4021 1279 4104 quamvis
1295 4021 1372 4100 lata,

310 4155 449 4164 ae-—q--v-

330 4219 348 4284 ι)
368 4219 400 4271 V.
420 4218 482 4274 Nat.
503 4219 579 4274 Alex.
599 4221 630 4274 lu
649 4237 717 4276 saec
737 4221 773 4287 ll,
792 4222 905 4278 nmen.
923 4221 970 4277 IV.
990 4223 1049 4278 Art.
1069 4222 1102 4278 V.
