2810 4846
480 459 598 520 Nestorii
617 463 742 530 haeresis,
1115 467 1174 520 229

61 605 133 668 dem
156 604 270 686 fuisse,
283 604 389 690 qualis
402 605 666 670 adversariorum
681 606 760 692 ejus,
775 605 900 670 cerbole
915 617 1044 674 tantum
1068 611 1169 674 fnisse

62 703 246 766 discrimen.
293 700 432 766 Phraaes
464 703 605 766 Nestorii
639 704 801 789 ejusmodi
825 704 935 787 fuisse,
960 716 997 770 ut
1020 707 1171 771 exclude·

61 811 131 863 rent
163 798 509 884 monophysitismum,
542 799 620 864 huic
661 811 771 865 autem
803 801 998 886 praelusisse
1036 803 1172 889 phrases

64 895 173 979 Cyrilli
206 909 239 960 et
272 917 384 961 eorum
415 899 472 983 qni
503 899 611 984 ipsum
644 900 747 962 secuti
777 909 862 964 sunt.
914 901 1172 966 Damnationem

62 993 200 1058 Nestorii
226 993 471 1069 attribuendam
501 1016 572 1060 esse
596 994 711 1079 Cyrilli
745 997 893 1060 invidiae
917 1007 950 1061 et
972 999 1040 1063 RR.
1064 991 1174 1063 Ponti·

63 1093 159 1156 ficum
182 1092 365 1176 tyrannidi.
390 1129 434 1140 --
457 1091 558 1158 Suam
583 1093 784 1158 deNestorio
807 1097 1020 1160 assertionem
1044 1095 1175 1161 firmare

61 1190 202 1272 student,
224 1201 295 1254 tum
319 1211 361 1253 ex
383 1190 578 1254 testimoniis
598 1191 724 1277 aliquot
743 1211 941 1256 coaevorum
957 1191 1114 1274 Nestorii,
1139 1203 1176 1256 ut

60 1289 202 1352 ,loannis
225 1286 437 1369 Antiocheni,
462 1287 661 1354 Theodoreti
684 1298 717 1351 et
736 1289 889 1370 Socratis,
913 1299 983 1355 tum
1008 1313 1050 1354 ex
1073 1293 1176 1376 ipsius

63 1387 202 1450 Nestorii
237 1385 345 1450 dictis.
391 1385 467 1470 Ipse
489 1385 660 1450 Nestorius
690 1389 789 1466 enim,
823 1387 987 1473 inquiunt,
1011 1388 1176 1453 inficiatus

62 1495 116 1566 est,
132 1483 304 1548 Christum
324 1503 395 1546 esse
413 1504 533 1567 purum
556 1483 723 1548 hominem
746 1506 787 1549 ac
810 1485 892 1549 duos
915 1505 984 1550 esse
994 1487 1059 1549 Dei
1082 1485 1176 1566 filios,

64 1593 92 1644 ct
114 1581 314 1661 affirmavit,
348 1582 481 1644 unicam
512 1603 581 1645 esse
610 1583 648 1646 in
672 1580 802 1648 Christo
826 1603 1016 1667 personam,
1041 1584 1079 1648 B.
1104 1583 1176 1646 Vir·

62 1681 171 1762 ginem
195 1679 377 1763 Deiparam
401 1679 467 1742 dici
491 1701 594 1765 posse,
626 1700 730 1765 eoque
754 1680 927 1744 dumtaxat
961 1699 1058 1744 sensu
1092 1701 1112 1742 a
1143 1700 1177 1742 se

65 1776 146 1840 banc
171 1773 429 1861 appellationem
452 1777 634 1862 repudiari,
668 1799 732 1862 qno
761 1797 835 1841 eam
858 1777 975 1841 Ariani
999 1787 1032 1840 et
1055 1776 1177 1862 Apolli-

64 1877 207 1938 naristae
230 1873 425 1958 probabant.

147 1973 205 2036 54.
230 1971 297 2036 sed
320 1972 363 2037 ad
387 1974 574 2036 testimonia
589 1972 644 2036 illa
659 1982 796 2035 externa
816 1971 904 2056 quod
928 1979 1063 2055 spectat,
1088 1981 1177 2034 certe
1204 1995 1325 2036 serenan.

63 2091 99 2132 ea
120 2068 248 2133 nullius
271 2080 348 2133 sunt
370 2070 525 2154 ponderis
548 2081 662 2134 contra
684 2069 819 2133 Petrum
833 2067 1077 2152 Ephesinorum
1101 2067 1178 2132 alio·

64 2187 202 2252 rumque
226 2167 404 2231 multorum
434 2169 639 2249 sententiam,
670 2189 690 2230 a
714 2166 834 2252 quibus
857 2167 927 2250 ipse
949 2166 1120 2230 Nestorius
1142 2175 1179 2230 ut

64 2265 258 2328 manifestus
282 2263 467 2329 haereticus
483 2265 658 2329 damnatus
671 2274 731 2345 est,
748 2265 883 2349 ejusque
908 2263 1057 2327 doctrina
1080 2263 1179 2328 simul

64 2363 239 2446 exponitur
262 2374 296 2426 et
317 2363 474 2448 rejicitur.
498 2363 645 2428 ,loannes
673 2371 705 2425 et
728 2360 970 2442 Theodoretus,
994 2363 1093 2424 amici
1116 2361 1179 2425 Ne·

65 2462 163 2541 storii,
190 2461 285 2524 initio
310 2461 454 2546 quidem,
470 2460 602 2545 quando
619 2461 698 2545 ipsis
719 2460 790 2544 ejus
804 2479 960 2544 perversa
984 2454 1076 2522 meus
1099 2481 1179 2524 uon·

65 2555 139 2620 dum
174 2569 245 2622 tam
277 2559 415 2622 evidens
446 2568 525 2640 erat,
558 2579 633 2622 eum
657 2578 826 2636 excusare,
849 2556 904 2620 vel
927 2577 1052 2620 errores
1075 2557 1206 2640 ipsius.

65 2673 195 2738 negare,
219 2653 272 2718 vel
297 2657 474 2720 sententias
503 2653 683 2720 orthodoxo
715 2675 813 2718 sensu
836 2655 1045 2738 interpretari
1069 2653 1178 2716 conati

66 2764 146 2834 sunt,
172 2752 234 2816 sed
248 2763 361 2838 postea
373 2762 590 2836 agnoverunt,
611 2752 754 2816 Nestorii
770 2751 954 2815 doctrinam
977 2749 1179 2814 haereticam

66 2869 140 2930 esse,
155 2849 295 2936 ejusque
310 2851 513 2915 damnationi
531 2851 804 2935 subscripserunt.
830 2849 982 2914 Socrates
995 2869 1073 2911 vero
1099 2847 1179 2912 dum

67 2945 100 3012 L.
123 2948 206 3012 VII.
230 2971 257 3014 c.
281 2949 324 3014 32
348 2949 534 3012 Nestorium
569 2947 685 3020 attritae
709 2948 818 3032 potius
839 2945 1042 3030 qumulituts'a
1066 2967 1102 3008 ac
1125 2967 1179 3008 ou·

11 3059 12 3120 ᾗ
67 3047 176 3110 tatutis
211 3067 310 3130 quam
341 3045 485 3110 haeresis
508 3067 601 3110 reum
620 3044 760 3130 judicat,
793 3063 859 3106 non
883 3044 953 3126 agit
975 3041 1178 3122 historicum,

11 3139 13 3212 l
67 3143 119 3207 sed
155 3145 370 3228 interpretem
399 3143 636 3226 theologicum,
669 3140 859 3226 nullamque
890 3139 1117 3203 auctoritatem
1148 3139 1178 3201 ei

67 3242 244 3304 convenire
263 3251 333 3304 tum
348 3261 390 3304 ex
406 3240 594 3304 charactere
608 3240 680 3324 ejus
694 3239 886 3318 universim,
900 3247 971 3300 tum
987 3257 1029 3298 ex
1052 3237 1180 3299 ratione

11 3359 12 3382 i
68 3359 127 3422 qua
152 3337 279 3401 ibidem
304 3337 459 3424 disputet,
481 3337 692 3401 manifestum
716 3345 774 3400 est.
798 3373 842 3384 -
866 3334 965 3414 Quod
989 3353 1066 3397 vero
1090 3354 1179 3417 epec-

68 3445 110 3497 tat
132 3436 178 3500 ad
203 3435 274 3500 illas
286 3435 428 3500 Nestorii
453 3437 642 3516 sententias,
674 3453 759 3520 quae
783 3432 825 3496 ad
846 3430 1052 3517 probandam
1075 3431 1180 3515 ipsius

11 3545 12 3578 t
68 3533 295 3598 orthodoxiam
319 3535 510 3614 afferuntur,
543 3532 679 3618 phrases
702 3530 862 3617 ejusmodi
886 3528 1063 3612 ambiguae
1086 3536 1181 3590 erant

68 3641 98 3692 et
127 3631 242 3696 dolose
274 3655 293 3696 a
325 3632 473 3695 Nestorio
507 3630 634 3711 allatae,
659 3639 696 3692 nt
719 3647 812 3694 snam
835 3627 998 3691 haeresim
1021 3635 1180 3710 tanquam

69 3725 251 3793 doctrinam
275 3728 471 3792 catholicam
486 3725 669 3793 instillaret.
716 3725 884 3790 Christum
907 3735 1007 3809 negat
1030 3744 1099 3788 esse
1123 3743 1180 3806 pu·

11 3877 13 3914 ,
68 3845 138 3889 rum
162 3826 348 3908 homiuem3
372 3825 430 3890 sed
452 3825 504 3890 bis
527 3845 594 3890 uon
626 3825 771 3888 affirmat
794 3844 864 3888 esse
887 3844 983 3886 unum
1006 3840 1180 3905 personam

11 3925 12 3936 ¹
71 3921 227 3988 divinam.
273 3924 366 3988 Dicit
389 3922 556 3988 Christum
579 3922 746 3987 hominem
770 3922 845 4002 Dei,
869 3919 922 3984 vel
945 3920 1055 3983 Deum
1078 3917 1181 3981 homi-

70 4021 127 4086 nis.
156 4059 201 4068 -
234 4019 336 4085 Unum
360 4021 440 4084 dicit
464 4019 630 4084 Christum
660 4041 728 4084 non
750 4017 898 4104 physice,
923 4016 982 4081 sed
1004 4015 1180 4096 moraliter,

71 4126 100 4180 et
122 4117 322 4183 vocabulum
340 4142 498 4204 personne
513 4113 718 4204 (προσῶπον)
742 4119 842 4182 ctiam
866 4109 963 4178 sensu
986 4112 1102 4177 morali
1126 4110 1182 4174 ad·

73 4213 169 4282 hibet.
193 4255 238 4266 -
263 4215 359 4297 Quod
391 4226 502 4280 autem
534 4215 577 4279 ad
610 4214 748 4278 verbum
773 4211 930 4288 θεότοκος
951 4212 1079 4290 attinet,
1103 4209 1183 4274 licet
