2836 4804
251 417 304 471 290
602 419 642 471 De
661 419 779 474 Concilio
798 419 1017 474 chalcedonensi.

245 561 337 646 plius
360 585 413 624 aec
437 561 553 626 calrlere
574 573 678 646 potest
700 588 755 628 nec
779 567 925 628 minuere.
959 563 1030 636 Quia
1053 564 1247 648 eaposilioue
1269 563 1354 624 iuter-

244 669 376 743 pretata
398 683 505 744 qraece
523 682 585 744 per
609 659 853 727 Beroniciauum
876 660 1019 728 deuotum
1041 661 1243 748 secretariam
1264 659 1355 722 diciaci

250 759 438 835 coemeterii,
469 757 720 824 reverendissimi
752 759 891 844 episcopi
917 757 1149 822 clamaverunt:
1189 759 1296 822 Omnes
1317 757 1355 820 sic

250 854 412 935 credimus,
445 855 489 917 sic
513 853 667 940 baptizati
690 877 804 937 sumus,
835 858 881 918 sic
906 854 1115 940 baptizamus,
1139 857 1184 920 sic
1206 855 1355 922 oredimus.

250 953 295 1014 sic
318 952 480 1016 credimus.
505 989 548 998 —
577 951 608 1014 A
630 961 699 1016 tota
722 951 860 1038 proinde
884 951 1018 1035 Synodo
1041 963 1277 1018 annumeratur
1298 952 1353 1036 epi·

252 1049 334 1113 stola
356 1051 478 1114 Leonis
502 1049 588 1112 inter
610 1049 740 1132 regulas
763 1049 841 1114 fidei
856 1050 1110 1115 irretractabiles
1133 1062 1166 1114 et
1189 1051 1357 1116 irreforma-

250 1145 333 1211 biles
358 1169 433 1210 oum
458 1148 538 1232 ipsis
553 1145 711 1212 Conciliis
735 1149 966 1212 oecumenicis.
1012 1149 1086 1212 Non
1102 1149 1204 1232 igitur
1220 1149 1357 1212 examine

251 1244 360 1310 adhuc
384 1243 555 1328 indigebat
579 1244 716 1329 epistola
738 1245 870 1322 Leonis,
901 1255 959 1310 aut
982 1246 1232 1332 approbatione,
1256 1253 1290 1308 ut
1310 1244 1355 1306 he-

250 1343 383 1408 beretur
406 1363 464 1427 pro
489 1341 650 1406 immobili
676 1340 752 1406 fidei
775 1342 901 1427 regula.

340 1441 393 1506 42.
418 1438 484 1504 Sed
503 1439 635 1524 judices
658 1439 851 1521 saeculares,
868 1453 903 1503 ut
918 1441 1112 1526 Imperatori
1135 1441 1359 1506 satisfacerent.

139 1517 157 1546 ¹⁸
189 1519 208 1546 ⁸'
251 1548 284 1602 et
308 1537 540 1602 dubitantibus
564 1536 619 1600 vel
643 1536 817 1600 haereticis
832 1537 1060 1602 resistentibus
1083 1561 1219 1604 omnem
1241 1557 1361 1602 excusa·

250 1639 374 1701 tionem
399 1636 572 1720 eriperent,
607 1634 782 1698 dixerunt:
819 1632 976 1708 Quoniam
1003 1659 1097 1700 sacra
1121 1635 1294 1723 Euanqelia
1310 1655 1359 1718 po·

250 1737 315 1800 sita
337 1758 360 1797 a
381 1734 557 1798 reuerentia
585 1743 689 1796 amma
715 1734 946 1818 perspicimus,
979 1733 1098 1818 sinqali
1118 1731 1360 1798 reverendissimi

251 1833 392 1918 episcopi
424 1831 478 1916 qui
512 1841 721 1893 convenerunt
753 1829 895 1908 doceant,
928 1832 957 1892 si
988 1833 1144 1916 sepositio
1170 1842 1360 1896 trecentorum

258 1930 361 1994 decem
384 1939 414 1992 ot
437 1937 503 1990 octo
530 1927 667 2004 Petrum,
701 1929 755 2012 qui
786 1927 860 1992 clim
891 1930 926 1992 in
950 1929 1074 1992 Nicaea
1097 1929 1223 1994 collecti
1245 1937 1320 2004 ruat,
1340 1933 1364 1986 et

249 2037 326 2115 post
347 2027 421 2090 baec
445 2035 564 2088 centum
586 2024 828 2110 quinquaqinta,
857 2028 912 2111 qui
934 2026 969 2090 in
991 2029 1080 2112 reqia
1103 2027 1282 2112 conqreqati
1303 2025 1362 2086 ciri·

253 2136 327 2204 tate,
350 2133 502 2188 consonat
526 2119 679 2207 epistolae
693 2123 945 2188 reverendissimi
960 2124 1069 2210 Papae
1094 2125 1220 2188 Leonis
1250 2123 1363 2188 Primus

259 2220 435 2286 Anatolius
466 2217 619 2282 GPtanus
652 2219 825 2305 episcopus
857 2223 1054 2284 sententiam
1085 2221 1192 2286 dixit:
1231 2217 1362 2308 specle

255 2309 446 2383 sanctissimi
475 2327 505 2380 et
527 2316 595 2379 Deo
621 2316 803 2381 amicissimi
825 2319 1064 2405 Aroleiepisoopi
1091 2319 1208 2384 Leonis
1231 2327 1363 2384 consonet

257 2416 395 2503 symbolo
420 2424 624 2478 trecentorum
659 2412 761 2478 decem
795 2425 826 2479 et
860 2426 927 2480 octo
952 2415 1082 2480 Petrum
1115 2419 1172 2502 qui
1207 2415 1292 2502 apud
1313 2413 1361 2476 it·-

251 2537 367 2605 caeam,
392 2521 423 2576 et
446 2521 567 2574 eentum
587 2512 818 2598 quinquaqinta
840 2516 895 2598 qui
917 2514 1005 2599 apud
1024 2511 1151 2579 CPolim
1168 2524 1282 2600 postea
1301 2519 1362 2574 smil

251 2612 382 2695 collecti,
413 2611 468 2696 qui
496 2608 635 2672 eamdem
654 2609 754 2692 fidem
781 2612 1056 2695 confirmaverunt:
1092 2613 1150 2676 sed
1179 2623 1209 2676 et
1236 2614 1276 2676 iis
1296 2633 1360 2696 qaae

253 2723 289 2784 in
313 2712 435 2796 dpleso
458 2707 514 2770 sub
548 2705 727 2770 beatissimo
760 2718 789 2770 ct
819 2711 1016 2774 samtissimo
1050 2707 1171 2796 quillo
1195 2719 1280 2796 qesta
1301 2715 1361 2770 sunl

252 2808 297 2872 ab
321 2803 497 2872 universali
520 2815 549 2868 et
573 2815 679 2868 sancto
713 2803 866 2886 Concilio,
892 2808 1017 2892 quando
1041 2807 1243 2872 maledictam
1266 2805 1360 2870 Nesto·

250 2907 333 2970 rium
356 2902 585 2968 condemnavit.
638 2899 839 2992 Quapropter
868 2906 1011 2968 narmensi
1039 2916 1069 2968 et
1101 2905 1203 2969 eidem
1226 2900 1359 2990 episwlee

252 3003 387 3067 libenter
410 2999 589 3084 subscripsi.
614 3038 658 3046 —
682 3001 770 3064 Dein
794 3000 893 3085 legati
908 3003 1031 3069 Leonis
1055 3025 1114 3088 per
1136 3001 1358 3066 Paschasinum

253 3101 423 3166 dixerunt:
449 3095 657 3182 Manifestum
681 3109 726 3162 est
752 3122 807 3164 nec
825 3102 945 3185 peterit
973 3101 1132 3179 dubitari,
1162 3123 1257 3164 unam
1276 3097 1360 3182 fidem

252 3198 427 3262 beatissimi
442 3197 562 3281 Papae,
586 3191 678 3258 Sedis
700 3195 903 3282 Apostolicae
925 3201 1065 3280 rectoris,
1089 3199 1206 3262 Leonis
1229 3219 1292 3262 cum
1313 3206 1357 3256 m·

253 3305 412 3358 centmum
435 3293 539 3358 decem
561 3303 592 3356 et
614 3303 680 3356 octo
705 3295 793 3380 apud
817 3295 974 3359 Nicaeam
996 3295 1188 3360 concordare
1213 3305 1299 3380 atque
1318 3291 1348 3354 de

254 3393 356 3473 ineri;
380 3402 500 3454 centum
523 3413 644 3476 quoquc
674 3393 902 3477 quinquaqinta
941 3393 1029 3479 apud
1056 3390 1184 3457 CPolim
1212 3411 1355 3478 conqequ·

255 3501 356 3555 torum
380 3488 575 3552 sacerdotum
598 3490 653 3574 qui
676 3489 813 3552 eamdem
826 3491 927 3574 fidem
940 3490 1165 3572 firmaverant,
1190 3490 1244 3555 sed
1266 3499 1292 3552 et
1315 3483 1357 3570 Cq-

252 3585 323 3652 rilli
346 3595 474 3650 sanotae
496 3585 728 3650 recordationis
751 3589 813 3652 oiri
845 3588 933 3673 apud
956 3589 1112 3674 spissum
1142 3588 1242 3674 (quod
1264 3586 1357 3652 Νισὰν

252 3687 320 3750 rius
347 3706 410 3770 pro
443 3705 498 3748 suc
532 3705 636 3748 errore
660 3685 830 3748 damnatus
854 3685 915 3769 est)
940 3695 1062 3749 statuta
1083 3687 1118 3749 iu
1140 3685 1229 3750 nullo
1246 3683 1358 3771 positus

254 3782 448 3846 discordare.
495 3780 629 3866 Ideoque
654 3781 826 3846 beatissimi
851 3803 963 3868 papae
993 3783 1106 3846 Leonis
1129 3782 1272 3868 epistola,
1293 3801 1356 3864 quur

252 3880 343 3944 illam
366 3877 457 3956 iidem
480 3879 664 3964 exposuisse
698 3903 795 3944 eausa
826 3881 943 3944 erroris
966 3881 1115 3966 Eutychis
1144 3881 1357 3956 estrumenta

251 3999 355 4058 seusu,
379 4001 440 4042 uno
465 3999 583 4063 quoque
606 3978 722 4062 spiritu
739 3978 862 4042 uidetur
879 3976 932 4041 illi
944 3977 1027 4062 fidei
1050 4001 1115 4048 esse
1146 3984 1357 4069 cunjuncta-

253 4076 445 4161 Sequuntur
476 4075 553 4140 dein
586 4085 665 4138 vota
697 4075 837 4139 Maximi
871 4074 1072 4140 Antiocheni
1107 4087 1140 4140 et
1170 4083 1353 4138 caeterorum

252 4173 449 4238 Pracsulum
468 4194 544 4236 cum
560 4172 677 4237 iisdem
694 4171 849 4237 clausulis
859 4173 968 4258 quoad
983 4195 1125 4256 sensum,
1146 4171 1251 4258 qualis
1264 4169 1355 4234 fuerat
