2874 4812
225 427 277 480 su
662 423 746 482 oss.
765 425 907 494 aluno.

224 569 409 635 doctrinam
432 569 474 634 ab
499 570 569 654 ipso
602 568 808 636 vindicatam
840 567 883 633 do
914 565 1026 633 valore
1048 568 1206 655 baptismi
1231 568 1354 634 haere-

224 669 374 750 ticorum,
405 689 448 730 ex
477 666 654 732 traditione
683 665 875 752 Apostolica
904 665 1106 748 dimanasse,
1130 674 1165 730 et
1185 667 1355 754 antiquis·

226 766 343 829 simam
367 773 400 828 et
413 765 606 836 unanimem
621 763 895 830 consuetudinem
909 762 1009 850 hujus
1031 763 1220 830 traditionis
1244 764 1355 830 fuisso

225 863 393 926 criterium
415 860 630 928 luculentum.
655 861 930 948 Antiquissimum
954 861 1056 928 fuisse
1070 862 1354 928 consuetudinem

226 982 327 1046 quam
356 959 550 1025 vindicabat
579 959 781 1047 Stephanus,
806 960 1054 1024 innovationem
1077 981 1155 1024 vcro
1184 957 1354 1046 Cypriani

226 1059 367 1145 praxim,
401 1077 443 1122 ox
475 1058 515 1122 iis
538 1079 623 1144 quae
652 1057 799 1130 diximus
817 1056 890 1144 jam
917 1056 1090 1144 colligitur.
1136 1057 1287 1124 Juvabit
1310 1068 1381 1124 ta··

227 1179 304 1222 men
326 1177 434 1242 pauca
456 1154 579 1220 addere
602 1156 800 1220 testimonia.
837 1153 948 1241 Atque
971 1154 1026 1220 hio
1049 1156 1211 1242 imprimis
1234 1158 1355 1242 magni

227 1256 384 1320 momenti
407 1264 456 1318 est
478 1253 566 1340 quod
588 1252 714 1318 Auctor
739 1253 777 1316 de
797 1253 1034 1340 Relaptisraate
1057 1252 1190 1336 scribit3
1225 1253 1356 1320 diserte

228 1353 317 1417 enim
326 1350 381 1416 hic
393 1349 552 1437 Cypriani
567 1372 710 1416 coaevus
723 1359 871 1434 tasumr,
886 1351 1068 1417 novitatem
1075 1373 1102 1416 a
1113 1349 1291 1437 Cypriane
1301 1353 1355 1417 dc-

227 1450 329 1516 fendi.
352 1451 392 1514 Iu
407 1471 465 1536 quo
479 1472 589 1536 qenere
604 1449 812 1535 quaestiones,
827 1447 957 1530 scribit,
978 1459 1014 1512 ut
1027 1449 1102 1514 milii
1114 1449 1244 1514 uidetur·
1260 1449 1356 1516 nulla

227 1549 352 1612 omnino
361 1548 518 1634 potuisset
532 1547 744 1612 wntreoersia
758 1556 814 1611 aut
827 1545 1016 1633 disceptatio
1031 1569 1191 1633 emmqere,
1208 1549 1242 1612 si
1258 1573 1355 1613 unns·

227 1646 355 1732 quisque
389 1654 544 1725 nostrum,
577 1653 739 1708 eonmntus
769 1642 944 1708 omerabili
978 1643 1178 1708 eeclesiarum
1211 1649 1356 1712 omnium
1428 1645 1429 1728 i

229 1743 415 1808 auctoritate
448 1753 478 1806 et
508 1742 687 1806 necessaria
718 1740 903 1820 humilitate,
927 1741 1008 1806 nittt
1035 1743 1186 1807 innovare
1209 1746 1355 1830 qestirct
1428 1755 1429 1788 t

228 1863 296 1905 eum
311 1839 409 1904 leuem
425 1838 669 1904 contradictioni
683 1860 747 1903 non
769 1837 934 1924 quemlibet
949 1839 1222 1904 animadverteret.
1251 1841 1356 1906 Nam·

228 1960 285 2024 que
309 1959 396 2002 omae
419 1935 503 2022 quod
526 1958 641 2021 anceps
665 1946 695 2000 et
717 1934 894 2022 ambiquum
916 1946 948 2000 st
969 1937 1003 2000 in
1027 1937 1161 2002 diensis
1184 1939 1357 2002 munau

223 2035 430 2122 prudentium
462 2057 499 2096 ac
521 2031 669 2118 fidelium
700 2033 839 2098 uirorum
869 2035 1070 2098 constitumm
1101 2044 1157 2114 est,
1185 2035 1217 2098 si
1240 2045 1355 2099 watra
1428 2029 1429 2044 ¹

223 2135 366 2220 priscam
388 2142 419 2195 et
440 2130 671 2195 memorabilem
693 2141 871 2196 ascetarum
893 2132 1089 2196 emeritorum
1117 2143 1305 2198 sanctorum
1326 2143 1356 2196 et

223 2231 367 2316 fidelium
390 2229 648 2294 solemnissimam
662 2229 906 2294 observationem
914 2229 1092 2319 jrrdicatur,
1115 2229 1273 2294 damnari
1295 2232 1354 2296 aa·-

229 2352 287 2416 que
310 2329 408 2407 delet,
432 2350 500 2392 eum
521 2328 557 2390 in
579 2350 612 2390 re
635 2325 711 2390 olim
733 2328 904 2413 composita
933 2338 963 2392 et
992 2327 1153 2406 ordinata,
1182 2328 1355 2413 qscodcrrns·

229 2451 287 2514 que
310 2437 356 2490 est
378 2425 462 2491 illud
484 2423 568 2511 quod
596 2434 707 2488 contra
736 2423 936 2488 ecclesiarum
965 2427 1097 2511 quietem
1126 2435 1222 2511 atquc
1239 2448 1356 2512 pacem

229 2526 264 2589 ia
286 2525 421 2588 medium
438 2523 638 2609 producatur
659 2521 740 2586 adit
766 2533 897 2608 praeter
920 2523 1098 2588 discordias
1120 2533 1151 2586 et
1172 2523 1357 2588 simultates

230 2632 260 2684 et
282 2621 449 2685 selisruata
472 2619 666 2699 allaturum·
693 2619 748 2683 ubi
775 2619 883 2684 nullus
913 2619 998 2685 alius
1018 2620 1147 2707 siracusa
1169 2623 1356 2706 repes-iutra

230 2721 294 2784 uisi
316 2719 364 2783 tic
388 2717 482 2796 solus,
506 2728 542 2781 ut
564 2739 646 2784 unus
668 2717 755 2782 loma
779 2719 960 2805 quicumque
983 2717 1039 2784 ille
1062 2729 1108 2783 est
1119 2714 1355 2805 (Cyprianus),

229 2839 361 2903 moqnae
378 2815 572 2902 menuae
604 2825 634 2879 et
666 2817 862 2880 constantiae
892 2838 956 2880 esse
983 2815 1071 2902 opud
1093 2814 1250 2902 quosdam
1274 2815 1356 2880 leva

229 2915 367 2978 homiues
398 2913 492 2978 inani
522 2911 627 2998 qloru'a
653 2912 867 2998 praedicetur.
902 2961 909 2977 .
943 2961 950 2978 .
975 2913 1125 2978 Deterius
1153 2911 1356 3000 delinquitur

231 3013 270 3076 ab
293 3011 467 3077 dominibus
490 3010 652 3100 ejusmodi,
675 3011 704 3074 si
735 3010 771 3073 id
793 3009 877 3096 quod
901 3011 938 3075 in
960 3009 1173 3076 obseruatione
1195 3013 1354 3098 antiquis-

231 3111 311 3175 sima
335 3109 374 3174 ab
397 3110 439 3174 iis
462 3119 612 3196 tanquam
634 3130 699 3172 aon
729 3119 810 3172 reete
823 3107 889 3192 fiat
914 3107 1161 3194 reprelienditur,
1185 3119 1216 3172 et
1241 3109 1284 3174 ab
1307 3110 1355 3174 lais

231 3209 285 3294 qui
317 3217 390 3272 ante
421 3229 479 3270 nos
502 3204 640 3292 fueruat
672 3215 736 3268 tum
768 3206 863 3269 etiam
895 3230 916 3269 a
937 3205 1028 3270 nolis
1049 3215 1130 3270 recte
1153 3204 1354 3272 obseruatum

191 3350 195 3359 -
231 3328 296 3370 esse
329 3314 359 3368 et
390 3303 552 3368 observari
581 3303 749 3389 manifeste
781 3327 818 3367 ao
841 3304 978 3390 fortiter
1000 3304 1193 3368 ostendatur.
1234 3342 1283 3352 —
1320 3303 1353 3370 S.

232 3399 449 3486 Augustinus,
464 3400 677 3488 apostolicam
699 3401 883 3466 doctrinam
906 3425 926 3465 a
943 3400 1110 3487 Stephano
1134 3400 1269 3466 decreto
1295 3423 1352 3467 suo

232 3507 396 3564 servatam
406 3498 517 3584 fuisse,
532 3501 666 3564 omnino
680 3501 830 3584 agnoscit
839 3498 1003 3564 scribens:
1028 3499 1179 3565 Nondum
1192 3511 1265 3564 erat
1279 3501 1352 3566 dili

230 3607 339 3684 qenter
360 3595 421 3662 illa
444 3595 595 3684 baptismi
615 3599 755 3683 quaestio
771 3607 982 3683 pertractata,
1006 3597 1062 3662 sed
1084 3609 1189 3662 tamen
1210 3597 1352 3664 saluber·

231 3696 344 3760 rimam
367 3695 620 3760 cousuetudinem
643 3695 766 3760 tenebat
781 3694 934 3778 Ecclesia,
956 3696 991 3760 in
1013 3695 1095 3781 ipsis
1116 3717 1235 3782 quoque
1259 3697 1352 3760 scitis·

231 3793 357 3856 matiois
379 3802 410 3856 et
431 3793 595 3857 haereticis
624 3794 776 3879 eomiqere
808 3793 891 3879 quod
908 3815 1045 3878 prauum
1067 3803 1123 3872 cst,
1146 3815 1210 3858 non
1232 3795 1351 3858 iterare
1428 3847 1429 3858 ,

232 3889 316 3976 quod
338 3889 447 3954 datum
470 3900 524 3954 est.
550 3938 557 3954 .
583 3938 591 3954 .
617 3938 624 3954 .
653 3885 756 3964 Quam
777 3889 1031 3954 consuetudinem
1046 3889 1139 3954 credo
1161 3911 1201 3954 ccc
1224 3899 1351 3976 aposto·
1428 3921 1429 3974 j

234 3989 298 4054 lica
321 3989 493 4054 traditione
522 3989 703 4068 veniemem,
733 3990 814 4054 sicut
836 3988 936 4054 multa
958 4011 1037 4075 quae
1059 4011 1124 4054 aon
1146 3988 1352 4052 inveniuntur
1428 4011 1429 4076 ,

233 4088 269 4150 in
291 4087 407 4152 litteris
435 4109 555 4165 eman,
588 4109 685 4172 neque
707 4088 743 4150 in
766 4085 909 4152 conciliis
925 4088 1163 4173 posteriorum,
1180 4094 1212 4148 ct
1235 4094 1350 4160 tamen,
1428 4091 1429 4128 ³

234 4185 310 4279 quia
328 4206 389 4278 per
410 4183 588 4258 uniuersam
612 4184 830 4256 custodiuntur
845 4182 1023 4264 Ecclesiam,
1046 4206 1111 4248 non
1133 4183 1197 4246 uisi
1211 4181 1251 4246 ab
1270 4183 1350 4268 ipsis
