2936 4814
252 445 291 535 etl
642 488 1050 550 nesasmmaasmm.

253 628 341 691 Petri
365 631 567 716 episcopatu.
597 635 690 699 Dicit
714 638 880 721 decadem
891 638 1052 722 Ecclesia,
1076 659 1160 725 quae
1180 639 1373 725 praesideat

253 728 288 790 ire
312 726 378 791 loco
400 731 564 796 Romanae
593 735 746 821 repioais,
771 737 859 824 quod
890 737 931 802 de
954 738 1176 823 praesidentia
1206 739 1241 801 in
1265 745 1371 801 totam

252 830 436 902 Ecclesiam
460 835 674 901 christianam
695 837 867 901 manifeste
882 835 1144 920 intelligendum,
1168 835 1232 899 nisi
1256 837 1371 921 inepte

252 954 383 1001 sensum
398 945 630 1024 contorqueam
655 944 753 1022 atque
770 955 842 999 eam
854 935 935 1000 dicit
950 929 1200 1021 προκαθημένῳ
1219 932 1274 1021 τῆς
1291 931 1372 1016 ἁγά-

251 1054 314 1122 apg
337 1033 435 1122 (quac
458 1034 624 1121 praesidet
646 1035 769 1098 foederi
796 1032 977 1114 caritatis).¹

215 1137 225 1166 ³
339 1133 392 1198 38.
415 1132 626 1206 Praeclarum
670 1133 803 1197 demum
839 1133 1063 1197 testimonium
1107 1131 1186 1196 facti
1224 1127 1264 1192 de
1303 1151 1371 1214 quo

168 1205 194 1235 Μ’
249 1231 379 1315 agimus
402 1233 590 1296 continetur
617 1233 653 1296 in
683 1232 819 1317 epistola
850 1229 881 1296 S.
911 1227 1077 1295 Clementis
1100 1229 1142 1292 ad
1168 1223 1370 1310 Corinthios,
1449 1289 1450 1304 ,

190 1359 192 1364 ·
249 1339 348 1415 quam
364 1339 496 1416 propter
510 1331 815 1394 schismataexorta
839 1329 881 1394 ad
905 1351 960 1393 eos
983 1328 1114 1393 direxit.
1137 1325 1206 1390 Ista
1229 1323 1370 1410 epistola

249 1442 378 1514 semper
409 1430 445 1492 in
477 1429 616 1492 ecclesia
639 1449 765 1492 summo
791 1430 824 1492 in
849 1430 953 1514 pretio
977 1425 1093 1490 habita
1116 1421 1206 1510 estl)
1250 1421 1292 1487 In
1318 1445 1370 1486 ea-

249 1527 324 1590 dem
348 1527 390 1590 de
413 1529 571 1612 martyrio
587 1525 644 1592 SS.
660 1525 892 1612 Apostolorum
906 1527 995 1592 Petri
1019 1535 1051 1589 et
1073 1523 1168 1589 Pauli
1193 1524 1240 1586 ita
1262 1519 1369 1607 loqui-

248 1634 310 1704 tur,
335 1633 372 1688 ut
401 1627 554 1711 quamvis
583 1646 650 1690 non
681 1624 810 1689 disertis
840 1625 951 1690 verbis
979 1623 1119 1688 Romam
1150 1631 1186 1685 ut
1213 1619 1367 1704 martyrii

247 1722 356 1787 locum
388 1723 522 1807 indicet,
557 1745 598 1787 cx
632 1733 788 1788 contextu
828 1733 940 1789 tamen
973 1722 1060 1787 clare
1093 1720 1276 1804 colligatur,
1310 1739 1368 1780 eos

248 1820 372 1885 ibidem
396 1823 591 1907 martyrium
616 1819 764 1888 subiisse.
812 1821 930 1908 Capite
963 1831 1078 1915 quarto
1103 1819 1190 1885 mala
1213 1817 1292 1900 odii,
1318 1817 1366 1879 in-

247 1919 367 2000 vidiae,
400 1921 630 1986 aemulationis
661 1921 827 2002 describit,
861 1931 893 1984 et
924 1929 1097 2007 postquam
1136 1914 1290 2002 exempla
1323 1935 1365 1977 ex

246 2019 349 2082 veteri
379 2017 512 2083 foedere
541 2021 711 2105 proposuit
741 2042 769 2085 c.
793 2020 825 2085 5.
850 2022 912 2084 ait:
947 2017 1011 2083 Sed
1032 2030 1067 2083 ut
1089 2029 1195 2082 uetera
1218 2011 1364 2099 acempla

245 2115 468 2202 relinquamus,
501 2117 545 2182 ad
571 2121 737 2206 prosimos
770 2117 901 2182 athletos
932 2119 1094 2182 ueniamus
1126 2113 1210 2200 (raia
1233 2107 1365 2195 ἔγγιστα

245 2211 429 2296 γενομένους
470 2211 636 2304 ddir'pag)‚·
686 2241 843 2281 sumamus
884 2217 1000 2280 aetatis
1040 2227 1167 2280 nostrae
1211 2231 1364 2300 panerasu

245 2313 398 2400 eoeempla.
446 2311 579 2401 Propter
600 2315 699 2380 zelum
722 2327 751 2380 et
770 2316 924 2380 inuidiam
947 2317 1002 2402 qui
1022 2317 1180 2378 mauimae
1205 2324 1234 2376 et
1249 2309 1363 2400 justis·

245 2412 342 2475 simae
365 2409 525 2477 Ecclesiae
548 2413 709 2478 colamaae
733 2425 833 2492 eraut,
852 2415 1101 2500 pereemtioaem
1118 2413 1214 2498 passi
1236 2420 1310 2474 suat
1333 2415 1364 2468 el

246 2531 338 2596 resque
362 2509 406 2574 ad
428 2522 556 2576 mortem
578 2511 818 2598 erueremus)
865 2513 1022 2576 Pareamus
1044 2511 1135 2576 uobis
1159 2522 1231 2574 aute
1256 2507 1363 2573 oculos

244 2605 339 2678 bonos
371 2610 540 2696 apostolos,
573 2607 658 2694 (τοὺς
690 2608 834 2694 errores
865 2607 1087 2690 ἀποστόλους).
1151 2609 1276 2673 Petram
1308 2611 1364 2694 qui

239 2717 372 2792 propter
402 2707 501 2772 zelum
533 2711 674 2795 iniquum
704 2731 768 2772 aoa
799 2733 895 2772 renam
927 2720 984 2774 aut
1015 2707 1148 2772 alterum
1177 2705 1231 2771 sed
1248 2705 1364 2792 plures

243 2803 366 2870 labores
389 2805 526 2885 sustulit,
551 2818 642 2892 atque
666 2799 714 2870 ita
727 2809 912 2890 martyrium
931 2831 1048 2892 passae
1071 2807 1294 2892 (μαρτυρῆσας)
1318 2803 1365 2868 ad

243 2901 379 2968 debitum
409 2904 530 2991 pioriae
564 2903 663 2969 locum
694 2905 846 2970 discessit.
894 2907 1027 2992 Propter
1058 2903 1156 2970 aeirem
1187 2899 1304 2991 (ζήλων)
1333 2915 1364 2968 et

242 3000 362 3067 Paulus
380 3005 559 3088 patientiae
577 3006 757 3090 proauiam
778 3003 926 3085 erleibue't,
947 3007 1060 3092 septies
1082 3005 1118 3068 ia
1140 3001 1266 3068 iiuada
1290 3026 1362 3067 cors-

314 3177 340 3247 ¹)
355 3178 488 3248 &criptam
507 3191 643 3235 censemus
661 3181 802 3250 epistolam
821 3197 873 3236 non
892 3182 986 3236 statim
1004 3187 1066 3251 post
1083 3181 1297 3249 persecutionem
1307 3181 1362 3236 Ne·

240 3258 321 3324 ranis,
339 3260 385 3314 scd
403 3275 497 3316 vorare
514 3259 594 3316 finem
612 3262 712 3316 maeuii
724 3263 804 3330 primi
821 3267 884 3330 post
901 3263 1113 3330 persecutionem
1120 3261 1284 3328 Domitisui3
1303 3262 1361 3316 exi-

239 3337 381 3394 stimamus
399 3341 478 3406 enim,
496 3346 562 3396 tunc
580 3341 744 3398 clementem
770 3349 832 3410 post
853 3342 952 3398 Linum
977 3349 1005 3398 et
1023 3343 1130 3398 Gletum
1148 3341 1250 3397 rexisse
1268 3342 1361 3397 Eccle

239 3417 315 3474 siam.
334 3417 367 3472 llr
386 3420 445 3489 ipss
462 3421 577 3490 epistola
595 3421 697 3476 iudicis
714 3427 857 3477 occurmmt
868 3422 936 3478 satis
955 3424 1041 3490 clara,
1060 3423 1202 3492 epistolam
1219 3423 1293 3476 haud
1310 3423 1361 3476 im·

239 3497 356 3553 mediate
373 3503 435 3568 post
452 3505 564 3556 mortem
583 3501 771 3570 Apostolorum
795 3503 922 3570 scripturn
947 3501 1039 3558 misse.
1058 3501 1192 3570 Loquitur
1209 3501 1280 3557 enim
1300 3501 1357 3557 Cle-

239 3588 312 3632 mens
331 3578 364 3633 de
380 3578 546 3648 presbyteris
564 3579 684 3650 dejectis,
698 3583 747 3650 φα·
763 3583 842 3652 leupo
856 3587 972 3650 ternpore
984 3583 1018 3637 ab
1035 3583 1159 3638 maara
1177 3583 1360 3636 testimouium

234 3659 412 3726 praectarum
428 3665 606 3730 manumet
624 3661 658 3728 (c.
676 3659 737 3730 44);
756 3661 878 3728 loquitur
900 3663 933 3716 de
957 3663 1072 3732 epistola
1090 3663 1115 3717 S.
1133 3663 1213 3718 Pauli
1233 3661 1267 3716 sel
1285 3661 1360 3730 ipsos

239 3737 284 3790 ἐκ·
294 3737 437 3807 principio
453 3739 606 3808 ,mametis
627 3741 728 3812 scripta
753 3744 786 3808 (c.
811 3743 866 3812 47),
899 3747 928 3798 et
951 3743 1133 3810 firmissimam
1158 3747 1183 3796 et
1213 3743 1357 3810 antiquam

240 3815 441 3872 maeatarum
458 3820 593 3874 emmaum
611 3820 741 3876 nominem.
760 3822 820 3876 Iste
837 3822 966 3888 indicant,
990 3824 1053 3879 inde
1070 3840 1087 3876 a
1105 3829 1225 3892 tempore
1242 3823 1359 3890 Aposta

237 3894 324 3949 lor'um
339 3897 397 3965 Jam
421 3895 529 3965 aliquod
554 3903 660 3969 tempus
685 3901 804 3970 elapsum
823 3918 887 3958 csse.
913 3933 947 3943 -
966 3903 1008 3958 Es
1026 3903 1059 3958 de
1077 3919 1107 3958 re
1125 3901 1238 3958 inferius
1256 3901 1357 3956 iterum

238 3979 344 4043 agetur.

312 4047 334 4116 Ι)
354 4047 470 4106 Graece:
489 4049 537 4109 iar
555 4051 680 4104 θανάτου
699 4052 828 4118 diriperae
855 4053 896 4108 Ex
915 4055 1004 4110 codiee
1022 4055 1128 4124 Optano
1145 4069 1231 4124 nuper
1249 4054 1357 4110 tetum

234 4125 291 4194 jam
310 4131 417 4182 constat
434 4127 501 4184 haec
518 4125 599 4185 lec'tla
617 4131 753 4200 luteram
773 4148 855 4199 quum
873 4134 901 4188 in
914 4133 1009 4192 Codice
1021 4135 1203 4191 Alexandrino
1222 4135 1267 4190 hia
1285 4141 1357 4192 essct

236 4205 335 4272 hiatus,
354 4207 547 4276 suppleverunt
565 4211 641 4266 vario
666 4212 742 4266 modo
761 4213 909 4269 anteriores
934 4215 1057 4272 editores
1094 4206 1137 4270 Εἰ
1152 4211 1286 4272 'restituta
1303 4215 1356 4270 lec-

236 4285 310 4344 tione
334 4288 455 4363 genuina
478 4289 581 4347 invicte
604 4287 784 4362 confirmatur,
798 4291 830 4350 de
848 4295 979 4370 martyrio
997 4291 1227 4354 emersuras·
1246 4295 1354 4370 hicum.
