2766 4836
442 465 563 520 Oenones
581 466 752 521 Sardioensis.
1115 465 1150 519 25

54 608 340 692 praescribiturnc,
372 630 415 672 an
449 607 595 672 modeste
618 610 836 695 proponitur?
889 609 962 672 Hoc
984 609 1066 690 lieri,
1089 630 1156 673 non

55 705 132 787 illud,
152 705 292 791 phrases
316 705 475 787 indicant,
500 728 585 791 quae
610 716 686 771 sunt
709 705 928 788 suadentium,
953 728 1018 770 non
1034 706 1156 791 praeci·

53 805 216 888 pientiam.
240 841 285 850 -
307 803 361 866 Ex
385 801 436 868 his
459 803 525 867 duo
550 805 753 868 consectaria
776 804 963 869 dimanant:
1001 805 1037 866 1⁰
1063 803 1156 868 Tem-

54 923 121 986 pore
143 900 352 966 Sardicensis
375 900 493 984 synodi
526 922 766 987 nonnunquam
791 902 974 986 contigisse,
998 911 1035 964 ut
1057 902 1157 964 etiam

52 999 192 1083 aprima
216 997 342 1084 synodo
366 996 587 1084 appellaretur
609 998 649 1063 ad
674 999 768 1064 Rom.
790 999 995 1064 Pontificem.
1019 999 1071 1064 De
1094 998 1157 1062 hac

53 1097 130 1160 enim
170 1094 393 1181 appellatione
431 1095 514 1160 nihil
550 1105 698 1161 statuunt
734 1096 866 1178 Patres,
899 1119 973 1161 cam
1003 1095 1157 1161 historice

52 1203 224 1258 assumunt.
272 1195 311 1256 2⁰
337 1193 450 1257 Patres
472 1215 540 1258 non
568 1203 710 1280 putasse,
742 1193 805 1258 sibi
828 1215 898 1258 esse
925 1194 981 1280 jus
1013 1193 1156 1280 aliquod,

53 1291 290 1376 praescribendi
323 1291 362 1355 R.
393 1291 547 1357 Pontifici
570 1291 710 1357 formam
740 1291 934 1377 disciplinae
965 1310 1064 1377 quam
1088 1291 1157 1376 ipse

53 1399 235 1474 sequeretur
258 1391 293 1452 in
317 1388 491 1474 hypothesi
506 1388 736 1475 appellationis
749 1388 913 1474 adipsum
938 1390 1158 1475 interpositae.

54 1487 204 1552 -Haeo
238 1487 281 1552 de
313 1488 581 1572 interpretatione
618 1509 782 1552 canonum
819 1486 1083 1568 sardicensium,
1116 1509 1159 1552 ex

53 1584 163 1668 quibus
187 1593 289 1670 patet,
315 1582 386 1648 illos
404 1585 464 1670 jus
475 1585 514 1650 R.
528 1585 698 1650 Pontificis
717 1584 900 1670 recipiendi
923 1585 1159 1670 appellationes

54 1683 142 1746 etiam
181 1685 217 1747 in
252 1683 361 1746 causis
397 1683 626 1768 episcoporum
658 1705 722 1747 eoa
751 1684 894 1769 primum
926 1683 956 1747 ei
980 1683 1157 1761 contulisse,

54 1779 101 1843 sed
123 1791 158 1844 ot
181 1790 359 1866 competens
382 1781 611 1866 mpporaisae.“

132 1878 188 1942 34.
215 1877 345 1960 ,Aliter
366 1876 407 1941 de
431 1877 548 1944 iisdem
565 1877 616 1942 his
631 1877 813 1942 canonibus
826 1876 976 1944 nonnulli
999 1885 1157 1957 auctores,
1222 1885 1255 1914 “⁰

55 1997 183 2057 quorum
209 1974 361 2040 doctrina
384 1974 449 2038 huc
471 1973 599 2040 recidit.
640 1977 677 2038 1⁰
704 1975 747 2038 Vi
771 1974 888 2040 horum
912 1994 1075 2039 canonum
1089 1972 1157 2037 RR.

57 2071 263 2136 Pontificibus
286 2071 408 2138 factam
431 2093 501 2136 esse
516 2073 668 2157 primitus
680 2081 871 2158 potestatem
895 2070 1081 2157 accipiendi
1104 2091 1158 2154 ap·

57 2169 250 2252 pollutiones.
296 2170 335 2234 2⁰
368 2167 451 2234 Cum
476 2168 641 2254 explicare
669 2170 799 2251 debent,
832 2170 912 2254 quid
936 2171 978 2234 sit
999 2167 1082 2233 haec
1105 2188 1158 2253 po·

57 2277 153 2350 testas,
178 2276 350 2332 coarctant
373 2287 446 2332 eam
469 2267 512 2331 ad
540 2287 666 2332 merum
685 2267 742 2353 jus
764 2269 937 2333 revisionis
958 2266 1158 2354 praecipien-

59 2363 128 2446 dae3
174 2366 217 2430 3⁰
262 2364 516 2450 praecipiendae
548 2373 658 2430 autem
688 2366 862 2430 revisionis
893 2364 1065 2433 faciendae
1106 2361 1159 2426 vel

60 2462 86 2524 in
106 2463 177 2547 ipsa
202 2463 375 2548 provincia
397 2463 455 2543 rei,
480 2460 532 2526 vel
556 2464 590 2526 in
615 2464 686 2547 ipsa
709 2462 880 2548 provincia
903 2463 1052 2543 finitima,
1076 2460 1158 2525 adeo

60 2569 88 2622 ut
107 2581 164 2644 per
188 2581 333 2624 oenones
347 2559 558 2626 sardicenses
582 2582 644 2626 nec
665 2559 805 2642 licuerit,
820 2581 881 2625 neo
903 2560 1002 2624 liceat
1024 2560 1062 2624 R.
1073 2559 1158 2624 Pon·

60 2658 136 2739 uhci,
159 2679 297 2723 causam
326 2679 386 2745 per
407 2656 661 2744 appellationem
692 2657 736 2722 ad
768 2680 843 2722 eum
876 2657 1063 2723 devolutam
1088 2677 1159 2739 cog-

60 2757 182 2820 noscere
207 2755 341 2821 Romae.
365 2794 408 2802 —
432 2755 526 2820 Haec
549 2755 684 2841 quidem
706 2756 843 2821 Photius
867 2758 900 2820 in
914 2755 1159 2819 Nomocanono.

60 2849 173 2918 Eodem
198 2853 266 2917 fere
290 2863 436 2938 tempore
460 2853 576 2917 eadem
599 2853 800 2918 Hincmarus
822 2852 1017 2918 Rhemensis
1039 2850 1083 2916 ad
1105 2850 1159 2915 Jo-

59 2972 167 3016 annem
198 2951 282 3016 VIlI
306 2953 445 3038 scripsit.
491 2950 653 3015 Eamdem
675 2950 858 3024 doctrinam
882 2953 1105 3016 instaurarunt
1119 2948 1160 3013 de

61 3045 169 3132 llarca,
194 3049 321 3134 Dupin,
346 3047 479 3132 Fleury,
505 3047 660 3129 Quesnel,
684 3048 878 3131 Febronius,
902 3048 990 3114 alii.“

135 3147 189 3212 35.
217 3145 282 3230 ,At
296 3168 374 3212 vero
389 3145 552 3232 quomodo
569 3167 665 3212 suam
674 3146 858 3212 doctrinam
874 3145 1069 3212 stabiliunt?
1092 3145 1159 3210 Pri-

63 3263 135 3309 mam
150 3253 280 3332 partem
295 3245 342 3308 sic
358 3244 571 3309 confirmant:
599 3244 640 3310 In
650 3266 775 3309 canone
785 3244 836 3310 ΠΙ
847 3252 1023 3310 occurrunt
1039 3241 1159 3306 verba:

63 3339 193 3407 &eolis
210 3341 337 3428 placet,
443 3343 642 3422 homoinem
668 3341 750 3406 haec
774 3341 815 3406 de
838 3343 981 3428 primatu
1005 3339 1071 3404 dici
1095 3361 1160 3404 non

62 3449 202 3522 possunt3
227 3461 303 3524 ergo
328 3438 464 3524 dejure
495 3441 639 3524 primum
671 3438 799 3521 collato,
828 3439 918 3525 quod
940 3459 1006 3504 non
1030 3437 1161 3502 descen-

62 3533 101 3598 dit
121 3559 161 3602 ex
193 3539 348 3624 primatu,
381 3537 470 3602 dicta
493 3537 637 3602 fuerunt.
668 3575 712 3586 —-
743 3537 976 3622 Responsionis
997 3535 1068 3600 loco
1093 3533 1314 3598 dicineum.

62 3645 161 3718 potest,
185 3645 257 3700 tum
279 3635 434 3700 honorari
457 3633 556 3699 etiam
589 3636 780 3701 memoriam
802 3636 906 3718 Petri,
930 3633 1062 3721 quando
1081 3633 1158 3718 jura

62 3733 183 3819 antiqua
207 3755 249 3798 ex
271 3736 415 3818 primatu
438 3731 672 3798 descendentia
693 3742 928 3818 agnoscuntur,
952 3741 1022 3796 tum
1046 3731 1158 3796 suffra·

63 3828 139 3910 giem
162 3831 345 3896 decisivum
370 3832 404 3896 in
428 3829 585 3896 Conciliis
613 3829 685 3894 dari
708 3833 917 3896 consuevisse
938 3853 998 3917 per
1020 3828 1159 3894 verbum

61 3925 286 4009 pharamiam
311 3931 345 3994 in
369 3928 467 3993 rebus
490 3951 575 4015 quae
597 3952 618 3994 a
644 3928 813 3994 voluntate
836 3929 968 3994 Patrem
995 3949 1061 3993 non
1084 3949 1160 4012 pen-

65 4021 138 4109 tent,
161 4027 270 4112 quoad
293 4027 505 4092 intrinsecam
538 4028 748 4092 existentiam
782 4037 814 4091 et
843 4028 1025 4107 veritatem,
1059 4046 1092 4088 v.
1128 4045 1160 4107 g·

66 4119 92 4184 in
112 4124 203 4189 rebus
226 4125 314 4190 fidei.
338 4123 496 4190 Attamen
518 4124 572 4189 his
595 4123 748 4190 omnibus
770 4147 836 4192 non
859 4125 1064 4208 indigemus3
1096 4119 1161 4186 suf-

67 4216 122 4284 ficit
141 4243 307 4310 reponere,
332 4225 366 4290 in
396 4243 523 4290 canone
555 4223 606 4288 IIl
638 4245 704 4288 uon
736 4225 789 4311 agi
821 4222 862 4288 de
885 4219 1162 4310 appellationibus
