2766 4836
249 464 284 518 52
501 461 541 516 De
558 459 706 526 Arianismi
723 459 791 516 latis
809 477 841 518 ac
858 461 891 516 de
909 461 986 530 lapsu
1003 459 1113 518 liberii.

249 608 382 674 alterum
404 608 502 693 ipitar
524 607 701 692 episcopum
722 605 792 670 boio
806 604 965 691 factioni,
989 603 1123 670 alterum
1144 605 1198 670 illi
1213 625 1332 690 procoso

249 717 400 794 oportere.
448 704 519 768 Hae
545 705 668 768 ratione
697 723 764 766 cum
786 702 991 789 Imperatoria
1022 701 1189 788 epistolum
1211 700 1333 788 capucio

249 815 326 885 aaut,
343 827 446 868 omues
468 825 534 868 urso
548 823 619 866 uoce
635 801 870 866 acclamarunt:
901 801 988 864 Unus
1002 800 1099 878 Deus,
1113 822 1196 864 uuus
1214 796 1334 871 (iltuto,

170 969 173 976 ,
248 927 330 968 unus
345 903 529 988 Episcopus.
554 901 631 986 Ipso
654 902 736 964 euim
751 921 857 964 eorum
871 899 966 962 uerbo
979 899 1028 962 bic
1050 919 1210 984 opponere
1233 917 1335 982 aequum

249 999 436 1066 existimavi.
484 998 560 1062 Poat
587 999 643 1062 baa
675 998 953 1062 christianissimae
983 995 1089 1082 plebis
1120 997 1336 1062 acclamationes

244 1100 365 1186 pietate
388 1108 418 1160 et
433 1097 566 1186 justitio
588 1095 719 1182 plenae,
752 1117 893 1160 reomau
925 1104 971 1158 eet
1003 1094 1213 1160 admirandus
1234 1093 1281 1159 illc
1300 1091 1335 1154 Li·

250 1192 398 1279 bertum).

81 1305 239 1347 nitentum.
340 1292 391 1356 70.
415 1291 508 1356 Haec
522 1290 720 1356 Theodoreti
744 1291 887 1356 namatio
904 1311 947 1354 ex
968 1289 1042 1356 aliis
1065 1291 1255 1358 auctoribus
1274 1307 1335 1352 con·

248 1390 369 1477 plenda
393 1400 450 1454 est.
495 1390 630 1476 Praeter
652 1391 748 1454 istam
773 1387 948 1452 mulierum
971 1389 1224 1474 postulationem
1242 1389 1337 1456 Romae

249 1491 349 1553 ctiam
372 1487 485 1552 turbas
515 1496 547 1552 et
575 1487 752 1552 seditiones
785 1509 888 1573 usque
920 1486 964 1555 ad
987 1486 1105 1552 caedes
1127 1487 1289 1564 accidisse,
1308 1504 1338 1546 ex

249 1588 289 1653 iis
305 1586 538 1673 comperimus3
563 1594 734 1672 motusque
750 1587 804 1650 isti
819 1584 872 1650 vel
886 1595 963 1651 ante
986 1585 1040 1653 vel
1063 1596 1137 1672 post
1159 1583 1338 1670 triumphurn

251 1683 434 1750 Constantii
457 1673 580 1748 Romae
605 1682 805 1748 celebratum
828 1683 938 1750 locum
960 1683 1116 1750 habuere.
1162 1683 1339 1748 Sonomenus

249 1782 364 1864 refert,
395 1780 625 1848 Constantium
657 1781 815 1846 Romanis
842 1781 986 1846 reditum
1017 1780 1145 1846 Liberii
1175 1779 1340 1868 petentibus

249 1879 466 1966 respondisse,
489 1891 706 1945 revocaturum
734 1903 766 1944 so
797 1879 888 1944 illam
917 1890 947 1944 et
966 1880 1146 1967 petentibus
1168 1880 1340 1944 reddituum

250 2001 324 2056 esee,
350 1979 378 2041 si
400 1978 614 2042 sacerdotibus
635 1979 690 2064 qut
712 1979 748 2042 ia
779 1979 881 2064 apcius
903 1988 995 2043 eraut
1018 1979 1167 2044 comitatu
1190 1977 1341 2042 comeatire

249 2073 383 2161 uelletl),
408 2074 556 2160 adeoque
571 2077 680 2162 potius
694 2075 877 2142 declinasse
891 2077 1094 2162 petitionem.
1126 2075 1197 2142 blec
1219 2075 1272 2140 illa
1291 2073 1340 2156 epi·

251 2159 354 2258 stolas
367 2173 499 2260 quando
524 2172 736 2238 Constantius
758 2173 881 2238 Romae
906 2175 1033 2240 eratin
1056 2175 1144 2240 circo
1167 2174 1251 2238 lacta
1272 2171 1341 2235 vide

251 2281 314 2336 tur.
361 2271 427 2339 Sed
460 2271 625 2356 colligitur
654 2272 732 2336 satis
762 2293 805 2334 ex
837 2272 939 2336 variis
972 2271 1195 2354 documentis,
1218 2293 1281 2336 non
1308 2269 1341 2330 iu

252 2370 352 2436 multo
377 2379 459 2456 post,
484 2370 609 2434 scilicet
631 2391 717 2436 anno
733 2369 961 2455 subsequente,
978 2369 1206 2436 Constantium
1230 2366 1342 2432 Liberio

250 2468 393 2546 reditum
426 2468 635 2532 concessisse.
681 2467 797 2532 Merito
831 2469 1065 2554 supponimus,
1095 2479 1175 2532 tunc
1205 2462 1341 2552 ejusmodi

252 2565 363 2630 datam
387 2587 458 2629 esse
481 2564 662 2651 epistolam,
694 2564 735 2629 de
767 2587 871 2651 eaque
894 2568 994 2630 etiam
1021 2565 1239 2631 Sozomenum
1260 2562 1341 2626 verbe

252 2663 359 2728 facere
383 2661 440 2750 (H.
465 2662 504 2728 E.
528 2661 586 2728 IV.
613 2661 678 2748 15),
712 2665 768 2748 qui
793 2683 866 2728 eam
899 2665 1063 2750 episcopis
1085 2663 1243 2730 attribuit
1266 2657 1341 2726 Colli·

251 2763 339 2846 gitur
370 2761 494 2846 pariter
525 2783 567 2824 ex
599 2759 807 2844 auctoribus,
840 2761 961 2826 Felicis
999 2764 1262 2827 communionem
1288 2771 1341 2822 orn

251 2869 327 2923 ante
350 2858 493 2922 raditum
516 2857 642 2922 Liberii
667 2867 736 2924 tum
760 2869 833 2945 post
855 2859 926 2945 ejus
953 2860 1144 2942 adventum,
1170 2881 1238 2924 esse
1260 2882 1276 2922 a
1295 2856 1341 2920 llo·

253 2957 359 3022 manis
391 2957 558 3042 rejectam.
614 2957 764 3024 Socrates
794 2957 852 3046 (II.
885 2957 940 3046 l'l)
970 2958 1052 3024 dicit
1083 2978 1172 3024 eum,
1191 2955 1342 3044 expulsum

251 3055 369 3138 fuisse3
393 3055 594 3121 Sonomenus
627 3054 699 3143 (IV.
727 3055 781 3143 15)
814 3079 889 3120 eum
922 3057 1038 3123 divina
1070 3055 1261 3142 disponente
1286 3071 1341 3138 pro·

252 3152 401 3218 videntia
425 3151 519 3216 brevi
543 3162 616 3240 post
639 3152 775 3236 obiisse3
800 3153 1044 3220 Theodoretus:
1069 3151 1161 3220 Felix
1183 3176 1262 3232 acro,
1282 3150 1341 3212 scri·

252 3249 310 3332 bit,
335 3251 481 3316 recederes
504 3252 548 3316 ad
571 3252 671 3316 uliam
692 3251 798 3316 arbem
821 3275 853 3317 se
876 3249 1048 3338 contulitl).
1094 3251 1135 3316 In
1158 3250 1341 3318 Praefatione

252 3348 296 3413 ad
310 3347 475 3415 Libellum
489 3371 624 3434 precum
641 3351 793 3416 Faustini
807 3360 840 3415 et
853 3347 1067 3436 Marcellinit)
1092 3349 1232 3414 dicitur:
1258 3345 1341 3412 Tertio

253 3469 336 3512 anuo
360 3447 443 3512 redit
458 3447 611 3526 Liberius,
635 3450 687 3512 oui
708 3449 838 3516 obuium
865 3448 1070 3534 compendio
1088 3447 1228 3536 popalus
1248 3448 1341 3511 Roue-

251 3589 464 3602 q——a——o-—n—

329 3679 357 3747 ¹)
374 3677 501 3732 'lbeodon
520 3677 555 3730 H.
572 3677 604 3731 E.
624 3677 653 3731 L.
672 3677 706 3733 IL
726 3694 746 3732 a
767 3679 808 3734 17.

327 3759 347 3830 ²)
366 3759 400 3813 Η.
418 3758 449 3812 Ε.
467 3757 516 3812 VI.
538 3759 578 3814 ll.
880 3760 902 3818 'l
922 3759 953 3814 L.
972 3775 993 3814 e

326 3841 346 3906 ⁴)
365 3837 513 3894 Faustinus
532 3844 560 3892 et
579 3837 748 3894 Marcellinus
766 3837 917 3906 presbyteri
929 3839 1093 3896 schismatici
1112 3835 1264 3896 luciferiani
1282 3834 1341 3888 cirta

253 3935 277 3973 a.
297 3921 350 3972 384
368 3919 401 3972 ad
420 3917 612 3986 Imperatorem
636 3918 812 3972 Theodosium
836 3919 955 3974 libellum
977 3936 1086 3988 precum
1109 3921 1255 3977 direxerunt
1275 3929 1340 3969 auu·
1367 3989 1368 3992 Ἴ

252 3999 402 4054 sationibus
420 3999 449 4052 in
468 3999 612 4053 Damasum
630 3997 708 4056 Pont.
729 3998 865 4065 refertum,
894 4014 946 4067 qno
964 3999 1054 4056 libello
1072 4001 1124 4056 sibi
1142 4000 1250 4054 feroran
1267 3995 1340 4060 hope

252 4079 351 4134 tatoris
370 4079 536 4146 liberumque
554 4079 642 4133 cultus
661 4077 820 4134 exercitium
838 4078 960 4135 obtinere
977 4081 1143 4136 nitebantur.
1173 4075 1296 4134 mettio
1311 4069 1340 4122 td

252 4158 371 4214 libellum
389 4158 498 4214 videtur
516 4158 629 4212 alterius
652 4158 698 4213 sed
723 4159 830 4227 antiqui
854 4161 972 4216 auctoris
995 4162 1114 4232 ejusdem
1132 4167 1224 4218 sesua
1256 4157 1340 4212 Exsul

252 4255 294 4308 sp.
313 4238 487 4302 Sinnondum
506 4237 594 4307 Opera
612 4239 696 4304 varis,
715 4238 788 4296 Tom.
808 4241 830 4295 Ι,
