2900 4800
242 453 296 508 452
616 457 657 510 De
675 471 757 510 causa
774 455 888 512 Houorii
906 455 939 514 B.
958 457 988 514 P.

244 595 448 680 domnnmm,
475 621 538 662 uuo
561 621 629 662 cum
642 599 797 677 Honorio,
820 602 875 686 qui
883 603 1113 687 prouiseorum
1137 605 1372 670 uosmtiom'brm

234 692 413 778 formentum
444 697 606 782 impendit.
644 734 685 744 -
723 697 817 762 Haec
847 699 950 764 verba
978 699 1152 766 manifeste
1175 723 1217 764 ex
1245 701 1369 769 litteris

241 790 365 857 Leonis
378 792 413 858 Π
432 793 605 878 desumpta
620 805 711 877 suut3
736 793 824 860 uude
839 805 947 882 patet,
962 797 1141 862 Pontifices
1161 798 1369 886 subsequen·

168 915 170 922 ¹
242 899 291 954 tes
314 890 404 956 haud
426 889 491 956 alio
516 913 613 956 sensu
636 891 822 958 Honorium
850 891 1039 977 damnasse,
1064 917 1164 982 quam
1188 898 1259 982 ipse
1283 899 1365 982 Leo,

244 987 398 1052 videlicet
421 988 510 1074 quod
532 989 724 1076 moyliqoutio
746 1013 805 1054 aaa
818 991 941 1056 homeri
954 990 1133 1076 fomentum
1150 998 1366 1080 promtiten't.

76 1109 196 1154 aaran
206 1112 233 1154 11.
332 1087 384 1152 83.
408 1085 551 1152 Gravior
574 1109 652 1152 sane
676 1099 727 1152 est
748 1087 945 1170 difficultas,
969 1111 1054 1175 quae
1077 1092 1201 1177 petitur
1223 1115 1267 1156 ex
1292 1115 1366 1158 var-

241 1181 293 1246 bis
322 1183 486 1248 Hadriani
518 1183 563 1249 II.
611 1183 722 1265 Quum
753 1185 880 1250 scilicet
901 1186 1038 1253 Photius
1071 1201 1184 1256 coacto
1207 1191 1367 1256 concilia·

241 1279 319 1346 bulo
343 1303 442 1346 ausus
476 1282 592 1346 fuisset
621 1286 911 1348 excommunicare
934 1283 1109 1351 Nicolaum
1131 1285 1149 1350 I
1172 1287 1365 1354 Romanum

239 1377 453 1464 Pontificem,
478 1382 540 1445 ista
564 1381 663 1446 dere
687 1381 768 1446 dicit
791 1381 983 1448 Hadrianus
1007 1385 1042 1448 in
1065 1407 1125 1448 sua
1148 1385 1365 1452 Allocutione

240 1479 338 1543 tertia
359 1477 403 1544 ad
435 1478 599 1563 synodum
621 1479 806 1544 Romanam
836 1479 882 1567 (a.
907 1477 1005 1566 869),
1029 1503 1114 1568 quae
1142 1480 1228 1548 lecta
1253 1495 1304 1549 cst
1328 1488 1363 1549 iu

241 1572 389 1641 Concilio
414 1579 626 1642 oecumenico
650 1577 750 1658 VIII,
774 1577 916 1642 Actione
949 1579 1105 1664 septima:
1141 1581 1366 1646 intolerabilis

240 1684 286 1738 eat
317 1675 382 1739 isto
407 1677 641 1760 praesumptio,
665 1686 695 1739 et
717 1675 797 1740 luno
830 1699 924 1740 ouree
943 1677 1217 1762 praecordiorum,
1232 1679 1361 1764 fateor,

240 1773 392 1836 sustinere
415 1795 479 1836 moa
496 1783 641 1859 possunt.
692 1771 771 1845 Quis
785 1784 1067 1860 uuqunmoestrum
1087 1773 1150 1840 tole
1174 1777 1266 1862 quid,
1286 1803 1362 1864 pss-

239 1891 310 1948 oor,
344 1869 485 1950 audivit,
517 1869 566 1934 cel
589 1871 658 1955 quia
680 1870 858 1960 hujusmodi
885 1871 1070 1936 tentamentis
1093 1872 1203 1936 solum
1227 1871 1362 1940 lectiam

238 1970 476 2036 immensitatem
498 1968 637 2033 inveniti
661 1965 822 2053 Siquidem
838 1970 1015 2032 Romanum
1029 1968 1210 2054 Pontificem
1233 1971 1272 2035 de
1296 1995 1360 2036 om-

238 2066 326 2130 mium
348 2066 548 2132 ecclesiarum
574 2065 778 2152 praesulibus
793 2065 958 2154 judicasse
993 2065 1140 2152 loyimua,
1164 2068 1203 2131 de
1226 2093 1262 2134 eo
1285 2094 1361 2134 vero

238 2186 419 2250 quemquam
434 2164 598 2254 judicasse
630 2185 693 2228 mou
725 2162 863 2249 loqimm.
910 2163 998 2228 Licet
1032 2165 1114 2228 euim
1136 2163 1282 2230 Honorio
1316 2167 1358 2230 ob

242 2261 458 2327 Orientalibus
474 2271 700 2348 postmortem
723 2261 889 2326 ouudemu
907 2262 1025 2326 dictum
1046 2263 1102 2340 eit,
1126 2263 1286 2328 sciendum
1308 2273 1357 2328 tu-

237 2383 305 2424 mea
329 2371 374 2426 est
384 2410 393 2439 ,
417 2362 493 2446 quio
508 2360 623 2448 furerat
646 2383 740 2446 cuper
761 2359 884 2424 haeresi
906 2368 1085 2440 manaem,
1104 2369 1356 2448 propterquam

237 2457 336 2522 solum
368 2458 488 2522 licitum
519 2468 566 2522 eat
596 2458 768 2522 minoribus
791 2462 943 2548 majorum
976 2479 1101 2521 suorum
1125 2457 1257 2521 modius
1280 2461 1358 2522 reei-

238 2557 342 2621 standi
348 2605 358 2636 ,
387 2555 436 2620 ool
459 2579 579 2642 praem
612 2579 719 2620 aeneus
752 2553 847 2619 libere
878 2553 1069 2640 reapuandi;
1092 2558 1233 2641 quamuis
1255 2567 1287 2620 et
1309 2555 1357 2620 ibi

236 2676 292 2717 noc
308 2654 568 2741 patriarcharum
591 2677 646 2718 meo
674 2664 865 2718 coeterorum
894 2653 1071 2716 autimitum
1094 2655 1233 2740 numiam
1255 2653 1294 2718 de
1318 2677 1356 2718 eo

237 2752 405 2837 quamlibet
419 2753 480 2838 fas
496 2751 601 2839 summi
611 2751 804 2839 proferendi
812 2752 1017 2833 seritemu'um,
1041 2751 1106 2814 nisi
1127 2751 1266 2840 ejusdem
1283 2753 1355 2838 pri·

236 2873 304 2914 moe
329 2848 413 2914 sedis
436 2850 597 2933 Pontificio
614 2851 839 2936 praecessisset
869 2847 1086 2934 amariter).
1133 2849 1355 2914 Animadver-

236 2947 373 3012 tendum
404 2959 466 3029 est,
499 2945 591 3012 hisce
614 2947 777 3012 Hadriani
803 2945 912 3010 verbis
937 2944 1026 3010 haud
1059 2945 1140 3024 dici,
1164 2946 1354 3012 Honorium
1447 2961 1448 2978 l

236 3047 347 3110 stricte
371 3055 408 3109 ut
429 3043 632 3110 haereticum
648 3043 842 3110 damnatum
857 3044 972 3124 fuisse;
992 3065 1032 3107 ac
1056 3055 1143 3108 certe
1168 3064 1234 3108 uon
1258 3043 1357 3110 aliter

236 3143 341 3208 voluit
363 3143 554 3208 Hadrianus
577 3142 715 3228 intelligi
739 3143 935 3207 sententiam
958 3152 1072 3206 contra
1086 3140 1272 3206 Honorium
1296 3142 1352 3206 da·
1446 3227 1447 3230 Ἴ

235 3251 303 3306 tam
311 3292 319 3324 ,
344 3243 407 3306 nisi
432 3263 484 3324 eo,
510 3262 573 3327 quo
598 3241 670 3326 ipsa
693 3241 837 3329 dejure,
861 3250 934 3326 post
965 3239 1246 3304 confirmationem
1270 3239 1356 3304 Leo·

235 3340 287 3403 nis
308 3339 344 3403 II
366 3339 576 3426 suscipienda
599 3348 678 3404 erat.
702 3337 876 3402 Praeterea
891 3359 969 3400 vero
983 3337 1138 3402 Pontifex
1163 3339 1273 3401 minus
1298 3360 1353 3424 pe-

234 3437 334 3501 ritum
358 3459 391 3501 se
418 3438 453 3501 in
484 3436 620 3500 historia
643 3435 903 3522 praedecessoris
934 3436 983 3499 sui
1008 3433 1168 3518 ostendit,
1193 3445 1294 3522 atque
1317 3438 1355 3500 iu
1445 3437 1446 3448 ’

234 3555 376 3600 errorem
393 3535 505 3622 lapsus
522 3543 571 3598 est
587 3534 666 3598 dum
686 3535 815 3616 asserit,
836 3535 870 3598 in
889 3533 1076 3597 damnando
1096 3533 1243 3597 Honorio
1261 3532 1354 3620 judi-

235 3633 322 3697 cium
344 3631 439 3696 Sedis
455 3629 666 3717 Apostolicae
689 3633 916 3718 praecessisse.
938 3629 1122 3696 Honorium
1152 3629 1310 3694 videlicet
1331 3653 1353 3694 a

233 3729 323 3796 nullo
346 3730 507 3796 Pontifice
540 3741 616 3795 ante
641 3729 826 3795 Concilium
861 3730 1111 3794 oecumenicum
1132 3726 1183 3792 VI
1216 3727 1353 3792 damua-

233 3839 303 3892 tum
333 3827 452 3910 fuisse,
486 3827 651 3912 colligitur
679 3837 750 3891 tum
780 3849 823 3891 ex
860 3827 988 3892 silentio
1026 3827 1241 3912 scriptorum,
1279 3833 1350 3889 tum

234 3945 276 3989 ex
306 3927 458 4010 positivis
498 3923 707 3990 documentis
748 3923 835 3988 illius
872 3926 1038 4010 temporis.
1091 3922 1155 3988 Sed
1192 3921 1353 4008 deceptus

232 4032 281 4087 cst
303 4021 495 4088 Hadrianus
519 4021 583 4086 illis
607 4021 734 4104 verbis,
752 4045 835 4110 quae
858 4022 1013 4106 leguntur
1036 4021 1070 4084 in
1082 4019 1198 4086 litteris
1222 4043 1241 4084 a
1266 4017 1352 4086 Con-

1443 4121 1444 4201 l

306 4234 325 4301 ι)
343 4231 447 4297 uuum,
466 4233 542 4288 vm.
562 4250 588 4302 p.
608 4236 686 4292 1090.
