2874 4812
234 483 287 535 374
519 481 558 536 De
576 481 728 536 Arioniamo
747 499 778 538 ao
796 484 829 537 da
847 484 927 538 Ocno.
947 483 1072 539 Nicaeno.
1414 315 1418 568 l

234 613 312 706 tere,
346 625 478 688 Patrem
511 634 544 689 et
578 625 699 690 Filium
732 629 767 690 in
800 626 925 691 divinia
957 627 1255 694 consubstantiales
1283 653 1351 694 esse
1417 574 1418 624 l

235 722 393 787 dicendos
416 721 471 808 (V.
496 721 656 787 Athanae.
682 723 734 788 De
759 723 839 808 Syn.
864 747 896 789 n.
921 723 988 809 45).

325 821 377 885 21.
403 820 442 883 2ο
469 817 660 886 Secundum
675 819 773 885 aliam
789 824 1030 906 expositionem
1054 825 1124 908 ipse
1149 823 1274 889 Paulus
1298 825 1350 889 Sa·

234 927 422 982 mosatenus
444 917 526 981 falso
551 939 648 981 sensu
672 918 902 1000 contendebat,
927 920 1059 984 Patrem
1083 931 1116 985 et
1131 920 1258 985 Filium
1282 943 1350 986 esse

235 1013 406 1098 dproaiatae
422 1035 480 1078 seu
502 1037 599 1078 anam
616 1039 796 1102 personam.
843 1016 954 1080 Potuit
976 1017 1132 1082 videlicet
1153 1017 1350 1099 haereticus,

235 1115 291 1200 qui
315 1113 489 1176 essentiam
513 1111 712 1196 singularem
742 1122 775 1177 et
804 1133 978 1198 personam
1001 1113 1214 1180 nullomodo
1239 1115 1352 1180 distin·
1419 1187 1420 1192 η

234 1209 367 1296 guebat,
392 1211 425 1274 in
458 1209 521 1274 hoa
553 1210 715 1274 vocabulo
748 1206 861 1273 οὐσίαν
893 1233 1022 1276 sumere
1054 1234 1113 1298 pro
1145 1233 1299 1298 persona,
1323 1221 1354 1275 et

235 1309 298 1372 hoc
330 1329 427 1372 sensu
460 1307 579 1389 dicere,
604 1308 752 1372 Verbum
784 1329 854 1372 ease
886 1309 958 1372 Deo
992 1306 1178 1391 (lanciator,
1213 1309 1352 1374 consub-

235 1405 432 1486 stantialem,
448 1403 604 1469 videlicet
626 1427 693 1470 non
713 1406 873 1490 distingui
887 1406 930 1470 ab
954 1409 1053 1471 unica
1076 1429 1219 1494 persona
1233 1408 1351 1488 Patris,
1420 1455 1421 1488 p

235 1503 293 1569 sed
316 1525 385 1566 ease
409 1504 439 1566 ei
463 1501 688 1568 inhaerentem
711 1506 883 1568 rationem.
917 1503 1114 1569 Samiariani
1139 1503 1196 1586 illi,
1223 1507 1282 1592 qui
1310 1527 1351 1568 ex

235 1624 294 1665 sua
324 1601 449 1684 synodo
474 1601 653 1686 Ancyrana
682 1624 769 1666 anuo
800 1602 865 1666 358
895 1602 1076 1666 scribentes
1105 1602 1148 1667 ad
1178 1604 1353 1686 episcopos

237 1700 590 1784 Sirmii'congregatos‚
615 1701 759 1786 primum
785 1701 985 1764 mentionem
1008 1700 1127 1763 fecisse
1141 1701 1356 1784 reperiuntur
1421 1716 1422 1786 l

237 1799 411 1862 damnatae
435 1799 527 1860 vocis
550 1794 730 1879 ὁμοούσιος,
746 1796 1000 1878 contendebant,
1024 1817 1141 1861 revera
1163 1796 1228 1860 hoc
1253 1817 1352 1860 seusu

235 1893 435 1958 vocabulum
459 1917 479 1957 a
501 1894 604 1958 Paulo
628 1894 841 1960 samosateno
865 1905 1070 1980 usurpatum,
1095 1903 1129 1957 et
1151 1893 1227 1958 ideo
1253 1917 1275 1958 a
1299 1895 1357 1957 Pa·

235 1993 341 2056 tribus
368 1993 525 2077 rejectum
559 1992 669 2057 fuisse.
716 1992 839 2057 Scribit
875 1991 1032 2055 videlicet
1064 1991 1097 2057 S.
1130 1989 1285 2055 Hilarius
1317 1991 1357 2054 de

236 2090 360 2175 Synod.
372 2111 403 2176 n.
418 2091 475 2154 81:
486 2088 628 2154 Secundo
645 2113 762 2175 qaoque
775 2089 812 2152 id
828 2089 1010 2167 addidistis,
1027 2089 1110 2174 qaod
1122 2091 1358 2174 patreanostri.
1422 2065 1423 2109 t

236 2211 329 2275 patara
352 2187 471 2252 Hiulca
489 2185 712 2252 Samosateaaa
734 2187 906 2250 haereticus
923 2189 1153 2271 pronuntiatae
1175 2197 1238 2264 est,
1265 2189 1359 2250 etiam

236 2287 435 2350 homoousion
457 2286 704 2370 repudiaverint,
721 2285 796 2370 qaia
805 2307 867 2370 per
881 2286 961 2348 hane
983 2286 1078 2348 anias
1100 2285 1258 2347 carentiae
1282 2307 1359 2348 aaa·

238 2385 435 2470 captationem
459 2383 636 2447 solitariam
660 2393 751 2468 atque
779 2383 904 2446 unicam
927 2382 989 2445 eibi
1011 2404 1076 2446 eree
1101 2383 1227 2445 Patrem
1254 2393 1287 2446 et
1312 2383 1358 2444 Fi·
1423 2414 1424 2456 3

238 2482 315 2545 liam
332 2480 553 2568 praedicabat.
601 2479 643 2542 Et
665 2481 719 2543 boo
743 2503 817 2544 eane
850 2503 933 2542 nanc
954 2501 1072 2564 qaoque
1090 2479 1359 2565 profaaiaaimam

240 2577 380 2640 Ecclesia
402 2580 602 2662 recognoscit,
627 2577 753 2640 Patrem
776 2587 805 2640 et
829 2576 945 2640 Etiam
976 2577 1012 2639 ia
1034 2578 1081 2640 tir
1103 2579 1266 2640 nominum
1286 2601 1360 2665 pra·

231 2673 429 2762 sessionibus
452 2675 496 2737 ad
517 2675 646 2738 unionis
669 2697 707 2738 aa
730 2673 903 2760 singularia
926 2673 1127 2738 setimdiaem
1149 2683 1271 2760 negata
1289 2697 1362 2760 per-

239 2793 387 2836 sonarum
406 2773 603 2858 proprietate
625 2793 770 2834 revocare
778 2770 810 2857 ¹).

103 2877 205 2976 *wll*
328 2870 380 2934 22.
405 2869 444 2932 ln
470 2891 570 2932 causa
591 2868 623 2934 S.
641 2868 795 2953 Dionysii
812 2867 1031 2932 Alexandrini
1056 2875 1263 2953 quantopere
1288 2889 1364 2930 airc-

150 2948 177 2976 m'
239 2969 353 3032 toritas
376 2967 516 3030 Romani
546 2966 716 3030 Pontificio
747 2965 855 3052 quoad
886 2987 938 3029 res
970 2965 1046 3030 lidei
1071 2965 1236 3043 enituerit,
1263 2985 1363 3028 nemo

240 3075 290 3128 est
319 3066 374 3149 qui
400 3085 466 3127 non
490 3063 612 3127 videat.
660 3064 754 3128 Haec
784 3064 961 3127 arroteritae
994 3085 1060 3127 non
1091 3063 1201 3125 minus
1230 3084 1253 3125 a
1286 3062 1364 3126 Dio·

241 3164 335 3246 nysio
369 3163 517 3226 Romano
551 3161 712 3240 adbibita,
746 3181 846 3246 quam
883 3183 903 3224 a
935 3160 1097 3244 Dionysio
1130 3158 1365 3224 Alexandrino

241 3260 354 3341 agnita
387 3268 444 3322 est.
478 3295 522 3306 -
554 3259 593 3322 ln
628 3281 728 3321 cauea
761 3257 854 3321 Pauli
879 3258 1084 3323 samosateni
1118 3257 1243 3342 pariter
1268 3259 1366 3320 istius

241 3359 402 3443 primatus
426 3357 550 3419 indicia
574 3365 760 3421 occurrunt.
799 3354 853 3418 Ad
877 3355 1063 3419 Romanum
1082 3354 1282 3418 Pontificem
1309 3357 1366 3417 iru-

143 3507 144 3510 ,
241 3455 358 3540 primis
391 3455 545 3536 dirigitur
569 3454 729 3538 synodica
754 3453 892 3537 epistola
921 3452 1052 3516 concilii
1077 3451 1300 3534 Antiocheni3
1336 3461 1366 3514 et

242 3553 312 3637 ipse
336 3550 535 3614 Aurelianus
564 3553 649 3636 Imp.
683 3551 764 3614 adeo
797 3550 883 3613 beno
916 3551 1019 3632 novit,
1044 3553 1130 3614 inter
1154 3549 1366 3614 Christianos

241 3649 381 3712 Romani
415 3649 585 3713 Pontificio
619 3669 688 3711 esee
722 3647 840 3710 Setiam
865 3648 1017 3731 primam,
1048 3657 1085 3710 ut
1108 3647 1297 3732 injudicio
1323 3647 1366 3710 fe-

242 3745 344 3809 rendo
369 3746 410 3810 de
434 3744 579 3829 legitimo
603 3744 758 3809 Praesule
775 3744 982 3808 Antiocheno
1006 3766 1047 3808 aa
1069 3743 1183 3829 regula
1207 3767 1289 3808 usus
1314 3747 1366 3824 sit,

243 3842 334 3906 illurn
358 3843 549 3907 habendum
574 3865 643 3907 esse
675 3843 859 3926 legitimum
882 3840 1077 3927 praesulem,
1102 3844 1155 3906 cui
1181 3843 1367 3906 commuui-

243 3939 340 4004 cabat
362 3937 517 4004 Pontifex
539 3939 719 4005 Romanus.

242 4093 454 4102 --a—-u-—n-—n

319 4169 337 4238 't
356 4169 388 4221 V.
408 4167 551 4222 Frauneliu
580 4167 596 4220 1.
625 4184 645 4222 r..
675 4167 730 4220 (ur.
750 4168 833 4220 etiarn
852 4168 988 4227 Newman.
1012 4169 1110 4221 Tracta
1128 4169 1294 4236 theologica!
1316 4177 1368 4220 otu

244 4265 268 4314 p.
288 4251 329 4300 to.
