2766 4836
230 471 266 522 09
479 468 519 522 De
538 465 684 522 Arianismi
702 467 769 522 tatis
786 483 819 522 ee
836 468 869 524 de
887 467 966 537 lepm
984 469 1094 524 Liberi'u

231 634 336 699 neque
360 611 401 676 de
424 633 463 676 ea
486 611 652 692 tacuisset,
676 631 778 698 quum
807 613 841 676 in
865 611 950 676 libro
978 613 1018 676 cle
1041 611 1178 698 Synodis
1199 615 1324 678 maxime
1366 575 1367 630 l

231 713 368 791 insistat,
383 708 644 774 conservandam
658 731 728 772 esse
742 707 831 774 illam
846 710 1021 774 formulam
1035 711 1224 776 Nicaenam.
1245 711 1324 774 Prae·

229 822 318 874 terea
337 809 408 893 jam
432 806 588 886 vidimus,
621 829 720 891 quam
744 806 848 871 multu
879 809 946 872 sint
978 809 1012 873 in
1039 811 1226 874 narratione
1246 809 1325 874 Sozo-
1367 830 1368 890 l

230 909 317 972 meni
357 927 494 970 erronea
524 914 622 990 atque
659 907 781 990 inepta.
833 905 943 969 Etiam
979 905 1213 992 subsequentes
1242 909 1324 992 scrip
1367 891 1368 910 ¹

228 1017 314 1069 tores
337 1003 468 1082 Graeci,
493 1003 539 1066 uti
564 1001 791 1066 Theodoretus
822 1013 856 1066 et
886 1005 1056 1088 posteriori
1080 1015 1226 1090 tempore
1247 1005 1325 1068 Nice

230 1103 351 1189 pharus
384 1099 548 1182 Callistus,
581 1099 754 1164 Soaomeni
788 1101 1009 1164 narrationem
1042 1100 1105 1166 hac
1138 1101 1180 1166 de
1211 1123 1244 1166 re
1274 1123 1324 1165 non
1368 1150 1369 1189 ,

229 1211 305 1266 sunt
328 1200 442 1264 secuti.
1368 1191 1369 1200 ’

318 1300 371 1362 84.
394 1295 569 1362 Probabile
593 1297 694 1379 igitur
725 1305 783 1376 est,
818 1295 989 1360 Liberium
1013 1293 1125 1360 Sirmii
1158 1295 1327 1360 nullatenus

228 1397 328 1460 fuisse
360 1394 492 1482 quando
519 1393 618 1476 legati
652 1392 783 1458 concilii
807 1393 977 1478 Ancyrani
1011 1415 1049 1458 eo
1077 1405 1258 1471 venerunt,
1284 1394 1328 1456 sed

228 1517 266 1558 eo
303 1504 449 1578 tempore
473 1492 545 1577 jam
574 1491 712 1555 Romam
741 1513 811 1556 esse
834 1513 1014 1558 reversum.
1043 1491 1199 1579 Plerique
1235 1502 1329 1556 autem

228 1594 402 1678 scriptores
425 1611 491 1655 non
506 1589 606 1653 aliam
620 1588 765 1672 allegant
784 1590 911 1652 remissi
928 1589 1052 1654 Liberii
1075 1613 1222 1670 caumm,
1246 1611 1329 1675 quam

228 1712 342 1776 preces
365 1699 399 1752 et
420 1685 534 1751 turbas
557 1687 780 1750 Romanorum
812 1687 956 1752 reditum
979 1687 1104 1752 Liberii
1130 1691 1231 1752 enixe
1254 1687 1330 1770 flagi-

229 1789 380 1852 tantium.
435 1785 533 1850 Forte
566 1785 665 1848 etiam
698 1783 862 1868 legatione
894 1783 1007 1872 aliqua
1038 1787 1133 1850 initio
1167 1788 1246 1851 anni
1277 1785 1332 1848 358
1370 1786 1371 1858 l

229 1888 336 1952 denuo
361 1883 523 1970 postulata
547 1906 606 1946 sua
636 1881 828 1947 Constantio
859 1883 1097 1967 significarunt.
1143 1883 1260 1970 Neque
1288 1883 1334 1944 hir.
1370 1875 1371 1898 ³

229 1985 318 2050 dicat
340 1983 468 2068 aliquis,
494 1980 672 2044 verisimile
696 2002 762 2044 non
786 2003 866 2061 esse,
896 1984 1068 2045 remissum
1092 1982 1196 2046 fuisse
1220 2005 1240 2046 a
1263 1979 1334 2043 Con-

228 2085 347 2147 stantio
371 2079 543 2144 Liberium
567 2089 743 2165 autequam
768 2081 975 2144 consentiret.
1006 2079 1092 2144 Nam
1116 2082 1277 2144 minorem
1298 2076 1334 2142 ob
1371 2106 1372 2182 q

228 2202 362 2246 causam
395 2189 509 2264 postea
540 2177 574 2242 S.
599 2177 747 2241 Hilarius
780 2177 823 2242 ad
856 2175 1027 2242 ecclesiam
1061 2199 1156 2241 suam
1189 2179 1335 2242 remissus

228 2289 286 2343 est.
333 2277 478 2361 Uterque
503 2278 536 2340 in
560 2275 698 2338 exilium
714 2275 832 2337 missus
856 2285 904 2338 est
927 2273 971 2338 ob
993 2287 1180 2340 recusatam
1196 2275 1230 2342 S.
1245 2273 1335 2340 Athe-

227 2377 312 2440 nasii
336 2374 654 2453 condemnationem,
679 2393 745 2437 non
760 2371 801 2436 ob
826 2372 1040 2436 detrectatum
1065 2373 1334 2460 subscriptionem

227 2473 366 2559 alicujus
389 2471 558 2536 formulae.
609 2471 735 2534 Fervor
757 2479 867 2534 autem
897 2469 954 2534 ille
977 2469 1180 2536 Amanomm
1213 2471 1336 2536 dumnu-

226 2573 349 2636 tionem
373 2570 408 2634 S,
422 2569 595 2633 Athanasii
621 2569 768 2634 omnium
792 2568 1031 2653 subscriptione
1055 2571 1189 2633 lirmare
1214 2571 1335 2654 cupien-

227 2673 319 2748 tium,
344 2668 476 2732 videtur
498 2669 676 2745 remisisse,
694 2677 866 2752 postquam
882 2666 936 2730 ille
960 2669 1048 2731 circa
1071 2667 1204 2732 Pascha
1226 2689 1257 2732 a.
1279 2664 1335 2730 eiu

228 2766 432 2830 Alexandria
457 2765 645 2850 profugerat
668 2775 701 2828 ct
723 2763 866 2828 latebras
889 2763 1053 2849 captabat.
1092 2765 1185 2830 Hinc
1210 2766 1335 2829 minime

227 2865 415 2929 mirandum
446 2873 503 2942 est,
529 2861 759 2926 Constantium
790 2861 957 2926 hominem
987 2863 1177 2927 versatilem
1210 2862 1335 2928 tandem

228 2965 432 3049 acquievisse
465 2960 619 3046 precibus
650 2961 872 3024 Romanorum
906 2971 938 3024 et
970 2962 1004 3026 iu
1036 2961 1183 3025 reditum
1218 2961 1335 3026 Liberii

228 3063 430 3126 consensisse
446 3059 469 3147 ).

80 3163 199 3214 ΝΜΟ
316 3161 367 3224 85.
393 3159 457 3222 Sed
482 3158 508 3220 si
532 3158 606 3242 quis
629 3158 795 3220 existimet
817 3157 999 3221 narrationi
1016 3155 1192 3221 Sozomeni
1218 3154 1335 3241 aliquid

57 3224 295 3326 inqili11¹li⁰b⁵ueri
320 3257 464 3338 subesse,
488 3255 660 3320 Liberium
684 3255 781 3319 simul
809 3277 884 3319 cnm
907 3254 1023 3340 legatis
1046 3253 1267 3318 orientalibus
1281 3253 1337 3314 Sir-

227 3361 283 3423 mii
316 3358 416 3421 fuisse
450 3365 482 3419 et
514 3353 640 3439 aliquid
664 3353 786 3436 negotii
818 3354 906 3418 iuter
935 3374 992 3416 eos
1022 3351 1137 3414 fuisse
1156 3361 1335 3436 peractum,

226 3456 316 3522 baud
340 3457 386 3519 ita
410 3451 546 3517 difficile
570 3461 618 3515 est
642 3451 863 3515 narrationem
895 3449 982 3514 illius
1006 3451 1153 3514 auctoris
1172 3451 1226 3514 sio
1248 3452 1337 3513 inter-

226 3555 345 3641 pretari
372 3564 408 3616 ut
431 3552 563 3614 veritati
596 3548 686 3614 haud
718 3548 902 3632 derogetur,
934 3547 1090 3612 Pontifici
1119 3557 1238 3612 men
1259 3544 1335 3610 nibil

226 3657 259 3718 in
284 3653 414 3737 eulpam
439 3652 523 3713 verti
545 3649 714 3733 possit—
729 3645 1071 3710 Animadvertendum
1096 3646 1204 3729 igitur
1224 3655 1283 3718 est,
1306 3644 1336 3706 iu

225 3751 446 3815 Samiarianos
487 3748 599 3811 Patres
631 3747 686 3830 qui
727 3743 826 3808 tidem
858 3743 1040 3808 Nicaenam
1072 3741 1336 3828 propugnabant.

226 3849 272 3911 uti
297 3845 354 3912 SS.
380 3844 580 3910 Athanasius
603 3854 636 3906 et
658 3841 816 3922 Hilarius,
841 3861 962 3925 magna
985 3841 1212 3905 moderatiene
1236 3851 1273 3904 et
1292 3861 1336 3902 ca·

226 3947 321 4010 ritate
354 3965 429 4008 usos
461 3963 540 4006 esse.
588 3941 742 4005 Vidimus
769 3939 841 4026 jam
874 3938 930 4002 illa
962 3938 994 4003 S.
1019 3939 1197 4003 Athanasii
1232 3935 1335 4024 quoad

226 4065 296 4107 eos:
329 4043 432 4106 Veluti
446 4040 663 4127 framearum
683 4037 846 4124 frutribus
876 4037 1094 4124 disceptamus,
1125 4045 1158 4098 at
1183 4057 1256 4100 cum
1277 4036 1337 4119 qui·

225 4177 435 4186 ———--——-

300 4246 322 4317 ¹)
340 4245 372 4300 V.
392 4243 516 4312 Stiltiug,
535 4243 553 4299 l.
572 4259 594 4298 u
612 4243 672 4314 §X
700 4259 726 4300 u.
749 4244 806 4298 181.
