2876 4814
236 456 290 509 218
573 455 614 510 De
632 454 719 523 Opere
737 453 1021 524 Philosophoumenon.

236 621 312 664 nem
326 598 467 683 fecisset,
491 600 634 686 indeque
657 621 782 665 novum
797 609 1027 686 argumentum
1053 610 1166 664 contra
1181 599 1358 666 Callistum

235 699 458 784 prompsisset.
483 737 524 746 —
549 699 790 763 Existimamus
819 701 929 784 igitur,
952 699 1117 763 Praxcam
1140 721 1212 764 esse
1235 697 1357 786 Epigo-

236 817 327 880 num,
360 818 426 861 non
460 819 538 861 vero
563 796 747 880 Callistum,¹
771 820 810 861 ac
835 797 914 862 dum
939 795 1067 862 Callisti
1091 796 1280 862 doctrinam
1306 821 1357 862 ex·

236 895 433 978 aminamus,
466 919 533 960 non
566 904 615 960 est
647 918 706 959 cur
738 896 781 960 ad
813 895 936 960 librum
963 895 1159 960 Tertulliani
1192 895 1357 961 adversus

236 994 399 1058 Praxeam
420 1017 638 1060 recurramus.

78 1100 179 1150 ouum
194 1100 220 1142 a
324 1091 378 1158 57.
402 1092 525 1156 Romae
548 1094 669 1178 itaque,
693 1095 742 1157 uti
765 1115 807 1157 ex
831 1092 929 1156 dictis
961 1091 1143 1177 colligitur,
1176 1115 1216 1157 ea
1249 1103 1359 1157 aetate

85 1161 211 1204 mausus
236 1190 389 1255 Ecclesia
422 1193 652 1256 controversiis
686 1201 719 1255 et
746 1191 920 1256 discordiis
951 1190 1141 1276 agitabatur
1164 1191 1205 1256 de
1228 1193 1358 1255 unitate

236 1288 301 1352 Dei
324 1288 546 1379 (monarchia),
570 1289 659 1354 etde
683 1289 779 1353 modo
803 1311 876 1354 eam
900 1289 1101 1353 conciliandi
1125 1309 1201 1352 cum
1224 1287 1360 1374 plurali·

236 1396 304 1451 tate
335 1408 570 1473 personarum3
603 1389 796 1473 praesertim
828 1387 990 1472 agebatur
1019 1387 1060 1451 de
1082 1387 1190 1451 Patris
1214 1409 1255 1451 ac
1280 1387 1359 1452 Filii

237 1495 353 1550 mutua
388 1484 545 1550 relatione
577 1509 617 1550 ac
655 1485 696 1550 de
727 1486 970 1550 Iucarnatione.
1025 1485 1174 1550 Maxima
1207 1483 1356 1550 fidelium

236 1606 313 1670 pars
350 1582 448 1647 valde
485 1583 625 1649 sollicita
658 1593 729 1648 erat
761 1583 802 1648 de
839 1585 965 1649 unitate
1002 1583 1118 1648 divina
1151 1581 1358 1648 vindicanda

237 1681 506 1768 (monardliani);
530 1682 564 1746 hi
597 1682 639 1747 ab
672 1682 872 1747 adversariis
904 1681 1157 1766 accusabantur,
1190 1682 1283 1769 quod
1315 1681 1357 1747 ad

236 1781 333 1846 Nocti
366 1802 490 1844 errores
523 1780 766 1864 dilaberentur,
800 1791 832 1845 et
863 1780 1088 1844 irridebantur
1119 1791 1157 1844 ut
1188 1780 1356 1867 simplices
1425 1774 1426 1855 Ξ

237 1889 269 1944 et
291 1881 326 1944 in
350 1879 448 1944 rebus
470 1878 663 1964 theologicis
687 1880 840 1966 imperiti.
869 1879 1026 1942 Vicissim
1051 1901 1130 1942 vero
1153 1881 1209 1944 isti
1232 1903 1253 1944 a
1277 1880 1357 1944 mul·

236 1975 378 2042 titudine
401 1977 634 2063 arguebantur,
659 1977 748 2065 quod
773 1979 807 2042 in
831 1976 1050 2066 ditheismum
1068 1977 1265 2042 inciderent.
1297 1978 1357 2042 Ra·
1425 1971 1426 2026 l

237 2075 422 2140 tionalistae
462 2078 660 2141 recentiores
698 2076 916 2158 contendunt,
955 2078 990 2139 in
1028 2075 1168 2141 ecclesia
1206 2076 1357 2141 Romane
1425 2095 1426 2142 t

237 2196 341 2260 usque
373 2172 417 2237 ad
448 2183 597 2260 tempora
621 2173 748 2239 Callisti
780 2196 897 2238 revera
929 2174 1153 2260 praevaluisse
1186 2197 1288 2240 sensu
1307 2175 1356 2261 ju·
1425 2179 1426 2244 l

238 2273 333 2338 (laico
358 2273 542 2337 doctrinam
575 2273 616 2337 de
640 2274 829 2338 Monarcbia
861 2273 1017 2352 absolata,
1040 2272 1266 2359 pluralitatem
1289 2295 1355 2359 per·
1425 2287 1426 2308 ³

237 2393 391 2436 sonarum
423 2379 456 2435 et
488 2371 697 2436 divinitatem
732 2369 854 2436 Christi
887 2370 1095 2453 excludente,
1128 2380 1229 2458 atque
1259 2374 1354 2436 etiam
1425 2369 1426 2438 ]

237 2469 296 2534 hos
317 2469 496 2534 Pontifices
519 2469 576 2533 tali
601 2471 700 2534 errori
725 2469 916 2552 inhaesisse,
940 2472 987 2533 ita
1010 2478 1047 2534 ut
1069 2491 1168 2533 sensu
1191 2469 1354 2555 Patripas-
1425 2471 1426 2476 ’

238 2571 405 2632 sianorum
428 2567 614 2632 doctrinam
637 2567 678 2631 dc
693 2566 887 2633 Monarchia
907 2567 1116 2654 Zephyrinus
1139 2569 1353 2653 proposuerit.

237 2667 309 2731 Imo
342 2664 527 2730 doctrinam
551 2665 676 2732 Justini
710 2674 743 2729 et
774 2665 902 2731 Irenaei
936 2665 977 2730 de
1005 2665 1219 2731 distinctione
1252 2665 1355 2729 Patris

238 2777 269 2829 ot
300 2764 403 2829 Verbi
435 2786 473 2828 eo
505 2774 653 2850 tempore
676 2763 801 2829 Romae
833 2765 935 2829 fuisse
967 2765 1196 2850 proscriptam,
1231 2773 1265 2826 et
1290 2764 1354 2848 ejus
1425 2807 1426 2818 .

238 2873 414 2928 sectatores
437 2859 782 2950 excommunicator).

326 2961 380 3026 58.
405 2961 541 3025 Falsum
587 2961 749 3046 imprimis
781 2971 848 3043 est,
891 2961 1021 3024 influxu
1057 2959 1194 3046 judaico
1232 2957 1353 3022 factum
1425 2963 1426 3034 ]

238 3083 318 3144 csse,
351 3069 388 3124 ut
419 3059 533 3125 fideles
565 3059 705 3123 Romani
739 3059 924 3124 doctrinam
957 3059 999 3123 de
1022 3055 1218 3124 Monarchia
1243 3054 1352 3120 sedulo
1425 3081 1426 3090 ¹

238 3169 416 3224 tuerentur.
462 3158 632 3222 Diseimus
664 3159 751 3221 enim
785 3181 805 3221 a
827 3156 1047 3241 Tertulliano,
1081 3155 1116 3220 id
1139 3153 1217 3219 inde
1242 3175 1352 3240 prove·
1425 3181 1426 3232 l

238 3260 334 3342 nisse,
368 3256 457 3344 quod
489 3255 750 3342 apolytheismo
784 3257 934 3320 conversi
958 3255 1048 3320 hune
1074 3251 1249 3340 gentilium
1274 3275 1352 3317 erru-
1425 3305 1426 3332 ἶ

238 3378 308 3421 rem
331 3355 544 3419 vehementer
566 3354 791 3420 formidarent.
834 3352 1001 3441 Simplices
1024 3356 1107 3420 enim
1130 3355 1257 3441 puiprpe,
1281 3351 1352 3415 scri·
1425 3351 1426 3356 ’

239 3456 297 3538 bit,
325 3477 364 3518 ne
397 3453 535 3518 dicerem
558 3453 772 3539 imprudentes
795 3465 825 3518 et
847 3453 978 3532 idiotae,
1010 3476 1088 3540 qaae
1112 3455 1215 3542 major
1238 3473 1353 3536 semper
1425 3477 1426 3540 3

240 3553 431 3617 credentium
448 3575 530 3638 pare
553 3561 609 3630 eat,
633 3553 781 3637 quoniam
801 3553 918 3638 etipsa
940 3551 1051 3638 rapula
1064 3551 1147 3636 fidei
1169 3573 1190 3614 a
1208 3547 1353 3637 pluribus
1425 3551 1426 3558 ’

240 3653 304 3716 ‹ltts
327 3649 446 3715 saeculi
469 3649 512 3714 ad
534 3651 660 3712 unicum
683 3660 713 3713 et
735 3649 838 3713 Deam
859 3673 965 3714 aarum
989 3648 1156 3736 transfert,
1180 3671 1244 3712 non
1267 3643 1352 3710 intel·
1425 3709 1426 3716 ,

240 3751 370 3837 ligantes
391 3749 517 3812 anirum
539 3747 663 3834 quidem
685 3747 740 3811 aed
763 3771 831 3812 eum
863 3771 922 3812 aaa
943 3749 1123 3812 oeconomia
1146 3768 1211 3810 esee
1234 3743 1353 3809 creden
1425 3783 1426 3804 2

239 3847 366 3934 dnm),
391 3855 600 3933 expavescunt
633 3845 677 3909 ad
700 3847 933 3910 oeconomicam.
992 3845 1166 3910 Numerum
1198 3856 1228 3910 et
1252 3844 1352 3930 diapo-

241 3948 385 4012 ritt'onem
414 3945 585 4023 trinitatis,
613 3943 798 4008 divisionem
820 3955 1030 4031 praesumant
1057 3945 1202 4022 unitatis,
1233 3941 1353 4030 quanm

326 4057 492 4164 stellarum,
512 4095 600 4151 Ueber
618 4095 661 4149 die
680 4095 821 4149 lttmische
839 4095 939 4149 Kirche
958 4111 982 4162 p.
1002 4097 1027 4147 5.
1046 4094 1145 4148 Zttrich
1165 4095 1242 4148 1857.

316 4178 337 4244 ¹)
356 4176 633 4232 Animadvertendum
651 4179 700 4240 cst,
720 4176 791 4244 apud
802 4175 1001 4231 Termllianum
1020 4175 1140 4242 aliosque
1158 4183 1353 4243 oppugnatores

242 4255 322 4313 Nocti
341 4271 406 4312 voce
423 4257 588 4312 acmoniae
601 4255 740 4326 designari
753 4255 953 4311 disnmtionem
962 4271 1145 4326 personarum
1163 4253 1197 4308 ab
1216 4253 1283 4324 ipsis
1299 4269 1354 4325 pro
