2936 4814
237 499 274 550 24
516 496 1080 564 Dshuurmsasaortusepmgm

238 645 446 711 laberrimam
458 649 610 710 exaravit
633 647 872 711 illustrissimus
895 650 949 711 vir
967 645 1100 710 Carolus
1111 647 1235 734 Hesele,
1251 669 1354 732 quon·

238 745 315 808 dam
339 747 374 808 in
398 745 622 809 Universitate
643 745 849 829 Thbingensi
872 747 1045 831 professor,
1070 745 1148 808 dein
1166 745 1354 831 Episcopus

238 843 541 926 Rottenhurgeusis,
565 845 625 928 qui
648 853 681 906 et
695 843 769 906 aliis
783 845 914 929 scriptis
926 843 1012 905 varii
1027 843 1158 926 generis
1180 841 1352 905 historiam

238 939 406 1004 Ecclesiae
420 940 607 1005 illustravit.
629 941 765 1025 Insigne
779 951 889 1004 autem
905 940 987 1004 illud
1006 941 1216 1024 ingentisque
1230 939 1354 1003 laboris

237 1059 319 1124 opus
351 1059 455 1122 usque
486 1037 529 1100 ad
561 1046 709 1122 tempora
742 1037 881 1103 Consilii
913 1037 1100 1101 Tridentini
1134 1037 1177 1101 ab
1210 1059 1248 1100 eo
1282 1059 1354 1123 per-

238 1135 373 1198 ductum
385 1145 442 1199 est.
453 1135 638 1198 -Praeter
647 1137 755 1221 ipsum
766 1147 876 1200 autem
887 1137 1180 1200 Eminentissimus
1194 1135 1355 1221 Joaeplsua

239 1233 475 1318 Herpourb'tlier,
498 1243 595 1296 autea
625 1235 660 1296 in
683 1235 907 1298 Universitate
935 1234 1206 1318 wirceburgensi
1230 1233 1354 1317 profes

237 1351 299 1410 sor,
330 1329 427 1392 modo
458 1351 535 1392 vero
564 1351 584 1392 a
612 1330 723 1395 Leone
753 1331 839 1394 XIII
873 1353 1001 1395 summo
1024 1332 1185 1396 Pontifice
1215 1331 1251 1393 in
1275 1327 1354 1393 Car-

236 1425 397 1489 dinalium
422 1425 595 1508 collegium
619 1437 799 1513 cooptatus,
820 1428 861 1492 de
885 1427 1062 1514 disciplina
1085 1439 1197 1493 nostra
1220 1430 1354 1511 egregie

236 1525 371 1586 meritus
393 1533 451 1588 est.
480 1524 694 1609 Amplissimo
718 1547 815 1611 opere
830 1528 858 1589 is
880 1529 1044 1590 historiam
1066 1527 1173 1590 litorii
1196 1535 1229 1588 et
1251 1523 1354 1590 schis-

236 1623 332 1684 matis
364 1621 532 1685 orientalis
564 1622 747 1708 descripsit,
781 1624 870 1708 quod
903 1645 986 1709 opus
1019 1622 1163 1687 dixerim
1197 1621 1354 1686 omnibus

235 1721 382 1782 numeris
404 1719 607 1802 absolutum3
632 1731 667 1783 ut
685 1720 869 1784 Ecclesiam
894 1731 1008 1785 contra
1031 1722 1252 1785 recentiorum
1276 1739 1353 1804 apo-

235 1827 392 1880 statarum
425 1817 568 1902 perfidos
600 1817 740 1881 insultus
770 1818 970 1900 defenderet,
1000 1819 1222 1882 eruditissimo
1253 1837 1353 1901 opere

235 1916 458 1998 quaestiones,
492 1916 637 1978 maxime
668 1917 856 1996 historicas,
887 1939 972 2001 quae
1004 1917 1144 1979 habitrim
1177 1913 1353 1977 Ecclesiam

234 2013 317 2074 inter
349 2023 378 2075 ot
410 2012 588 2074 societatem
620 2013 742 2076 ciuilem
768 2023 931 2098 spectant,
956 2014 1123 2099 praeclare
1146 2011 1351 2090 enucleavit3

234 2129 273 2172 oc
297 2119 427 2193 praeter
448 2107 513 2172 alia
536 2111 658 2194 scripta
681 2109 772 2173 hisce
796 2111 914 2175 diebus
937 2112 1042 2176 edidit
1064 2113 1228 2174 historiam
1247 2110 1351 2174 Eccle-

234 2207 299 2268 siae
324 2205 453 2270 duobus
476 2205 701 2270 voluminibus
716 2209 996 2293 comprehensam,
1019 2231 1158 2294 eamque
1181 2217 1251 2271 tum
1277 2229 1351 2271 cou-

234 2303 357 2366 cisione
385 2302 558 2384 dictionis,
584 2315 653 2368 tum
669 2308 764 2390 copia
779 2327 897 2388 rerum,
917 2317 987 2370 tum
1012 2307 1162 2370 doctrina
1174 2315 1352 2392 praestan·

233 2411 309 2465 tem.
334 2439 376 2447 —
401 2401 538 2464 Minoris
553 2401 648 2466 molis
664 2404 861 2489 compendia
873 2403 969 2468 valde
983 2404 1077 2468 utilia
1088 2405 1187 2467 etiam
1199 2405 1232 2466 in
1243 2402 1351 2466 lucem

232 2498 407 2562 ediderunt
430 2498 481 2562 his
511 2501 608 2564 annis
633 2502 789 2564 Hem-icus
817 2503 923 2566 Baua
949 2505 984 2566 in
1009 2501 1193 2568 Seminario
1213 2501 1351 2585 Moguu-

233 2597 311 2676 tiuo,
336 2605 369 2658 ct
391 2597 443 2660 Fr.
469 2597 547 2660 Xao.
573 2599 698 2661 Krousa
727 2600 762 2662 in
793 2599 1017 2664 Universitate
1041 2598 1256 2682 Friburgensi
1280 2619 1352 2684 pro-

232 2693 387 2774 fessores,
426 2694 480 2757 hic
510 2705 621 2758 tamen
650 2698 774 2780 passim
804 2697 1016 2782 opinionibus
1046 2698 1204 2779 inhaeret,
1229 2695 1352 2782 quibus

234 2791 322 2855 haud
346 2792 594 2856 assentiendum
619 2815 799 2858 censemus.

321 2891 373 2954 28.
399 2888 464 2954 Sed
488 2892 796 2955 commemorandae
810 2893 909 2955 otiam
924 2891 980 2955 hic
994 2893 1139 2954 maxime
1154 2899 1239 2972 sunt,
1264 2911 1351 2977 quae

232 2986 297 3050 dici
333 2987 438 3050 solent
470 2987 727 3073 Moaopraphiae.
774 2989 849 3052 Non
881 2989 979 3074 pauci
1013 2987 1169 3052 videlicet
1200 2997 1350 3052 auctores

233 3087 266 3147 in
290 3083 470 3148 Germanis
494 3107 531 3147 eo
555 3095 725 3149 verterunt
740 3086 849 3149 studia
865 3109 933 3167 sua,
949 3097 985 3149 ut
1004 3088 1091 3150 vitas
1115 3107 1172 3148 seu
1195 3084 1350 3148 historias

231 3181 447 3246 celebriorum
471 3183 628 3264 virorum,
652 3205 692 3245 ac
707 3193 854 3269 tempora
868 3183 989 3268 quibus
1004 3187 1170 3264 vixerunt,
1194 3191 1349 3248 accurato

230 3281 383 3343 examine
421 3281 568 3343 instituto
608 3281 841 3346 describerent.
900 3281 984 3344 Inde
1020 3281 1213 3367 prodierunt
1249 3301 1350 3365 opera

231 3376 431 3458 clarissima,
475 3379 522 3440 uti
563 3379 636 3441 Vita
660 3379 837 3442 iunocentii
874 3380 943 3457 III,
976 3400 1075 3464 quum
1108 3378 1213 3442 edidit
1239 3377 1350 3440 Ill-icle-

229 3476 314 3538 ricus
349 3475 487 3553 Hurter,
527 3476 601 3539 Vita
628 3473 775 3562 Greporii
804 3477 882 3554 VII,
911 3498 1011 3561 quam
1036 3485 1105 3540 tum
1135 3475 1244 3562 Voipt,
1277 3485 1350 3538 tum

234 3571 368 3660 (isrorer
401 3573 684 3658 conscripserunt,
726 3575 801 3638 Vita
838 3574 1021 3638 Alsaeaadri
1058 3575 1115 3637 III
1145 3592 1243 3658 quam
1281 3572 1350 3636 edi-

230 3670 430 3748 chiliastas,
458 3671 604 3734 Historia
629 3673 842 3734 Romanorum
866 3672 1051 3756 Pontificum
1074 3671 1193 3736 saoculi
1216 3669 1300 3733 XVI
1317 3681 1351 3733 et

230 3768 334 3846 XVII,
359 3789 458 3852 quam
484 3768 662 3853 leopoldus
686 3769 798 3832 Raalcc
827 3769 978 3850 confecit,
992 3769 1139 3832 Historia
1167 3766 1260 3831 Urbis
1283 3767 1348 3829 Ro-

228 3889 295 3927 mae
329 3888 427 3950 quam
462 3868 649 3950 nuperrime
681 3868 850 3943 lieamoot,
882 3877 914 3928 et
952 3866 1026 3929 Vita
1058 3865 1147 3928 Sicci
1189 3865 1220 3927 V
1246 3883 1348 3949 quam
1462 3869 1463 3884 ¹

232 3963 361 4027 licina·
384 3965 587 4048 conseripsit.
627 3963 775 4026 Fuerunt
798 3973 906 4026 autem
931 3963 1067 4048 quidam
1091 3983 1133 4024 ex
1157 3960 1349 4026 auctoribus

229 4059 292 4123 illis
317 4063 379 4124 viri
404 4071 631 4146 protestantes.
679 4060 744 4124 Sed
775 4081 876 4146 quum
907 4061 993 4122 vitas
1017 4061 1240 4124 Romanorum
1262 4059 1349 4123 Pon·

229 4157 354 4220 tilicum
370 4159 546 4222 sinceriore
563 4159 743 4222 intentione
751 4157 996 4242 perlustrarent,
1012 4158 1145 4239 accidit,
1161 4168 1197 4221 ut
1207 4159 1348 4243 aequius

228 4255 269 4318 ‹le
294 4257 333 4318 iis
357 4257 479 4320 ferrent
497 4257 673 4340 judicium,
699 4257 763 4319 imo
789 4265 824 4319 ut
846 4277 967 4338 magna
990 4255 1208 4319 admiratione
1233 4257 1267 4318 in
1290 4275 1348 4318 eos
