2806 4848
425 467 570 522 Concilium
589 468 763 524 Ariminense.
1113 475 1148 528 87

51 608 229 694 ambiguum
253 619 285 674 et
308 619 429 676 temere
443 633 463 675 a
476 610 631 676 Patribus
647 621 851 698 usurpatum,
875 636 982 700 neque
1006 639 1048 680 ex
1071 639 1147 681 auc-

50 711 167 772 lorimte
180 707 424 795 scripturarum
448 709 646 795 profectum,
671 710 732 774 sub
756 713 865 796 specie
888 712 989 778 falsae
1012 717 1148 780 rationis

49 805 197 888 abolebat,
220 829 263 872 ne
287 809 386 872 unius
418 829 494 872 cum
514 808 613 872 Patre
643 809 846 874 substantiae
870 809 976 874 Filius
1003 813 1147 878 credere·

48 916 102 967 tur.
144 903 272 970 Eadem
305 903 386 970 fides
415 904 555 970 similem
586 906 675 972 Patri
708 907 830 971 Filium
861 907 1035 975 fatebatur.
1081 910 1147 976 Sed

49 1004 172 1068 interius
204 1001 319 1068 aderat
351 1003 441 1068 fraus
473 1014 598 1090 parata,
632 1013 668 1070 ut
700 1015 784 1070 esset
816 1004 940 1088 similis,
974 1029 1040 1072 non
1064 1018 1148 1074 esset

46 1099 191 1185 aequalis.
246 1101 298 1165 Ita
339 1101 482 1166 dimissis
514 1101 630 1186 legetis
662 1103 829 1188 praefecto
866 1105 1077 1188 mandatum,
1111 1116 1148 1172 ut

46 1198 198 1280 synodum
222 1221 289 1264 nou
312 1208 388 1264 ante
409 1199 546 1283 laxaret,
571 1223 669 1286 quam
685 1204 889 1288 conscriptae
912 1203 990 1268 fidei
1014 1225 1146 1268 consen-

45 1299 98 1359 tire
120 1319 153 1362 ee
177 1319 292 1364 omnes
315 1297 614 1384 subscriptionibus
637 1299 826 1364 faterentur.
873 1300 923 1365 Ac
946 1303 973 1365 si
997 1303 1054 1386 qui
1077 1323 1146 1387 per-

45 1397 176 1460 tinacius
200 1396 407 1477 obsisterent,
432 1396 610 1462 dummodo
625 1399 653 1462 is
668 1419 824 1462 numerus
847 1401 933 1463 intra
957 1399 1146 1485 quindecim

44 1503 127 1576 esset,
151 1495 187 1560 in
212 1494 348 1559 exilium
373 1494 601 1579 pellerentur.“

124 1593 152 1658 7.
178 1591 267 1675 „Sed
289 1595 444 1677 regressis
467 1592 592 1678 legatis,
624 1592 701 1658 licet
728 1594 798 1656 vim
821 1595 946 1676 regiam
971 1594 1147 1679 deprecan·
1171 1636 1293 1678 pm„

43 1690 137 1773 tibus,
172 1700 293 1776 negata
323 1693 520 1756 communio.
577 1692 757 1756 Enimvero
788 1693 963 1776 compertis
987 1713 1070 1777 quae
1095 1693 1147 1756 de·
1200 1709 1271 1740 vem·

43 1799 121 1852 creta
144 1799 250 1870 erant,
275 1790 380 1876 major
401 1811 510 1854 rerum
535 1799 567 1854 et
590 1790 799 1854 consiliorum
823 1790 1044 1874 perturbati03
1069 1790 1146 1855 dein

43 1887 192 1971 paulatim
217 1887 365 1973 plerique
395 1897 580 1952 nostrorum
610 1891 731 1974 partim
763 1886 986 1952 imbecillitate
1010 1888 1145 1971 ingenii,

44 1987 152 2068 partim
176 1986 287 2050 taedio
312 1987 584 2072 peregrinationis
608 1989 707 2052 evicti
732 1985 851 2051 dedere
880 2008 914 2049 se
937 1985 1145 2068 adversariis,

40 2084 97 2171 jam
129 2095 206 2170 post
240 2083 382 2148 reditum
415 2083 597 2168 legatorum
631 2084 862 2170 superioribus,
900 2092 932 2148 et
963 2082 1145 2166 ecclesiam,

43 2184 150 2246 nostris
174 2182 254 2247 inde
278 2183 427 2264 detrusis,
453 2181 687 2265 obtinentibus,
711 2183 864 2268 factaque
888 2180 988 2245 semel
1011 2180 1146 2246 inclina-

42 2281 119 2344 tione
142 2282 329 2345 animorum
355 2282 548 2346 catervatim
571 2282 606 2346 in
635 2280 771 2346 alteram
794 2289 920 2366 partem
944 2301 1145 2362 concessum,

42 2379 137 2443 ‹ioneo
161 2379 205 2443 ad
230 2380 350 2463 viginti
375 2400 478 2464 usqne
493 2388 677 2444 nostrorum
692 2401 849 2443 numerus
873 2370 1065 2442 imminutus
1088 2388 1146 2444 est.

41 2475 97 2540 Sed
119 2476 155 2540 bi
181 2485 305 2562 quanto
329 2479 510 2564 pauciores,
535 2486 625 2542 tanto
649 2476 826 2542 validiores
849 2485 950 2541 erant.
991 2475 1147 2540 Constan-

42 2575 244 2660 tissimusque
276 2575 361 2638 inter
390 2596 445 2640 eos
476 2573 660 2640 habebatur
690 2585 800 2639 noster
822 2574 1009 2659 Faegadius
1032 2573 1147 2660 (Phoe-

43 2669 165 2760 badins)
190 2681 223 2736 et
238 2671 388 2737 Servatio
407 2673 617 2758 Tungrorum
641 2675 832 2759 episcopus3
861 2672 920 2736 bos
943 2673 1021 2757 quia
1048 2672 1147 2736 minis

43 2784 67 2830 ιι
86 2769 252 2836 terriculis
276 2793 342 2836 non
366 2779 539 2852 cesserant,
563 2771 693 2836 Taurus
717 2769 869 2858 precibus
892 2768 1092 2855 aggreditur,
1107 2792 1147 2833 ac

42 2865 222 2952 lacrymans
268 2867 466 2952 obtestatur,
503 2871 634 2934 mitiora
671 2871 719 2938 uli
752 2867 968 2933 consulerent.
1022 2865 1147 2931 Causas

43 2965 116 3030 intre
139 2989 244 3032 unam
261 2965 378 3031 urbem
398 2969 567 3053 episcopos
577 2967 649 3053 jam
669 2967 846 3053 septimum
870 2986 1014 3030 mensem
1038 2985 1145 3050 agere,

42 3063 154 3148 injuria
189 3064 308 3130 hiemis
340 3075 373 3129 et
403 3067 516 3151 inopia
539 3066 697 3130 confectis
728 3065 853 3130 nnllam
876 3085 967 3150 opem
990 3067 1146 3129 reversio·

43 3163 85 3226 nis
106 3163 197 3246 dari3
221 3165 296 3250 quis
320 3163 453 3228 tandem
478 3172 562 3228 esset
586 3161 718 3249 finis?¹)
755 3163 978 3249 Sequerentur
1001 3162 1146 3248 plurium

43 3263 235 3349 exemplum,
266 3264 496 3326 auctoritatem
526 3285 568 3326 ex
595 3283 731 3325 numero
755 3271 931 3327 sumerent.
977 3262 1022 3325 Et
1046 3264 1145 3325 enim-

44 3379 109 3424 vero
124 3361 317 3445 Foegndius
331 3370 482 3447 paratum
497 3382 531 3424 se
546 3358 645 3424 exilio
660 3369 758 3446 atque
773 3360 817 3425 ad
831 3382 927 3425 omne
948 3360 1146 3446 supplicium

106 3621 127 3690 ¹)
145 3619 191 3674 Ex
205 3619 255 3674 boc
269 3619 326 3673 loco
340 3623 424 3688 patet,
437 3620 582 3674 orientales
592 3619 734 3688 scriptores
748 3635 836 3672 rerum
855 3616 1059 3672 occidentalium
1077 3617 1146 3672 satis

44 3699 111 3754 rudes
129 3700 224 3755 fuisse.
272 3699 368 3753 Graeci
387 3701 484 3768 quippe
503 3699 623 3754 Socrates
642 3705 670 3752 et
688 3697 846 3753 Soaomenus
864 3699 984 3764 tradunt,
1003 3713 1062 3752 enm
1080 3698 1147 3751 Gon·

44 3781 151 3834 nntius
181 3779 312 3848 episeopis
340 3780 553 3834 Ariminensibus
580 3781 738 3847 respondere
765 3795 818 3834 non
840 3779 1008 3847 dignaretur,
1027 3777 1148 3846 singulos

44 3859 70 3912 ol
93 3877 155 3915 snas
184 3861 303 3930 ipsorum
331 3860 458 3916 civitates
485 3875 606 3916 reversos
633 3875 691 3915 esee
709 3860 791 3928 (Socr.
816 3860 853 3915 ll
873 3861 907 3911 29
927 3889 960 3898 -
979 3859 1080 3913 Sozom.
1098 3857 1147 3911 IV.

46 3940 88 4007 18).
106 3941 184 4008 Quod
202 3941 376 3996 salsissimum
394 3946 571 3996 commentum
589 3941 744 4009 plenissime
762 3945 790 3994 et
808 3945 934 3994 accurata
952 3939 1062 4007 sulpitii
1080 3939 1147 3992 rele-

44 4021 75 4072 tio
91 4023 225 4088 confutat,
245 4038 324 4089 quam
344 4022 376 4076 ab
395 4023 460 4090 ipsis
479 4022 525 4089 qui
544 4020 729 4076 interfuerunt
746 4019 910 4086 Aquitaniae
928 4021 1058 4090 episcopis
1076 4020 1147 4075 haud

45 4099 111 4157 dubie
122 4103 224 4159 bausit
261 4102 355 4172 Igitur
372 4119 425 4157 non
443 4103 490 4158 elii
509 4102 595 4170 quoad
608 4118 650 4156 res
662 4101 855 4165 huiusconcilii
874 4101 938 4155 fides
957 4101 1078 4155 habenda
1097 4107 1146 4158 est.

46 4180 195 4238 irraletur
215 4185 382 4249 Sozomenua
400 4183 469 4238 nibil
488 4183 557 4238 certi
575 4183 607 4238 de
624 4181 699 4236 exitu
718 4181 895 4235 Ariminensis
914 4181 1018 4236 concilii
1043 4199 1071 4236 se
1089 4199 1145 4251 pro·

46 4261 104 4317 ferro
121 4279 209 4333 posse.
