2876 4814
456 478 481 534 i„
501 479 628 548 Cypriani
646 485 791 537 oonrsrsio.
1129 483 1181 537 2⁹17

66 623 153 686 oilae
168 622 304 686 nanda
320 623 494 708 repoeuvit,
509 625 622 688 numm
641 626 677 689 in
694 626 819 690 mam
827 627 977 712 pretim
999 625 1180 711 confirmare

65 743 95 782 se
127 718 237 798 dubia,
263 731 377 806 patere
409 720 528 799 dano,
552 721 653 786 lusere
687 723 858 802 tenebrosa,
883 722 1076 810 facultatem
1103 723 1180 788 dore

64 816 150 901 qaod
158 819 252 903 prisce
266 815 399 902 aaran
418 817 596 897 ridebam
619 821 687 904 peri
697 839 793 905 posse
815 820 898 906 qnod
915 819 1107 906 impossibile
1120 840 1180 906 pa·

65 914 201 994 alm
211 925 247 978 ut
261 925 342 978 esset
354 936 520 1001 epitome
530 926 685 980 len-em
692 917 799 1002 subse
809 917 892 1003 qnod
901 919 996 1002 prins
1009 916 1182 981 carnaliter

65 1022 174 1074 smus
194 1010 322 1076 delictis
345 1011 513 1076 meinos
535 1014 660 1090 visera,
675 1014 739 1078 Dei
762 1035 827 1078 esse
850 1016 988 1099 coepisse
1011 1014 1094 1100 qaod
1109 1019 1182 1104 jam

65 1109 205 1192 Spiritus
238 1105 375 1172 &nome
407 1111 572 1174 animaret.
628 1109 791 1174 Eamdem
824 1133 867 1175 ex
898 1131 985 1176 nove
1018 1113 1180 1198 principio

65 1207 153 1268 ritae
175 1205 437 1290 supernaturalis
466 1208 738 1290 immutationem,
763 1209 864 1273 etimn
887 1209 936 1272 De
961 1207 1084 1272 Habitu
1113 1209 1180 1271 Vir-

62 1303 170 1387 qims
191 1325 220 1366 e.
249 1304 301 1385 13,
325 1303 358 1368 S.
383 1301 571 1389 Cyprianus
593 1303 659 1368 illis
689 1305 801 1370 verbis
824 1313 1074 1370 commemoret:
1111 1305 1180 1369 Om-

64 1421 116 1460 nes
138 1399 266 1484 quidem
288 1402 344 1486 qui
366 1401 410 1463 ud
432 1401 573 1465 diuinum
587 1401 748 1466 heaomm
765 1402 915 1489 baptismi
936 1404 1182 1489 sanctificatione

58 1497 269 1580 paveam,
299 1497 452 1562 bominem
480 1498 548 1562 illie
579 1510 711 1562 ueterem
740 1503 848 1587 pratia
879 1500 1002 1564 lavacri
1029 1501 1183 1564 soluturis

62 1605 236 1678 aponum,
261 1605 291 1657 et
314 1595 459 1659 innovati
480 1593 605 1681 Spiritu
628 1594 745 1661 &neta
775 1620 798 1661 a
819 1595 964 1662 sordibus
986 1599 1182 1684 contagionis

61 1690 212 1775 antiquae
228 1691 348 1755 Mota
370 1693 537 1757 nativitate
546 1704 738 1780 pnryantar.
769 1693 852 1758 Inde
875 1715 963 1774 vero,
988 1694 1076 1778 quod
1099 1695 1182 1781 ejus-

62 1786 152 1850 modi
177 1785 315 1872 plenam
339 1790 602 1854 immutationem
624 1793 846 1875 pergratiam
861 1790 925 1856 Dei
950 1800 982 1854 et
1005 1791 1103 1854 fidem
1120 1789 1182 1874 Oy·

61 1885 201 1967 prierius
238 1897 446 1971 perspectam
482 1886 619 1952 haberet
655 1897 688 1950 et
724 1887 810 1954 laeto
848 1890 941 1953 inse
969 1889 1181 1973 experiretur,

61 1981 162 2044 etiam
197 1985 372 2066 provenit,
405 1983 495 2069 quod
526 1993 593 2048 toto
627 1984 736 2049 sordis
759 1995 792 2050 et
823 1987 925 2050 animi
955 1987 1029 2049 nisu
1053 2007 1087 2048 se
1110 1985 1181 2048 Deo

61 2077 229 2164 oebusqne
253 2079 379 2144 divinis
401 2080 589 2164 devoveret,
617 2103 658 2146 ae
687 2082 810 2146 similes
833 2103 948 2148 sensus
971 2085 1005 2145 in
1029 2081 1183 2146 omnibus

63 2177 197 2260 scriptis
219 2175 254 2242 S.
279 2176 439 2263 Cypriani
463 2177 696 2265 redundent¹)

152 2282 207 2346 19.
235 2279 402 2348 Conversio
435 2283 467 2348 S.
505 2283 660 2370 (ἧῃήατιί
676 2339 684 2346 .
698 2283 858 2350 accidisse
889 2285 1022 2349 videtur
1054 2277 1090 2350 oi
1117 2284 1182 2348 245
1212 2350 1276 2380 som
1308 2349 1320 2378 0

65 2377 113 2440 rel
137 2381 224 2462 246,
263 2381 445 2468 eademque
468 2381 665 2447 Christianis
696 2379 1013 2465 Carthaginensibus
1046 2381 1088 2446 ob
1119 2383 1182 2445 viri

63 2473 262 2560 dignitatem
294 2489 328 2543 et
358 2481 585 2545 anctoritatem
609 2489 697 2544 uerte
720 2488 857 2543 eventus
883 2478 948 2543 fuit
969 2481 1183 2562 gravissimus

63 2585 93 2634 et
114 2577 338 2658 gratissimus.
384 2577 491 2642 Tanta
513 2577 608 2641 brevi
639 2575 727 2641 illius
749 2577 856 2640 virtus
887 2577 1015 2657 enituit,
1041 2587 1078 2639 ut
1095 2577 1182 2661 judi-

64 2672 112 2733 cio
123 2672 191 2736 Dei
216 2685 252 2736 et
275 2672 380 2758 plebis
403 2675 518 2739 lavore
541 2674 584 2740 ed
608 2673 756 2739 officium
779 2673 1036 2758 presbyteratus,
1061 2682 1093 2736 et
1116 2693 1181 2736 non

64 2769 108 2830 isa
131 2769 239 2834 multo
264 2781 348 2856 post,
372 2794 402 2836 a.
427 2771 509 2854 248,
534 2791 636 2857 quum
665 2770 760 2836 sedes
783 2779 927 2849 vaoaret,
951 2768 994 2833 ad
1017 2770 1183 2854 episcopa·

63 2879 113 2928 tus
134 2867 283 2951 gradum
308 2869 431 2934 inritus
463 2879 644 2954 raperetur.
692 2868 837 2948 Quidam
860 2878 971 2931 lamen
994 2869 1184 2930 restiterunt

63 2967 245 3046 quominus
268 2968 441 3052 episeopus
471 2967 580 3048 fieret3
611 2967 780 3052 praecipui
813 2965 905 3029 fuere
928 2965 1075 3049 quinque
1097 2985 1183 3049 pres-

65 3059 167 3143 byteri
197 3065 284 3128 inter
307 3085 388 3150 quos
417 3073 511 3130 erant
533 3064 682 3128 Nereius
705 3072 739 3127 et
761 3061 1007 3148 Fortunatus²)‚
1036 3083 1076 3126 aa
1099 3059 1184 3126 Feli·

136 3267 156 3332 ¹)
176 3265 343 3334 Hegsnsnn
371 3267 487 3321 indolem
514 3266 642 3321 eoelesiae
669 3265 814 3320 Africanae
833 3263 991 3317 describens.
1012 3262 1108 3316 merito
1126 3263 1182 3316 eni-

65 3345 221 3414 nsdrertit,
233 3346 315 3402 Atros
333 3363 381 3414 pro
399 3345 505 3400 ardenti
518 3361 568 3400 sue
578 3351 678 3400 ustura
686 3359 785 3412 magno
794 3342 897 3410 impetu
910 3359 938 3397 se
952 3351 1023 3396 totos
1031 3343 1074 3397 vel
1089 3343 1117 3396 in
1139 3342 1183 3395 bo·

64 3439 123 3478 uum
137 3427 182 3480 rel
199 3427 227 3479 in
249 3427 349 3481 malum
371 3426 466 3480 solitos
481 3425 564 3480 inisse
581 3429 694 3480 vertera
722 3424 812 3478 nnus
822 3429 947 3478 ommate
967 3429 1057 3476 tamen
1075 3421 1181 3476 scribit:

66 3503 295 3559 l'tristiantsmns
313 3511 444 3576 tunquam
459 3505 630 3574 principium
648 3505 718 3557 ottae
745 3519 828 3556 novur
846 3504 902 3566 fere
918 3503 997 3555 anim
1019 3503 1050 3554 in
1074 3503 1183 3555 ecclisia

68 3585 206 3648 Maeona
236 3585 446 3652 wnsipietotnr.
482 3585 533 3638 Die
560 3589 624 3638 rom.
652 3583 761 3647 Kirche,
780 3581 890 3636 Einleit.
919 3581 942 3632 S.
962 3583 987 3634 7.
1018 3612 1052 3621 -
1083 3581 1182 3636 Eadem

64 3665 140 3728 eoin,
159 3665 290 3731 meroris
309 3665 397 3720 minus
416 3679 530 3720 nervose
542 3669 572 3718 et
584 3663 742 3729 eloquenter
753 3662 898 3729 proposita.
918 3661 1000 3715 etiam
1019 3662 1182 3730 spetialius,

65 3745 102 3798 nti
121 3761 164 3814 sp.
185 3743 338 3808 Justinum,
366 3743 616 3812 auctoramenti
634 3742 803 3811 Diognslsm,
831 3741 980 3804 Irenaeum,
1000 3740 1182 3804 inveniuntur,

65 3839 285 3892 immotoque
303 3825 336 3879 de
354 3825 447 3892 grstia
464 3823 650 3878 sanctilleente
669 3821 817 3876 doctrinam
835 3821 997 3889 exprimunt.

136 3907 161 3976 ¹)
180 3907 214 3960 Il
235 3904 378 3972 oolligitnr
395 3919 428 3958 ex
441 3903 465 3957 S.
479 3902 607 3971 cypriani
626 3901 755 3970 epistolis
780 3901 869 3966 „Idem
888 3907 930 3954 est
942 3901 1070 3964 Norasne,
1089 3899 1183 3953 scribit

67 3985 155 4054 subi
176 4002 203 4040 n
223 3987 251 4038 2.
279 3983 326 4050 qni
344 3983 415 4051 apud
434 3997 482 4036 nos
499 3983 615 4050 primum
631 3981 779 4036 discordias
797 3980 947 4035 incendium
966 3979 1118 4042 seminarit,
1137 3979 1182 4044 qui

68 4065 191 4130 quosdam
211 4063 276 4119 istic
294 4079 329 4116 ex
347 4061 478 4116 tratribus
505 4061 539 4116 ab
566 4061 689 4130 episeopo
716 4059 883 4128 segregarit,
907 4059 953 4126 qui
973 4060 1000 4114 in
1020 4059 1079 4127 ipsa
1096 4075 1183 4127 perse-

68 4144 173 4200 cutione
192 4145 228 4200 sd
247 4142 410 4197 evertendas
433 4141 549 4196 fratrum
573 4147 677 4196 mentes
700 4139 756 4194 alia
774 4141 904 4207 quaedam
921 4139 1072 4208 persecutio
1091 4145 1184 4193 nostra

69 4224 126 4278 luit
164 4225 226 4294 lpse
255 4213 381 4288 est‚‘qui
401 4221 595 4276 Felieissimum
622 4219 769 4274 satellitem
797 4236 873 4274 suum
892 4219 1040 4284 (lumnam,
1059 4233 1108 4272 nee
1125 4234 1184 4286 per-
