2810 4846
238 471 292 526 228
625 468 665 521 Dc
683 467 800 522 Concilio
819 466 961 535 Ephesino.

240 622 272 677 et
295 612 465 696 posteriori
498 619 643 695 tempore
667 611 813 675 Verbum
847 631 923 674 oum
953 609 1016 674 hoe
1039 609 1172 675 homine
1198 609 1344 696 conjunc·

240 719 310 773 tum
334 710 443 774 fuisse.
489 708 558 772 Alii
582 729 660 772 vero
684 707 825 792 theologi
847 729 889 771 ex
912 709 993 794 ipsis
1015 707 1158 772 Nestorii
1183 707 1346 772 sententiis

241 816 273 870 et
305 807 401 870 Marii
436 807 627 870 Mercatoris
660 807 774 870 coaevi
799 807 966 892 scriptoris
989 807 1188 886 testimonio,
1215 805 1345 870 meliori.

241 914 277 968 nt
301 904 443 986 videtur,
462 904 548 988 jure,
573 903 740 988 colligunt,
769 904 957 968 Nestorium
990 903 1161 967 admisisse
1185 903 1346 968 hominem

240 1002 355 1067 Jesum
380 1001 457 1065 inde
480 1001 522 1065 ab
538 1001 631 1064 initio
652 1001 875 1086 conceptionis
898 1010 931 1066 et
954 1001 1149 1064 existentiae
1172 1022 1253 1065 suae
1276 1021 1344 1064 cum

241 1099 351 1164 Verbo
376 1098 490 1162 morali
516 1100 637 1162 unione
662 1099 874 1184 conjunctum
894 1099 1005 1163 fuisse.
1028 1098 1112 1162 Tota
1135 1107 1249 1162 autem
1272 1097 1347 1160 haec

241 1198 389 1283 quaestio
420 1217 487 1260 non
517 1205 567 1260 est
598 1197 709 1280 magni
734 1198 903 1261 momenti.
937 1196 1081 1260 'Etenim
1105 1195 1259 1282 capitalis
1280 1194 1348 1260 hae·

242 1296 322 1359 resis
345 1295 497 1374 Nestorii,
522 1295 570 1357 uti
595 1293 749 1374 diximus,
775 1295 809 1357 in
829 1315 866 1358 eo
891 1304 948 1376 est,
974 1293 1062 1380 quod
1086 1292 1127 1357 de
1149 1293 1245 1357 cwdo
1267 1295 1349 1356 naio-

241 1395 293 1456 nis
315 1391 463 1456 Verbum
488 1392 573 1455 inter
604 1401 636 1454 et
664 1390 845 1455 humanam
877 1401 1028 1457 naturam
1058 1393 1251 1476 turpissime
1273 1412 1339 1454 erra

243 1490 309 1572 vit3
348 1498 457 1552 utrum
488 1511 565 1552 vero
595 1488 752 1553 moralem
783 1488 872 1552 illam
896 1491 1052 1554 unionem
1076 1489 1255 1554 confictam
1279 1488 1351 1552 inde

243 1586 284 1650 ab
309 1588 403 1650 initio
427 1587 620 1650 existentiae
643 1585 765 1650 Christi
789 1587 932 1651 adfuisse
957 1587 1114 1668 statuerit,
1139 1610 1183 1650 an
1208 1609 1287 1651 vero
1309 1607 1352 1650 se

242 1685 321 1747 riori
344 1693 490 1768 tempore
513 1705 586 1747 eam
601 1684 762 1768 incepisse
782 1683 939 1764 docuerit,
954 1705 1022 1748 non
1045 1683 1185 1748 multum
1212 1687 1350 1762 interest,
1393 1717 1394 1782 p

244 1803 345 1868 quum
370 1783 404 1845 in
428 1791 565 1865 utreque
579 1783 742 1844 sententie
763 1780 907 1846 haeresis
921 1803 1049 1846 summa
1073 1781 1190 1846 ecdem
1214 1793 1352 1848 maneat.
1393 1795 1394 1874 t

331 1879 384 1944 52.
409 1877 601 1964 Opportune
625 1881 724 1942 etiam
742 1878 1031 1943 animadvertitur:
1058 1881 1091 1942 1⁰
1112 1877 1153 1944 In
1176 1889 1349 1964 systemate
1393 1879 1394 1968 l

243 1978 385 2042 Nestorii
409 1978 592 2040 necessario
616 1975 783 2040 hominem
814 1978 867 2040 oui
891 1975 1038 2040 Verbum
1072 1979 1261 2042 extrinseca
1284 2000 1351 2041 cou-

239 2077 412 2161 junctione
435 2074 537 2154 adest,
553 2076 705 2159 quamvis
721 2094 787 2138 non
808 2083 963 2160 tempore,
985 2085 1097 2138 tamen
1118 2077 1248 2140 ratim
1265 2077 1352 2162 prins

245 2173 420 2236 formatum
455 2180 487 2234 et
519 2171 701 2256 perfectum
737 2173 866 2256 concipi
901 2171 1032 2252 debere,
1065 2193 1165 2258 quam
1200 2177 1350 2238 unionem

245 2271 436 2335 Verbinum
460 2271 541 2355 ipso.
566 2269 610 2332 Et
633 2271 680 2332 sic
696 2269 762 2334 dici
786 2279 893 2354 potest
907 2269 1077 2334 Nestorius
1100 2269 1264 2352 docuisse,
1281 2271 1346 2334 Ver-

245 2369 325 2434 bum
348 2368 473 2432 homini
498 2367 641 2452 perfecto
666 2365 855 2430 et'formato
872 2367 971 2432 fuisse
995 2368 1134 2432 unitum.
1159 2405 1205 2416 -—
1229 2369 1269 2432 2⁰
1291 2369 1351 2432 llo·
1393 2375 1394 2428 i

245 2464 322 2530 ralis
354 2465 410 2530 illa
442 2466 630 2550 conjunctio
664 2487 722 2550 per
756 2460 1034 2528 inhabitationem
1068 2473 1100 2528 et
1132 2469 1347 2551 operationem
1393 2487 1394 2528 t

246 2565 368 2648 gradus
391 2563 537 2626 admittit
561 2571 594 2626 et
616 2571 792 2646 augmenta
815 2561 1034 2646 perfectionis.
1080 2561 1152 2626 Etsi
1177 2565 1279 2647 igitur
1296 2563 1348 2626 Ne-

244 2664 361 2728 storius
394 2660 551 2742 docuerit,
584 2659 661 2724 inde
695 2659 737 2723 ab
772 2660 866 2724 initio
899 2661 1092 2724 existentiae
1116 2661 1267 2726 Verbum
1300 2661 1347 2724 bo·
1393 2683 1394 2734 3

245 2761 327 2824 mini
351 2759 373 2824 J
376 2781 432 2822 esu
456 2758 601 2822 adfuisse
625 2768 661 2821 ut
684 2757 952 2838 sanctificaretur,
983 2757 1152 2842 fastigium
1177 2769 1287 2823 tamen
1309 2759 1349 2820 in·
1393 2753 1394 2832 ζ

245 2857 459 2921 habitationis
483 2865 515 2918 et
538 2855 806 2918 sanctificationis
836 2856 1007 2940 posteriori
1030 2857 1171 2941 tempori
1194 2856 1348 2922 adscribe
1393 2899 1394 2918 r

247 2955 313 3035 bat,
338 2955 384 3018 ita
407 2961 443 3016 ut
465 2962 535 3016 tum
560 2953 692 3016 demum
716 2952 811 3038 plene
834 2963 867 3016 et
894 2953 1036 3039 perfecte
1060 2953 1208 3018 Verbum
1233 2953 1348 3020 homini

248 3053 479 3138 conjunctione
503 3049 617 3114 morali
638 3051 767 3114 unitum
787 3050 894 3115 fuerit.
918 3087 961 3098 -—
986 3049 1079 3130 Quae
1103 3053 1130 3114 si
1154 3061 1234 3137 prae
1256 3049 1349 3116 oculis
1393 3067 1394 3120 ι

248 3150 420 3230 habentur,
444 3148 541 3212 facile
556 3148 764 3233 explicantur
780 3147 869 3210 diota
888 3150 1097 3233 antiquorum
1122 3151 1178 3234 qui
1202 3149 1347 3224 referunt,
1393 3177 1394 3182 ¹

248 3249 434 3312 Nestorium
465 3248 617 3326 tenuisse,
642 3243 789 3310 Verbum
818 3246 942 3310 homini
974 3245 1055 3310 Jesu
1078 3245 1224 3331 perfecto
1246 3255 1348 3332 postea

244 3348 398 3433 junctum
422 3346 521 3408 fuisse
530 3341 563 3430 ¹).

103 3461 224 3504 recens·
338 3445 391 3510 53.
415 3443 508 3507 Haec
531 3443 632 3526 igitur
655 3453 703 3506 cst
723 3441 866 3506 haeresis
880 3441 1031 3520 Nestorii,
1056 3442 1154 3504 sicuti
1178 3441 1288 3506 eadem
1311 3459 1346 3498 ex

79 3523 135 3566 “¹¹¹⁰
146 3523 240 3625 ‘prun
250 3541 320 3627 ejus
353 3540 556 3604 sermonibus
590 3550 622 3604 et
654 3541 760 3604 effatis
792 3549 891 3624 atque
923 3559 965 3602 ex
996 3539 1192 3603 testimoniis
1223 3537 1346 3602 Patrum

250 3638 337 3703 clare
361 3637 532 3722 colligitur.
578 3635 800 3702 Nihilominus
830 3635 923 3700 multi
956 3647 1105 3701 auctores
1134 3643 1345 3721 protestantes

250 3759 278 3802 e.
302 3760 332 3822 g.
357 3738 516 3820 Basnage‚
540 3735 711 3815 Mosheim‚
736 3733 892 3816 (Nesciet,
917 3733 1105 3814 Schrttcbk,
1130 3732 1346 3818 praetendunt.
1393 3725 1394 3728 ’

250 3845 352 3900 totam
376 3835 631 3898 controversiam
655 3833 882 3896 Nestorianam
905 3831 948 3896 ad
970 3831 1211 3916 logomachiam
1231 3828 1346 3896 reduci.
1393 3863 1394 3874 κ

249 3933 437 3996 Nestorium
461 3930 617 3994 videlicet
639 3931 682 3996 ed
704 3931 750 3994 rei
784 3940 884 4015 caput
913 3929 1001 4014 qnod
1025 3939 1152 4016 spectat
1174 3927 1348 3994 nullatenus
1393 3919 1394 3940 ¹

252 4031 442 4094 dissensisse
465 4051 485 4092 a
509 4029 658 4092 doctrina
681 4027 873 4108 orthodoxa,
906 4027 1042 4112 ejusque
1066 4027 1246 4092 doctrinam
1266 4042 1345 4086 eam·
1393 4013 1394 4046 r

256 4168 413 4176 ———-.--.—--
430 4167 461 4174 —-

327 4243 346 4309 ¹)
365 4237 434 4295 Vide
451 4239 517 4294 haec
534 4240 563 4295 in
582 4244 702 4294 tractatu
721 4243 812 4294 nostro
830 4239 863 4292 dc
881 4237 969 4292 Verbo
986 4238 1136 4304 incarnato,
1155 4253 1198 4292 nn.
1218 4237 1271 4291 10⁷.
1289 4233 1344 4284 lou
1393 4207 1394 4272 ᾗ
