2874 4812
238 506 291 562 848
675 504 716 559 De
733 503 759 559 8.
778 503 920 574 Cypriane.

240 649 461 715 awcaadoacm
483 648 571 712 Petri
598 657 700 712 tenere
728 648 890 713 watendit
917 669 1011 735 suaper
1038 671 1127 734 quem
1140 649 1361 736 fimdcmeatc

240 748 398 812 Ecclesiae
422 746 576 812 collocata
599 756 688 826 sumt,
720 746 837 810 multas
869 745 953 810 alias
971 756 1083 832 petras
1105 747 1240 811 inducat
1263 757 1295 811 et
1318 771 1361 812 ec·

240 847 406 912 clesicrum
428 845 598 910 multarum
619 867 702 908 noea
725 843 872 928 cedqicic
901 845 1081 922 cantitant,
1105 843 1179 908 dum
1202 867 1271 908 csse
1295 844 1362 908 illic

240 945 397 1031 baptisato
419 965 478 1007 scu
501 943 688 1006 crebritate
712 941 856 1028 defendit
883 941 930 1030 (n.
957 940 1021 1028 13).
1067 940 1166 1006 Nulla
1189 939 1286 1006 hisce
1309 963 1360 1005 ne

239 1043 328 1128 gatio
352 1043 513 1128 primatus
536 1040 733 1105 continetur.

72 1149 230 1191 recreantu-
328 1136 749 1206 lachanodraconem
779 1147 829 1203 est
851 1141 899 1219 3⁰,
930 1137 1091 1224 Stephani
1118 1137 1293 1202 decremm
1317 1136 1361 1202 di·

72 1212 105 1252 m
125 1209 147 1252 θ’
163 1209 328 1302 Sodi''recte
351 1247 384 1302 et
407 1235 562 1322 explicite
586 1235 700 1300 datum
723 1235 824 1301 fuisse
843 1235 953 1300 'relate
976 1236 1019 1301 ad
1037 1235 1172 1322 praxim
1194 1244 1228 1298 et
1253 1233 1360 1299 obser

240 1336 409 1399 vationem
432 1335 588 1419 antiquae
620 1334 868 1398 consuetudinis
900 1355 967 1398 non
995 1330 1225 1418 rebaptizandi
1251 1331 1361 1396 haere

241 1435 322 1497 ticos
347 1453 538 1514 conversos3
563 1432 610 1494 ita
633 1432 732 1495 etiam
766 1429 809 1496 ab
839 1433 984 1518 antiquis
1007 1432 1165 1516 rescripta
1188 1429 1361 1494 Pontificis

242 1530 448 1596 considerata
480 1538 566 1610 sunt,
602 1529 648 1590 uti
682 1526 736 1592 vel
768 1549 810 1592 ex
842 1530 923 1616 ipsis
956 1529 1067 1593 verbis
1099 1527 1237 1593 Eusebii
1275 1539 1361 1613 patet

242 1627 300 1714 (H.
323 1628 363 1694 E.
388 1627 464 1692 VH.
488 1625 534 1713 3).
580 1626 695 1712 Neque
729 1625 770 1690 ob
804 1627 999 1710 doctrinam,
1033 1627 1090 1692 sed
1115 1626 1203 1713 quod
1225 1627 1361 1712 praxim
1423 1651 1424 1658 ¹

241 1724 425 1792 Romanam
449 1746 491 1788 ex
514 1722 690 1788 traditione
714 1732 904 1788 manantem
918 1733 1091 1810 acceptare
1114 1733 1311 1789 recusarent
1333 1733 1362 1788 et

243 1823 276 1886 in
309 1821 415 1887 abusu
448 1842 505 1885 suo
538 1822 760 1906 persisterent,
795 1821 930 1886 Asianis
963 1833 995 1887 et
1018 1821 1109 1887 Afris
1132 1822 1283 1886 minatus
1316 1831 1361 1884 est

242 1919 429 2006 Stephanus
461 1920 702 1983 communionis
726 1921 989 2006 suspensionem,
1018 1922 1065 1984 uti
1091 1920 1263 2007 quondam
1288 1920 1362 1983 Vio·
1424 1992 1425 2019 ¹

243 2028 292 2082 tor
315 2017 357 2082 ob
381 2018 546 2082 diversam
571 2015 826 2081 celebrationem
849 2017 1021 2084 Paschatis
1046 2017 1213 2102 Polycrati
1238 2017 1362 2081 similia
1424 2033 1425 2038 ’

243 2117 428 2180 intentavit.
454 2112 642 2201 Cyprianus
665 2125 776 2179 autem
799 2123 832 2178 et
856 2114 1070 2180 Firmilianus
1093 2113 1272 2179 manifeste
1296 2114 1361 2180 Sta

241 2213 343 2298 phani
368 2213 536 2278 decretum
560 2221 703 2276 tractant
735 2222 773 2276 ut
804 2221 1017 2299 pracceptum
1050 2211 1153 2277 latum
1177 2213 1214 2276 in
1238 2234 1277 2276 re
1302 2211 1360 2276 dis·

242 2310 393 2396 ciplinari
426 2319 459 2374 et
491 2309 600 2396 quoad
627 2308 947 2374 administrationem
981 2310 1192 2390 dioecesium,
1226 2311 1265 2374 in
1299 2331 1360 2395 qua

243 2407 467 2473 diversitatem
499 2407 615 2476 adesse
647 2428 742 2494 posse
771 2407 985 2491 contendunt,
1019 2417 1051 2472 et
1073 2407 1264 2472 libertatem
1289 2407 1359 2484 sibi,

243 2508 395 2592 quamvis
433 2507 605 2588 immerito,
643 2505 827 2570 vindicant.
883 2504 996 2585 Quum
1028 2505 1229 2571 adversariis
1262 2507 1359 2570 etiam

242 2602 426 2668 concedant
447 2602 632 2668 libertatem
657 2601 816 2689 sequendi
840 2625 937 2667 nsum
958 2625 1065 2684 suum,
1090 2603 1168 2667 inde
1182 2601 1359 2688 colligitur,

242 2723 297 2766 eos
319 2710 413 2765 aestu
436 2701 649 2766 discussionis
672 2710 706 2764 et
724 2701 996 2786 inconsequentia
1010 2701 1154 2787 quadam
1178 2701 1215 2764 in
1240 2699 1361 2764 talibus

243 2798 374 2864 casibus
402 2797 491 2862 haud
514 2818 588 2862 raro
612 2797 825 2881 obveniente,
858 2799 1055 2883 gravitatem
1078 2801 1126 2864 rei
1150 2797 1264 2885 quoad
1289 2797 1358 2861 doc·

243 2899 363 2961 trinam
387 2917 453 2961 non
476 2894 573 2981 plane
596 2897 811 2981 perspexisse,
836 2905 869 2960 et
891 2894 1085 2980 neglexisse.
1111 2933 1153 2944 -
1176 2895 1316 2961 Etenim
1329 2894 1359 2958 S.

244 2993 431 3080 Cyprianus
454 2992 637 3059 secundum
661 2994 826 3079 principia
849 3015 909 3058 sua
933 2993 975 3058 de
998 2995 1125 3058 unitate
1147 2993 1227 3058 fidei
1252 3006 1360 3057 neces-

243 3094 337 3175 saria,
361 3093 451 3157 haud
474 3091 635 3177 potuisset
665 3091 840 3156 admittere
863 3090 1120 3178 discrepantiam
1151 3091 1185 3154 in
1209 3088 1361 3155 doctrina

242 3191 326 3255 tanti
349 3190 517 3254 momenti.

331 3287 384 3352 99.
409 3286 444 3352 Si
468 3286 571 3351 verba
593 3285 754 3372 Stephani
777 3286 814 3350 4θ
845 3308 904 3371 per
935 3309 970 3352 se
1003 3295 1202 3374 spectantur,
1238 3283 1361 3348 directe

244 3407 309 3451 non
333 3385 495 3451 definiunt
517 3385 743 3471 quaestionem
757 3384 858 3468 fldei3
882 3384 940 3448 sed
964 3384 1133 3449 decretum
1148 3381 1360 3468 disciplinam

243 3484 397 3548 Pontifex
429 3483 546 3565 emisit,
580 3483 661 3567 quin
685 3491 797 3546 tamen
829 3483 937 3568 ipsam
960 3481 1001 3546 de
1024 3481 1174 3546 ministro
1204 3479 1359 3566 baptismi

244 3582 438 3662 doctrinam,
463 3582 516 3644 eui
542 3578 760 3644 saluberrima
769 3599 835 3644 non
859 3577 1087 3665 rebaptizandi
1104 3577 1310 3645 consuetudo
1324 3599 1361 3640 ac

244 3679 385 3760 traditio,
419 3678 592 3764 ipsumque
615 3688 828 3763 praeceptum
853 3677 1066 3760 initebantur,
1100 3676 1222 3741 directe
1253 3685 1287 3740 et
1309 3697 1361 3740 ex·

243 3776 354 3862 plicita
378 3775 539 3841 definiret.
586 3775 659 3839 Hoc
692 3797 789 3839 sensu
812 3775 928 3838 merito
961 3774 1028 3839 dici
1062 3783 1177 3859 potest,
1210 3782 1358 3837 exortam

244 3875 501 3939 controversiam
517 3894 584 3938 non
608 3872 731 3937 dicrete
754 3881 787 3936 et
809 3871 1000 3936 immediate
1024 3869 1065 3934 de
1088 3870 1164 3953 fide,
1186 3869 1245 3934 sed
1266 3871 1359 3936 disci-

243 3969 562 4058 plinaremfuisee1).
581 3970 725 4036 Proinde
742 3971 841 4035 etiam
857 3969 958 4033 asseri
972 3970 1097 4055 nequit,
1109 3966 1317 4054 Cyprianum
1331 3977 1360 4030 et

245 4068 476 4134 Firmilianum
492 4089 700 4155 oppugnasse
715 4067 928 4132 inerrantium
943 4065 1039 4131 Sedis
1053 4065 1275 4151 Apostolicae.
1298 4065 1358 4130 De·

320 4280 340 4348 ¹)
359 4277 414 4334 Olr.
426 4277 578 4345 Franaelin,
587 4277 804 4346 De'l'raditione,
817 4277 855 4334 th
867 4277 945 4335 vm
955 4277 992 4346 11,
1005 4279 1037 4330 ‘2⁰
1048 4281 1123 4332 nota
1136 4275 1221 4349 (nuit
1236 4278 1265 4331 1·
1271 4291 1298 4346 p.
1307 4275 1358 4344 69.)
