2836 4804
237 443 290 498 356
647 443 685 497 De
704 443 791 498 tribus
810 442 954 510 Capitulis.

235 590 304 672 pati
327 597 400 651 ante
424 588 530 652 omnio
553 588 768 674 compendioso
802 589 938 675 confessi
962 611 1066 652 summ
1079 588 1179 672 fidam
1202 589 1289 654 illam
1311 601 1345 653 te·

236 709 320 764 nere,
351 709 444 771 qaam
476 687 518 750 D.
549 686 594 750 N.
627 685 661 750 J.
691 683 723 750 G.
753 708 846 750 oetas
867 687 956 750 Dens
990 686 1127 750 tradidit
1148 690 1267 752 sanctis
1288 689 1348 751 sais

236 781 415 869 Apostolis‚
441 795 471 847 et
494 805 557 870 per
589 805 639 847 eos
663 785 781 848 caecas
805 783 950 848 ecclesiis.
985 821 1029 832 -—
1052 784 1236 870 Exponunt
1257 785 1345 848 fidem

235 880 469 966 Apostolorum
505 891 537 944 et
572 890 713 968 quatuor
748 879 983 964 Consiliorum,
1019 903 1058 946 ao
1094 882 1173 946 dein
1199 905 1233 946 se
1256 893 1346 946 nans·
1407 929 1408 934 η

234 1000 363 1063 gressus
394 979 510 1044 dieunt
541 979 584 1044 ad
614 1001 755 1044 examen
787 981 887 1043 trium
918 977 1156 1064 Capitulorum.
1205 980 1349 1045 Pluribus

236 1079 337 1142 etiam
361 1076 548 1159 ostendunt,
580 1086 726 1140 mortuos
755 1098 886 1162 quoque
910 1077 1060 1142 damnari
1087 1087 1118 1140 et
1142 1078 1346 1142 anathemati·
1407 1119 1408 1124 κ

236 1176 303 1239 nari
327 1195 433 1260 posse,
467 1195 506 1238 ae
538 1184 702 1259 postremo
738 1178 935 1240 sententiam
959 1175 1130 1260 proferunt
1153 1175 1208 1239 his
1231 1177 1347 1240 verbis:

240 1273 488 1338 Condemnamns
512 1283 615 1336 autem
648 1284 678 1336 et
700 1274 1001 1336 anathematizamus
1028 1297 1096 1336 cam
1120 1274 1262 1338 omnihus
1283 1274 1349 1336 aliis
1407 1299 1408 1316 ²

236 1371 411 1449 haereticis,
436 1373 490 1456 qui
501 1371 700 1434 condemnati
713 1381 743 1434 ct
764 1371 1024 1434 catathematicati
1046 1382 1118 1434 attat
1142 1395 1163 1434 a
1182 1373 1350 1458 praedictis

237 1481 371 1556 quatuor
389 1467 540 1532 Conciliis
563 1479 593 1532 et
616 1491 636 1530 a
660 1479 771 1532 sancta
787 1468 942 1532 catholica
966 1480 996 1533 et
1016 1468 1193 1586 apostolica
1209 1471 1350 1546 Ecclesia

239 1579 268 1632 et
294 1567 488 1630 ilesodorum
511 1566 565 1652 qui
588 1568 802 1680 mopsuestiae
829 1568 992 1653 episcopus
1008 1568 1092 1652 fuit,
1116 1578 1146 1630 et
1171 1570 1271 1654 impio
1293 1573 1408 1660 ejus

244 1667 435 1751 conscripta:
459 1676 488 1728 et
511 1687 589 1750 puae
612 1666 706 1751 impie
726 1665 934 1728 Theodoram
955 1666 1141 1750 emneripsit
1164 1679 1276 1730 cartha
1296 1689 1349 1728 rec·
1407 1681 1408 1744 ζ

170 1745 181 1762 ”
245 1775 309 1828 tom
322 1764 474 1846 fldemet
496 1774 605 1828 contm
621 1763 783 1826 duodecim
803 1763 947 1848 capitula
970 1765 1073 1826 sancti
1090 1761 1216 1849 Cynthi
1241 1776 1269 1827 et
1290 1787 1352 1826 cmi·
1407 1795 1408 1830 i

237 1873 287 1926 tra
310 1862 501 1948 thesinam
528 1862 667 1946 primam
700 1858 876 1946 Synodum,
901 1873 930 1924 et
963 1883 1041 1945 quae
1074 1860 1118 1922 cd
1148 1861 1352 1946 defensionem
1407 1851 1408 1930 i

240 1960 396 2024 Theodori
420 1969 449 2024 et
481 1959 625 2022 Nestorii
653 1958 693 2022 ch
724 1981 758 2022 eo
782 1959 902 2044 scripta
930 1967 1010 2022 sunt
1059 1957 1163 2043 Super
1186 1960 1261 2022 haec
1283 1981 1351 2021 aaa·
1407 1951 1408 2048 i

236 2058 471 2120 thematiaamas
485 2067 515 2120 ct
538 2057 669 2170 impiam
692 2055 858 2140 epistolam
876 2079 970 2142 quam
993 2057 1110 2120 dicitnr
1133 2057 1211 2121 Ihas
1234 2057 1277 2120 ad
1292 2058 1351 2119 liu·
1407 2099 1408 2160 p

235 2157 296 2218 rim
309 2156 469 2218 Persam
463 2155 647 2240 scripsisse;
670 2175 749 2238 quae
764 2153 898 2240 denepat
912 2155 1013 2218 Deum
1036 2154 1170 2217 Verbum
1194 2155 1234 2218 de
1253 2165 1353 2218 sancta
1407 2179 1408 2262 p

236 2253 299 2316 Dei
325 2251 483 2316 Genitrice
508 2263 538 2315 et
561 2274 680 2337 semper
701 2252 828 2338 Vispino
842 2253 954 2316 Maria
973 2253 1188 2330 i,ncarnutum
1212 2253 1352 2316 hominem
1407 2281 1408 2346 p

227 2349 356 2436 sactum
380 2373 455 2429 csse
480 2360 509 2414 et
542 2360 670 2413 sanctae
693 2351 859 2412 memoriae
893 2347 1045 2434 Gya-illum
1073 2351 1127 2435 qui
1149 2361 1233 2414 recte
1257 2350 1354 2412 duait
1407 2353 1408 2440 i

237 2460 387 2534 tanquam
409 2449 597 2512 haereticum
620 2457 649 2510 et
676 2447 822 2510 similiter
854 2445 1059 2532 Apollinan'o
1090 2448 1276 2512 scribentem
1298 2447 1348 2508 cri·

235 2547 383 2622 minatur,
418 2555 448 2607 et
476 2541 621 2630 inculpat
652 2545 775 2630 quidem
808 2545 998 2629 Ephesinam
1022 2547 1162 2630 primam
1187 2545 1348 2632 Synodnm,
1407 2527 1408 2614 l

237 2653 385 2728 tanquam
409 2643 477 2706 sine
502 2644 737 2706 cacuminatione
761 2652 790 2705 et
811 2644 992 2726 quaestione
1008 2643 1159 2707 Nestorio
1185 2645 1226 2707 ab
1250 2665 1284 2707 co
1304 2642 1349 2704 te
1407 2653 1408 2704 i

231 2743 352 2828 posito
320 2752 406 2804 eot
429 2740 590 2804 duodecim
614 2741 716 2804 sancti
735 2739 849 2825 Cyrilli
863 2739 1119 2826 capittdoimpia
1142 2752 1174 2804 et
1198 2741 1350 2806 contario

235 2849 336 2902 rectae
351 2837 434 2921 fidei
456 2849 555 2915 uocat,
580 2837 725 2924 defendit
754 2848 856 2900 autem
883 2837 1077 2902 Theodorum
1110 2848 1140 2900 et
1175 2839 1350 2902 Nestorium
1407 2828 1408 2882 l

236 2948 265 3000 et
287 2938 388 3021 impia
411 2959 515 3000 eonem
539 2937 687 3019 dopmata
711 2946 740 2997 et
763 2936 948 3020 consumpta.
979 2935 1148 3000 Praedicta
1172 2939 1271 3050 ipitur
1294 2936 1350 2998 tn'o
1407 2977 1408 3000 ι

240 3033 391 3121 Capitula
415 3035 734 3098 anathematizamus:
762 3033 798 3096 id
822 3043 867 3096 est
895 3033 1125 3096 Theodonm
1111 3036 1246 3119 impium
1269 3033 1349 3118 Mop
1407 3097 1408 3114 χ

235 3143 410 3195 anestennm
433 3155 500 3196 cnm
523 3131 673 3216 nefandis
698 3134 764 3219 ejus
780 3133 976 3217 conscriptis,
1001 3141 1029 3192 et
1044 3153 1123 3216 attae
1147 3133 1246 3218 impie
1265 3131 1351 3194 thcc-

236 3229 363 3292 doretns
385 3231 580 3315 conscripsit,
611 3239 641 3291 et
671 3230 803 3314 impiam
826 3227 992 3314 epistolam
1023 3252 1102 3314 qnae
1129 3229 1251 3294 dicitur
1274 3227 1348 3294 Ilion
1407 3243 1408 3314 l

237 3337 266 3388 et
289 3326 469 3413 defensores
502 3349 615 3404 eoram,
647 3328 753 3412 etqui
784 3328 976 3413 scripserunt
1003 3325 1052 3389 ael
1074 3328 1129 3410 qui
1150 3328 1293 3391 seminat
1313 3323 1350 3386 ui

237 3424 449 3509 defensionem
473 3445 587 3504 eorum,
611 3424 660 3488 nel
682 3435 768 3487 recta
791 3447 830 3488 ea
859 3423 960 3486 dicere
983 3436 1203 3509 praesamant,
1227 3424 1276 3489 uel
1297 3445 1348 3486 om·
1407 3425 1408 3452 ¹

235 3523 312 3585 nino
336 3524 527 3608 impietatem
550 3545 654 3586 eorum
677 3524 801 3584 nomine
818 3531 995 3585 sanctorum
1009 3531 1149 3606 patiam,
1176 3535 1235 3587 aut
1258 3519 1350 3586 mma
1407 3521 1408 3554 ³

240 3618 500 3684 Chalcedonensis
528 3617 662 3684 Consilii
685 3619 894 3706 defenderunt
921 3628 979 3682 ant
1000 3617 1168 3704 defendero
1194 3629 1347 3684 cononem.
1407 3635 1408 3672 t

235 3757 278 3766 -
303 3718 392 3782 Huic
416 3721 597 3782 sententiae
632 3716 817 3782 Concilium
849 3716 978 3780 addidit
1008 3716 1259 3802 quatuordecim
1281 3736 1349 3778 ans·
1407 3705 1408 3790 l

236 3816 472 3895 thomatismoa
498 3818 695 3902 inquorum
730 3814 884 3880 undecim
917 3816 1032 3900 primis
1063 3813 1217 3878 doctrine
1250 3811 1349 3876 catha

236 3913 300 3977 lica
324 3923 437 3978 contra
461 3913 644 3978 haereticos
668 3914 745 3978 inde
769 3913 811 3977 ab
837 3912 917 3978 Ario
948 3933 1051 3997 usquc
1075 3910 1118 3976 ad
1134 3911 1348 3996 Eutychetem
1407 3931 1408 3972 ;

236 4011 444 4094 vindicatum
470 4013 504 4076 iu
527 4012 632 4078 tribus
657 4011 781 4076 ultimis
804 4012 866 4074 tris
891 4008 1045 4096 Capitale
1068 4009 1279 4074 damnantur.
1407 3985 1408 4078 l

91 4121 205 4164 munatio
326 4110 379 4174 fii.
403 4110 525 4174 Notata
557 4110 694 4194 dignum
725 4117 783 4188 est,
815 4110 848 4172 in
880 4107 1153 4172 anathematismo
1179 4105 1346 4172 undecimo

1407 4230 1408 4268 i

1407 4279 1408 4330 l

1407 4409 1408 4438 l

98 4184 203 4232 ΜΝ
237 4205 337 4266 etiam
360 4205 538 4288 Origenem
561 4209 647 4270 inter
670 4206 852 4270 haereticos
875 4208 1047 4270 recenseri.
1095 4205 1229 4270 Dicitur
1250 4203 1345 4266 enim:
