2810 4846
482 437 595 492 Caecilii
615 437 768 494 celebratio.
1063 475 1068 493 .
1134 437 1186 490 247

80 581 222 645 ciendam
247 603 318 646 esse
341 589 535 665 potestatem
568 581 712 646 exeundi
736 580 869 666 Epheso
894 581 1022 644 sivein
1046 581 1186 664 patriam

79 681 139 750 sive
162 678 205 743 ad
230 679 434 759 comitatum,
458 679 651 764 priusquam
675 681 786 744 omnia
808 679 872 742 rite
895 677 1045 744 absoluta
1068 685 1186 754 essent,

78 799 133 862 qua
160 777 245 840 foret
268 777 444 840 necessitas
467 777 514 840 rei
538 774 801 862 maturandae¹).
847 774 1001 860 Synodus
1030 795 1108 838 vero
1138 773 1187 838 lit-

78 877 146 938 teris
178 875 234 939 die
270 875 286 936 1
317 873 400 938 Iulii
431 873 475 937 ad
498 873 734 958 Imperatorem
766 873 851 938 datis
882 882 998 959 questa
1020 881 1078 953 est,
1104 870 1187 936 Oan-

79 971 197 1036 didiani
223 969 350 1034 artibus
373 971 498 1034 facturn
521 970 692 1052 hactenus,
726 982 762 1034 ut
786 973 908 1036 veritas
930 969 1055 1052 lateret,
1079 970 1187 1055 petiit

77 1091 132 1154 que
154 1068 197 1133 ab
223 1069 424 1152 Imperatore
448 1069 601 1134 accersiri
632 1071 778 1154 quinque
801 1071 971 1154 episcopas
995 1069 1050 1154 qui
1076 1088 1186 1132 eoram

77 1176 290 1252 exponerent,
324 1165 405 1251 quid
427 1187 536 1230 rerum
569 1165 611 1230 ab
636 1175 773 1252 utraque
801 1177 894 1253 parte
918 1175 951 1232 et
973 1188 1039 1252 qua
1060 1167 1187 1230 ratione

77 1277 198 1348 gestum
223 1273 309 1328 esset
317 1261 349 1344 ¹).

159 1364 212 1426 ll.
237 1361 375 1426 Interim
407 1359 461 1424 die
494 1359 623 1426 decima
646 1359 739 1443 Julii,
773 1361 938 1427 Arcadius
962 1371 995 1424 et
1017 1361 1187 1446 Projcctus
1305 1387 1327 1416 ο-

77 1461 217 1545 episcopi
243 1469 277 1522 et
298 1457 473 1543 Philippus
496 1456 677 1542 presbyter,
694 1457 869 1524 Caelestini
884 1459 1053 1525 Pontificis
1076 1457 1185 1542 legati,

77 1557 241 1643 Ephesum
274 1554 431 1641 appulere
464 1566 496 1620 et
528 1558 658 1640 excepti
692 1565 768 1620 sunt
797 1579 817 1620 a
845 1556 989 1640 Synodo.
1015 1556 1187 1622 Celebrate

76 1669 119 1718 est
132 1656 251 1721 eadem
265 1653 320 1720 dic
335 1652 426 1716 Actrb
442 1653 589 1733 arcuada,
607 1655 641 1718 in
660 1676 726 1739 qua
743 1653 848 1720 lectae
868 1663 944 1718 sant
961 1656 1026 1718 ritu
1050 1653 1187 1719 solemni

76 1752 197 1817 litterae
205 1750 394 1832 Caelestini,
406 1752 533 1835 ipsique
543 1751 723 1816 aPatribus
732 1751 965 1818 acclamatum:
978 1749 1187 1828 NoaoPoalo,

78 1847 260 1926 Caelestino,
280 1846 452 1913 Caelesti-ao
471 1849 594 1912 custodi
605 1849 694 1932 fidei,
713 1846 886 1914 Caelestino
901 1874 969 1914 cum
978 1850 1105 1938 &abac
1120 1871 1188 1912 coa-

75 1949 169 2027 cardi,
198 1947 372 2014 Caelestino
395 1947 543 2010 aaloarsa
567 1945 713 2032 Syaodm
734 1949 857 2032 pretias
880 1950 955 2033 cpit.
971 1947 1189 2012 —Postridie

76 2045 188 2110 habita
211 2056 260 2110 est
272 2045 364 2108 Actio
388 2046 492 2125 tertia,
507 2045 542 2110 in
557 2065 623 2130 qua
642 2044 727 2109 lecta
746 2067 831 2130 quae
847 2055 923 2110 ante
946 2053 1038 2130 gesta
1060 2044 1191 2108 fuerant

76 2145 106 2206 in
132 2144 337 2230 depositione
360 2141 513 2221 Nestorii,
548 2151 580 2204 ct
612 2141 701 2206 dicta
724 2144 759 2206 in
784 2143 936 2208 eumdem
959 2142 1190 2206 Nestoriuma

76 2241 179 2304 tribas
210 2240 328 2324 legatis
360 2241 553 2325 singillatim
578 2244 757 2322 sententia3
790 2250 904 2327 postea
926 2241 1066 2306 relatum
1089 2265 1109 2304 a
1132 2239 1190 2324 Sy-

73 2338 157 2402 nodo
181 2339 224 2402 ad
248 2338 483 2423 Imperatorem
517 2339 558 2404 de
588 2338 771 2423 legatorum
799 2339 946 2406 adventu
976 2349 1008 2403 et
1031 2359 1190 2404 consensu

1 2469 2 2511 3
75 2442 108 2500 in
143 2436 452 2502 condemnationem
475 2437 635 2518 Nestorii,
668 2459 708 2501 ac
741 2436 875 2502 tandem
903 2437 1068 2522 postulata
1090 2435 1191 2500 disce·

73 2533 174 2598 dandi
198 2534 348 2600 facultas.
385 2573 428 2582 -
464 2535 557 2600 Actio
581 2547 696 2620 perum
725 2534 890 2600 celebrata
914 2545 962 2600 est
986 2535 1039 2599 die
1064 2535 1193 2600 decima

73 2643 167 2696 sexta
191 2633 285 2714 Julii,
309 2636 344 2698 in
368 2655 432 2719 qua
456 2632 585 2698 ablatus
608 2656 628 2696 a
653 2632 775 2717 Cyrillo
800 2643 832 2696 ct
854 2634 1030 2698 Memnone
1052 2631 1192 2711 libellus,

76 2753 142 2816 qno
165 2732 256 2816 apud
280 2741 426 2797 sanctam
447 2731 620 2814 Synodum
644 2731 894 2815 expostularunt
918 2730 959 2796 de
983 2731 1105 2815 injuria
1129 2729 1191 2794 sibi

75 2829 116 2892 ab
151 2823 377 2894 Orientalibus
410 2827 655 2916 (Antiochenis)
688 2829 785 2909 facta,
819 2829 1050 2914 petieruntque
1081 2828 1193 2892 vocari

76 2927 243 2992 loannem
267 2925 522 2992 Antiochenam.
571 2925 636 3006 Qui
671 2946 746 2990 cum
776 2947 843 2992 non
878 2934 1099 3011 compareret,
1123 2946 1193 3010 pro-

77 3027 269 3090 nuntiatum
293 3033 341 3088 est
371 3048 391 3090 a
413 3024 578 3105 Patribus,
612 3026 704 3088 irrita
735 3047 804 3090 esse
827 3045 912 3109 quae
935 3024 1076 3090 Ioannis
1099 3045 1193 3107 syno-

1 3137 2 3198 ᾗ
80 3124 144 3188 dus
166 3123 298 3188 fecisset
320 3133 433 3188 contra
458 3121 618 3205 Cyrillum
642 3131 674 3186 et
697 3123 924 3203 Memnonem,
949 3121 1192 3207 decretumque,

78 3231 116 3284 ut
149 3220 212 3284 hac
246 3219 287 3284 de
316 3243 352 3284 re
383 3219 581 3284 scriberetur
610 3219 824 3305 Imperatori,
858 3241 897 3284 ac
920 3221 1015 3284 tertio
1040 3221 1195 3284 citaretur

77 3320 237 3400 loannes,
261 3319 454 3404 priusquam
473 3318 550 3402 jure
565 3319 598 3380 in
614 3319 721 3402 ipsum
736 3326 896 3400 ageretur.
913 3355 953 3365 -—
970 3317 1061 3380 Actio
1086 3318 1197 3401 qaiata

79 3415 196 3480 habita
219 3425 268 3480 cst
291 3415 345 3479 die
369 3415 497 3480 decima
521 3417 659 3500 septima
682 3414 764 3480 Julii
797 3423 830 3478 et
851 3415 998 3480 Joanncs
1021 3415 1117 3478 tertio
1141 3435 1196 3477 vo-

81 3527 192 3596 catus;
217 3516 273 3599 qui
307 3535 383 3578 cum
412 3513 575 3577 renuisset
605 3513 775 3597 episcopos
805 3511 848 3578 ad
872 3513 979 3596 ipsum
1004 3513 1120 3576 missos
1143 3533 1197 3575 au-

82 3611 164 3693 dire,
190 3613 304 3675 statuit
327 3613 445 3674 iterum
461 3610 626 3694 Synodus,
652 3612 744 3674 irrita
759 3631 829 3674 esse
853 3631 937 3696 quae
960 3608 1118 3674 adversus
1136 3605 1198 3691 Cy·

82 3811 118 3863 ad
136 3807 312 3864 Theodosium
342 3804 526 3860 transmissam
550 3803 633 3858 tuisse
662 3809 726 3858 ante
753 3803 826 3858 illius
844 3803 957 3858 litteras.
996 3802 1028 3856 Id
1046 3801 1104 3856 erui
1124 3809 1199 3856 tenet

82 3906 118 3944 ex
136 3888 253 3956 epistola
271 3885 399 3940 Dalmatii
418 3884 622 3938 archimandriti
647 3891 674 3952 et
694 3884 764 3936 Cleri
785 3883 882 3950 Optani
902 3883 935 3935 ad
955 3881 1083 3949 cyrillum
1102 3887 1130 3934 et
1149 3881 1199 3934 Pa·

84 3983 141 4024 tres
154 3965 338 4033 Conciliitdp.
352 3965 482 4020 Harduin.
501 3965 531 4018 T.
551 3963 572 4017 1.
592 3965 639 4018 cal.
662 3965 747 4021 1589.)
768 3963 821 4017 Res
840 3969 938 4028 tamen,
958 3977 990 4014 ea
1008 3961 1121 4029 epistola
1140 3977 1200 4014 con·

84 4050 214 4106 siderata
233 4062 285 4100 aaa
304 4045 411 4100 omnino
430 4045 531 4112 liquida
549 4044 614 4098 mihi
634 4043 748 4096 ridetur.

162 4132 183 4198 Ι)
202 4129 234 4182 V.
254 4128 361 4182 litteras
380 4125 531 4193 imperiales
549 4139 591 4190 ap.
610 4123 747 4178 Labbeum
765 4122 795 4176 T.
817 4121 867 4176 111.
887 4122 934 4175 col.
955 4123 1014 4176 103.

161 4211 182 4280 ¹)
202 4208 303 4264 Ibidem
322 4209 370 4260 ccl.
390 4207 442 4260 tte
