2924 4818
493 455 614 514 buum
632 451 764 516 criticum.
1135 450 1187 509 1⁹3

165 604 215 670 25.
237 605 384 669 Maxime
425 623 504 668 vero
537 603 801 668 consideratione
834 602 972 686 dignum
1005 609 1055 665 est
1095 597 1185 685 quod
1211 637 1347 688 mm

93 705 200 766 incur
220 713 341 786 nmrat,
365 701 523 766 videlicet
532 700 717 785 Callistum,
741 723 762 765 a
784 699 974 785 Zephyrino
998 699 1061 763 sibi
1085 699 1186 762 socia·
1206 699 1341 740 ΝΜΟ·

93 814 160 878 um,
180 798 221 864 ab
244 820 283 864 eo
291 799 625 886 praepositamj'uisse
641 801 830 877 οοοοιοοοιοο,
854 791 901 872 εἷς
922 795 961 860 τὸ
984 793 1188 883 κοιμητήριον

92 895 271 984 rariorque.
296 897 397 962 Plura
421 909 515 962 erant
533 899 604 983 jam
628 897 759 961 saeculo
782 896 878 960 tertio
893 895 1017 959 Romae
1040 893 1189 958 fidelium

93 997 278 1078 memeteria,
304 1018 390 1082 quae
404 994 598 1082 plerumque
617 994 918 1059 denominabantur
936 1015 979 1056 ex
1000 989 1191 1056 nominibus

95 1115 297 1177 pouessorum
321 1093 429 1177 fundi,
461 1092 523 1158 sub
547 1114 612 1180 quo
636 1095 833 1158 coemeteria
862 1093 925 1156 ista
947 1087 1190 1180 (catacumbas)

93 1191 190 1255 effossa
218 1203 322 1257 erant.
370 1191 425 1257 Sic
455 1201 756 1256 commemorantur
785 1190 980 1254 coemeteria
1011 1187 1191 1268 Priscillae,

93 1285 250 1372 Gordiani,
296 1290 437 1354 Maximi
482 1289 525 1353 ad
564 1291 654 1354 viam
693 1289 869 1371 Salariam,
899 1288 1101 1352 Praetextati
1149 1283 1192 1349 ad

95 1387 166 1450 viam
180 1387 342 1473 Appiam,
359 1387 550 1452 Domitillae
573 1387 618 1452 ad
631 1387 721 1451 viam
732 1386 959 1467 Ardeatinam,
974 1385 1123 1452 Lucinae
1150 1381 1192 1447 ad

95 1486 167 1548 riam
188 1485 387 1552 Ostiensem.
440 1485 506 1550 Hic
538 1505 617 1549 vero
651 1484 824 1549 manifeste
855 1486 965 1568 agitur
997 1483 1038 1547 de
1070 1493 1193 1546 coeme-

94 1584 159 1645 terio
194 1583 281 1670 quod
317 1586 445 1669 recepit
482 1605 603 1648 nomen
644 1580 826 1647 Cocosatcrii
865 1579 1002 1664 Callisti,
1041 1582 1194 1668 quamvis

94 1681 175 1744 utum
210 1683 253 1745 sit
293 1684 330 1746 in
374 1682 487 1748 fundis
525 1679 741 1767 Caecilianis,
788 1703 850 1745 nec
888 1679 1041 1744 Callistus
1084 1679 1194 1743 Ponti-

96 1777 140 1840 [ιι
159 1779 278 1844 ibidem
303 1779 454 1866 sepultus
475 1780 585 1844 fuerit.
631 1779 720 1844 Illud
749 1779 982 1844 coemeterium
1006 1787 1194 1842 antonoma-

97 1877 210 1940 ronst
224 1876 432 1965 κοιμητήριον
445 1877 639 1964 appellatur.
663 1916 707 1924 -
730 1876 943 1942 Coemeteriis
966 1875 1195 1940 ecclesiaeRo·

97 1995 195 2038 manae
217 1999 303 2062 quae
329 1985 424 2040 erant
447 1977 558 2041 omnia
582 1986 675 2040 extra
694 1997 814 2059 muros,
839 1997 1010 2061 nunquam
1034 1976 1082 2038 sic
1104 1996 1195 2060 prae-

98 2073 175 2153 positi
196 2074 334 2139 fuerunt
357 2073 555 2159 presbyteri,
580 2083 617 2137 ut
639 2073 686 2139 ibi
717 2074 820 2139 veluti
843 2074 1063 2138 ministerium
1087 2071 1195 2159 exple

98 2181 163 2250 rent
196 2193 304 2258 neque
343 2174 405 2236 iste
443 2183 492 2236 est
527 2193 641 2236 sensus
678 2171 854 2236 verborum
891 2172 1046 2236 Auctoris
1082 2172 1194 2236 nostri.

100 2263 221 2344 Quando
243 2293 275 2336 a.
300 2270 369 2335 260
393 2269 564 2334 Gallienus
587 2267 672 2355 Imp.
697 2271 839 2334 restituit
861 2269 1022 2356 Dionysio
1042 2268 1195 2336 Pontifici

99 2367 633 2450 coemeteriaecclesiaeRomanae,
657 2390 743 2454 quae
766 2391 786 2432 a
809 2367 987 2432 Valeriano
1011 2368 1095 2456 Imp.
1120 2365 1196 2432 Gal-

97 2459 160 2526 lieni
180 2476 269 2550 patre
304 2475 472 2552 sequestro
506 2465 669 2530 submissa
692 2465 831 2548 fuerant,
865 2466 1048 2552 Dionysius
1071 2488 1111 2530 ea
1134 2465 1196 2529 dis-

98 2557 194 2624 tribuit
223 2564 498 2650 vigintiquinque
529 2561 633 2627 titulis
665 2583 723 2628 seu
754 2563 924 2649 paroeciis,
958 2585 1044 2650 quae
1072 2564 1196 2628 Romae

98 2658 271 2743 emebant,
306 2681 346 2724 ac
375 2663 485 2746 posuit
507 2659 623 2725 eadem
653 2661 714 2725 sub
748 2659 970 2746 dependentia
993 2659 1196 2747 presbytero-

99 2775 156 2818 rum
169 2757 362 2841 titularium,
387 2781 445 2822 seu
469 2757 687 2845 parochorum
711 2760 866 2824 civitatis.
913 2758 1023 2823 Antea
1037 2758 1097 2823 sub
1114 2758 1197 2824 Pon-

98 2851 170 2918 tiice
190 2856 343 2921 Fabiano
368 2855 573 2942 (236-250)
601 2859 791 2921 invenimus
815 2860 1009 2922 coemeteria
1033 2857 1094 2922 sub
1119 2878 1198 2921 cura

99 2946 307 3020 diaconorum.
361 2953 535 3040 Colligitur
557 2963 667 3018 autem
682 2977 724 3018 ex
738 2955 960 3020 monumentis
982 2957 1198 3044 antiquitatis,

99 3055 314 3116 coemeterium
338 3051 421 3116 illud
445 3051 571 3117 Callisti
602 3051 653 3139 (τὸ
682 3051 900 3140 κοιμητήριον)
932 3054 1033 3118 luisse
1056 3066 1198 3120 coemete-

99 3146 166 3210 n'au
191 3149 328 3237 φοι-ἑοῖο
358 3149 557 3234 Pontificum,
580 3152 637 3236 qui
668 3152 767 3216 etiam
790 3161 904 3237 postea
927 3151 974 3216 ibi
997 3173 1117 3237 magno
1142 3173 1199 3216 nu·

100 3261 174 3308 mero
195 3247 316 3333 sepulti
339 3257 430 3330 sunt3
455 3245 569 3336 illique
598 3248 814 3334 probabiliter
835 3249 1006 3316 Pontifiois
1038 3251 1199 3316 archidia-

100 3361 186 3407 conus
206 3348 414 3432 praepositus
438 3355 517 3411 erat.
564 3347 657 3411 Haec
677 3367 755 3411 vero
779 3351 1005 3433 praepositura
1028 3359 1200 3436 propterea

100 3437 151 3503 luit
169 3447 286 3508 summi
312 3446 480 3526 momenti,
505 3447 584 3531 quia
607 3467 675 3510 oron
698 3469 736 3509 eo
759 3447 942 3510 cohaerebat
964 3437 1111 3517 aniverso
1126 3448 1200 3534 fare

100 3535 321 3606 Mamaea
337 3542 486 3607 botrorum
507 3565 669 3630 remosque
693 3543 920 3630 temporalium,
944 3569 1023 3632 qaue
1041 3545 1202 3609 ecclesium

102 3635 261 3704 Remurium
283 3642 719 3728 eupremrmsqaePoottJicem
742 3643 937 3728 spectabunt.

175 3737 225 3802 26.
250 3738 449 3804 Christianis
480 3741 569 3804 enim
602 3739 755 3805 fidelibus
788 3742 998 3826 maximeque
1031 3740 1116 3805 clero
1147 3761 1200 3806 ne·

103 3837 263 3900 manum
287 3845 367 3918 erat,
391 3847 429 3900 ut
451 3859 570 3922 corpus
598 3840 834 3903 constituerent
856 3839 988 3922 morale,
1013 3839 1102 3927 quod
1126 3861 1201 3904 cum

104 3929 229 4012 quadam
252 3936 428 3998 securitate
450 3957 529 4021 prae
543 3936 672 4021 legibus
686 3936 842 4001 civilibus
860 3937 948 4001 bona
971 3947 1004 4000 et
1026 3939 1202 4024 pecuniam

104 4028 250 4110 possidere
282 4041 401 4118 posset,
434 4043 471 4096 ut
495 4035 595 4098 variis
627 4035 877 4100 necessitatibus
909 4035 1149 4118 communibus,
1169 4059 1202 4102 e.

104 4143 129 4205 g.
149 4130 370 4194 attentationi
394 4127 483 4214 oleri,
500 4131 732 4217 orphanorum,
753 4132 940 4216 viduarum,
964 4133 1203 4220 provideretur.

105 4221 206 4288 Αιοοιιι
235 4227 475 4294 ιοοίοιίοοιίοοιο
507 4231 622 4314 fuisse,
654 4233 828 4318 perspicue
860 4253 919 4298 nos
951 4231 1048 4297 docet
1078 4232 1204 4298 Tsrtul

142 4339 261 4396 lut-n.
275 4347 454 4391 mrtem.
1063 4339 1097 4394 13
