2790 4812
470 513 643 568 Constantini
663 512 739 570 viria
775 513 777 516 ’
1112 523 1165 574 387

62 659 144 723 idem
160 659 238 723 bnic
254 659 435 724 narrationi
450 658 610 722 adbibere
631 657 825 724 dubitabit?
848 658 1045 726 Praesertim
1063 685 1163 751 quum

63 757 90 821 id
110 758 192 844 quod
216 755 430 821 subsecutum
454 766 504 820 est
523 766 663 842 tempus,
688 759 847 822 sermonis
869 757 969 844 hujus
992 763 1176 826 veritatem.

62 857 232 919 testimonio
261 877 320 920 sno
346 853 566 919 confirmavit.
612 853 711 918 Horis
735 851 800 918 diei
824 855 1017 922 meridianis
1040 858 1107 923 sole
1130 861 1164 922 in

62 975 199 1016 mansum
233 961 392 1036 vergente
425 953 533 1014 erneis
563 961 734 1037 tropaeum
758 953 793 1016 in
817 951 906 1018 coelo
929 976 972 1018 ex
992 955 1068 1022 luce
1092 977 1165 1022 cen-

62 1050 159 1114 flamm
181 1048 244 1114 soli
268 1051 512 1136 superpositum
537 1051 616 1134 ipsis
639 1048 742 1113 oculis
771 1072 806 1114 se
829 1050 952 1115 vidisse
975 1054 1165 1136 affirmavit,

60 1171 121 1212 cum
144 1146 336 1234 hujusmodi
370 1147 601 1232 inscriptione:
625 1147 699 1210 Hac
732 1149 829 1211 vince
853 1147 970 1235 (cedma
993 1145 1089 1238 νίκα).
1116 1152 1165 1216 Eo

61 1247 119 1309 viso
140 1257 172 1310 et
195 1248 343 1332 seipsum
366 1255 400 1309 et
424 1243 544 1310 milites
567 1267 681 1310 omnes
712 1247 771 1332 qui
800 1247 922 1332 ipsum,
949 1250 1060 1314 nescio
1090 1271 1164 1336 quo,

62 1347 113 1408 iter
139 1345 318 1409 facientem
351 1342 593 1430 sequebantur,
627 1353 660 1406 et
690 1345 747 1429 qui
781 1353 979 1430 spectatores
1015 1347 1165 1412 miraculi

61 1443 184 1526 meunt,
210 1441 427 1506 vehementer
448 1440 722 1527 obstupefactos.“

132 1541 186 1605 41.
213 1539 372 1626 „Interim
396 1541 467 1625 ipae
499 1549 536 1603 ut
559 1537 670 1604 aiebat
691 1537 889 1604 addubitare
911 1543 1023 1607 animo
1047 1547 1164 1630 coepit,

59 1638 202 1722 quidnam
239 1637 302 1701 boc
325 1647 490 1723 spectrum
524 1637 588 1700 sibi
612 1635 720 1702 vellet.
768 1635 934 1721 Cogitanti
963 1641 1027 1726 ipsi
1052 1651 1085 1706 et
1107 1643 1164 1707 diu

59 1735 252 1822 multumque
283 1735 374 1822 apud
406 1757 442 1799 se
474 1737 659 1821 reputanti,
693 1755 760 1798 nox
797 1735 931 1800 tandem
963 1741 1164 1825 supervenit.

59 1831 132 1898 'ium
155 1856 235 1898 vero
260 1831 412 1898 Christus
427 1835 490 1898 Dei
515 1831 690 1897 dormienti
715 1834 870 1918 apparuit
892 1855 967 1898 cum
991 1837 1085 1920 signe
1108 1837 1164 1902 illo

59 1932 132 2016 quod
165 1935 198 1997 in
235 1930 325 1996 coelo
349 1941 517 1997 ostensum
540 1931 664 2012 fueratq
695 1930 938 2016 praecepitque,
971 1942 1008 1996 ut
1029 1933 1163 1999 militari

60 2030 141 2112 signo
162 2029 206 2096 ad
241 2029 493 2094 similitudinem
526 2029 597 2114 ejus
621 2027 709 2115 qued
733 2028 768 2091 in
791 2027 882 2092 coelo
906 2029 1044 2094 vidisset
1066 2031 1165 2096 fabri-

60 2139 128 2208 cato,
159 2150 198 2193 eo
233 2136 392 2213 tauquam
425 2123 560 2190 saiutmi
593 2123 759 2211 praesidio
791 2127 826 2189 in
849 2126 983 2210 praeliis
1007 2137 1162 2196 uteretur.

60 2221 108 2287 Ibe
128 2227 235 2312 primo
259 2227 371 2289 statim
396 2221 541 2288 diluenlo
576 2244 714 2308 surgens
746 2243 904 2287 arcanum
929 2247 1026 2290 omne
1048 2229 1165 2292 amicis

60 2325 205 2408 exposuit
265 2321 466 2388 Convocatis
498 2321 619 2386 deinde
651 2322 724 2385 auri
748 2329 780 2384 et
811 2341 1018 2405 gemmarum
1051 2325 1163 2410 fabris,

59 2421 173 2486 medias
197 2423 287 2486 inter
309 2441 364 2486 ees
387 2419 505 2486 sedens
528 2421 672 2506 speciem
696 2420 782 2503 signi
807 2420 853 2482 eis
877 2441 1026 2487 sermone
1049 2422 1165 2510 depin-

59 2521 106 2600 xit,
122 2521 288 2606 jussitque
311 2527 349 2582 nt
371 2539 451 2582 auro
483 2527 517 2582 et
537 2516 659 2603 lapillis
689 2515 938 2582 similitudinem
963 2519 1034 2605 ejus
1057 2524 1164 2607 expri-

60 2627 179 2682 merent
229 2615 329 2698 Quod
352 2625 385 2680 et
408 2637 468 2680 uos
489 2615 663 2701 aliquoties
686 2614 808 2679 vidisse
832 2618 1053 2683 meminimus
1092 2616 1165 2683 Hoc

59 2715 144 2796 igitur
173 2715 312 2780 salutari
346 2715 440 2799 signo
463 2723 622 2798 tauquam
656 2714 860 2778 munimento
884 2712 1043 2778 adversm
1067 2735 1164 2801 oppo-

60 2813 124 2874 sitas
145 2811 342 2899 quorumvis
364 2812 508 2876 bostium
524 2813 637 2898 copias
651 2813 830 2896 imperator
852 2832 983 2896 semper
1005 2821 1054 2876 est
1076 2835 1164 2895 usus,

60 2907 175 2996 aliaque
196 2911 243 2974 ad
266 2909 339 2996 ejas
361 2908 613 2974 similitudinem
629 2929 784 2995 expressa
806 2909 900 2994 signa
924 2912 1052 2974 cuncus
1076 2933 1165 2975 exer-

62 3006 167 3072 citibus
198 3008 358 3096 praeferri
386 3006 550 3095 jussitss)
595 3007 674 3072 Post
705 3005 789 3073 haec
817 3007 1016 3094 Imperator,
1049 3010 1164 3094 quiin

60 3103 240 3190 ηῑὶςίοιιειιι
264 3105 478 3170 christianam
489 3104 560 3191 jam
577 3103 706 3191 pridem
729 3105 965 3191 propendebat,
990 3107 1024 3170 in
1048 3105 1164 3172 eadem

60 3211 89 3262 ut
115 3205 301 3268 accuratius
323 3205 539 3268 instrueretur
567 3204 709 3285 curavit,
735 3223 874 3289 eamque
901 3200 1074 3288 amplexus
1106 3213 1164 3288 est,

59 3300 186 3382 quodam
217 3321 393 3388 progressu
420 3301 491 3386 ejus
523 3299 690 3365 doctrinas
722 3308 756 3363 et
791 3301 915 3365 cultum
948 3300 1163 3366 christianum

59 3398 224 3484 recipiensq
248 3398 450 3485 baptismum
473 3406 585 3462 umen
608 3397 714 3462 abusu
747 3398 891 3483 quodam
930 3397 1018 3463 illius
1049 3401 1166 3464 aetatis

60 3490 174 3560 dnum
195 3515 304 3583 usque
326 3495 370 3560 ad
393 3496 493 3560 finem
517 3495 616 3560 vitae.

133 3595 187 3660 42.
212 3595 364 3659 Fuerunt
386 3591 522 3680 quidem
541 3593 602 3678 'qni
631 3592 881 3677 contenderunt,
911 3592 1164 3660 Constantinum

61 3707 115 3752 nou
136 3713 178 3756 ex
201 3692 314 3757 animo
338 3700 372 3755 et
386 3693 515 3756 sinemo
528 3690 721 3776 religionem
736 3690 951 3757 christianam
974 3693 1163 3780 amplexum
1211 3690 1300 3730 ‘im

122 3893 506 3962 ¹)Devitacenstb1.e.
525 3895 635 3961 atsqq.
663 3891 834 3948 ahmans
861 3893 1163 3963 memorassem

61 3969 95 4022 ii.
112 3971 232 4028 Somates
263 3974 299 4031 E
323 3975 356 4029 Fa
375 3974 397 4030 Ι.
425 3976 450 4029 3.
477 4005 511 4014 -
530 3974 571 4030 De
589 3973 694 4028 visione
712 3972 885 4028 Constantini
903 3974 1019 4029 conferri
1037 3979 1164 4042 possunt:

62 4047 95 4104 Do
106 4049 205 4119 Vuisin,
214 4053 398 4109 Dissertatiou
415 4054 531 4122 critique
548 4069 595 4108 sur
613 4053 641 4107 la
658 4052 747 4107 vision
760 4053 792 4108 da
808 4053 1069 4120 annuntiaturis
1083 4056 1164 4122 1784;

62 4127 158 4198 ΝΜ,
176 4133 272 4188 uisite
289 4135 335 4190 des
354 4132 522 4203 apparitione
540 4135 627 4189 etdes
646 4133 756 4198 visione,
775 4139 847 4188 tome
864 4136 882 4186 2
900 4153 926 4202 p.
946 4137 1013 4203 3763
1031 4135 1164 4200 Jacntins,

62 4205 204 4281 Syangma
232 4227 284 4280 quo
303 4215 459 4282 adparentis
479 4217 514 4269 Μ.
533 4213 713 4269 Constantino
731 4213 817 4268 erneis
835 4213 950 4268 historia
968 4215 1166 4282 complanaret

63 4289 186 4360 Universa
205 4293 306 4348 Βοωω
323 4294 402 4350 1755.

1008 4384 1058 4437 25*
