<?xml version="1.0" encoding="UTF-8"?>
<!DOCTYPE html PUBLIC "-//W3C//DTD XHTML 1.0 Transitional//EN"
    "http://www.w3.org/TR/xhtml1/DTD/xhtml1-transitional.dtd">
<html xmlns="http://www.w3.org/1999/xhtml" xml:lang="en" lang="en">
 <head>
  <title>
</title>
<meta http-equiv="Content-Type" content="text/html;charset=utf-8" />
  <meta name='ocr-system' content='tesseract 3.04.00' />
  <meta name='ocr-capabilities' content='ocr_page ocr_carea ocr_par ocr_line ocrx_word'/>
</head>
<body>
  <div class='ocr_page' id='page_1' title='image "./dissertationess02junggoog_0654.png"; bbox 0 0 2810 4846; ppageno 0'>
   <div class='ocr_carea' id='block_1_1' title="bbox 389 463 1199 534">
    <p class='ocr_par' dir='ltr' id='par_1_1' title="bbox 389 463 1199 534">
     <span class='ocr_line' id='line_1_1' title="bbox 389 463 1199 534; baseline 0 -14"><span class='ocrx_word' id='word_1_1' title='bbox 389 463 519 520; x_wconf 82' lang='lat' dir='ltr'><strong>Doctrina</strong></span> <span class='ocrx_word' id='word_1_2' title='bbox 536 463 562 520; x_wconf 82' lang='lat' dir='ltr'><strong>S.</strong></span> <span class='ocrx_word' id='word_1_3' title='bbox 579 464 693 522; x_wconf 84' lang='lat' dir='ltr'><strong>Joaunis</strong></span> <span class='ocrx_word' id='word_1_4' title='bbox 711 463 900 534; x_wconf 65' lang='lat' dir='ltr'><strong>emeseni.</strong></span> <span class='ocrx_word' id='word_1_5' title='bbox 1147 466 1199 522; x_wconf 76' lang='lat'><strong>1⁷6</strong></span> 
     </span>
    </p>
   </div>
   <div class='ocr_carea' id='block_1_2' title="bbox 83 609 1349 3432">
    <p class='ocr_par' dir='ltr' id='par_1_2' title="bbox 92 609 1198 1478">
     <span class='ocr_line' id='line_1_2' title="bbox 101 609 1197 696; baseline 0.005 -25"><span class='ocrx_word' id='word_1_6' title='bbox 101 629 156 671; x_wconf 83' lang='lat' dir='ltr'><strong>um</strong></span> <span class='ocrx_word' id='word_1_7' title='bbox 176 617 267 687; x_wconf 84' lang='lat' dir='ltr'><strong>esset,</strong></span> <span class='ocrx_word' id='word_1_8' title='bbox 291 629 352 696; x_wconf 92' lang='lat' dir='ltr'><strong>per</strong></span> <span class='ocrx_word' id='word_1_9' title='bbox 373 630 407 672; x_wconf 87' lang='lat' dir='ltr'><strong>se</strong></span> <span class='ocrx_word' id='word_1_10' title='bbox 429 610 650 694; x_wconf 79' lang='lat' dir='ltr'><strong>poeniteutiae</strong></span> <span class='ocrx_word' id='word_1_11' title='bbox 677 609 724 674; x_wconf 90' lang='lat' dir='ltr'><strong>illi</strong></span> <span class='ocrx_word' id='word_1_12' title='bbox 753 629 819 674; x_wconf 91' lang='lat' dir='ltr'><strong>non</strong></span> <span class='ocrx_word' id='word_1_13' title='bbox 842 619 912 674; x_wconf 86' lang='lat' dir='ltr'><strong>erat</strong></span> <span class='ocrx_word' id='word_1_14' title='bbox 929 609 1102 695; x_wconf 85' lang='lat' dir='ltr'><strong>jungenda</strong></span> <span class='ocrx_word' id='word_1_15' title='bbox 1124 631 1197 676; x_wconf 91' lang='lat' dir='ltr'><strong>cou-</strong></span> 
     </span>
     <span class='ocr_line' id='line_1_3' title="bbox 98 705 1198 793; baseline 0.004 -25"><span class='ocrx_word' id='word_1_16' title='bbox 98 705 197 771; x_wconf 86' lang='lat' dir='ltr'><strong>fcseio.</strong></span> <span class='ocrx_word' id='word_1_17' title='bbox 243 705 370 786; x_wconf 79' lang='lat' dir='ltr'>Quodsi</span> <span class='ocrx_word' id='word_1_18' title='bbox 394 716 503 771; x_wconf 86' lang='lat' dir='ltr'><strong>tamen</strong></span> <span class='ocrx_word' id='word_1_19' title='bbox 527 707 560 774; x_wconf 81' lang='lat' dir='ltr'><strong>S.</strong></span> <span class='ocrx_word' id='word_1_20' title='bbox 583 705 790 791; x_wconf 79' lang='lat' dir='ltr'><strong>Augustinus</strong></span> <span class='ocrx_word' id='word_1_21' title='bbox 812 717 947 793; x_wconf 80' lang='lat' dir='ltr'><strong>peccata</strong></span> <span class='ocrx_word' id='word_1_22' title='bbox 969 709 1033 774; x_wconf 84' lang='lat' dir='ltr'><strong>ista</strong></span> <span class='ocrx_word' id='word_1_23' title='bbox 1055 707 1198 774; x_wconf 83' lang='lat' dir='ltr'><strong>venialia</strong></span> 
     </span>
     <span class='ocr_line' id='line_1_4' title="bbox 98 803 1198 889; baseline 0.004 -23"><span class='ocrx_word' id='word_1_24' title='bbox 98 803 236 867; x_wconf 86' lang='lat' dir='ltr'><strong>confiteri</strong></span> <span class='ocrx_word' id='word_1_25' title='bbox 270 804 384 886; x_wconf 86' lang='lat' dir='ltr'><strong>voluit,</strong></span> <span class='ocrx_word' id='word_1_26' title='bbox 415 805 578 889; x_wconf 87' lang='lat' dir='ltr'><strong>ejusmodi</strong></span> <span class='ocrx_word' id='word_1_27' title='bbox 611 805 770 870; x_wconf 79' lang='lat' dir='ltr'><strong>confessio</strong></span> <span class='ocrx_word' id='word_1_28' title='bbox 803 804 892 870; x_wconf 88' lang='lat' dir='ltr'><strong>haud</strong></span> <span class='ocrx_word' id='word_1_29' title='bbox 914 807 997 870; x_wconf 85' lang='lat' dir='ltr'><strong>tenti</strong></span> <span class='ocrx_word' id='word_1_30' title='bbox 1020 805 1102 870; x_wconf 85' lang='lat' dir='ltr'><strong>forte</strong></span> <span class='ocrx_word' id='word_1_31' title='bbox 1125 808 1198 870; x_wconf 90' lang='lat' dir='ltr'><strong>visa</strong></span> 
     </span>
     <span class='ocr_line' id='line_1_5' title="bbox 97 901 1197 988; baseline 0.001 -24"><span class='ocrx_word' id='word_1_32' title='bbox 97 911 142 964; x_wconf 81' lang='lat' dir='ltr'><strong>est</strong></span> <span class='ocrx_word' id='word_1_33' title='bbox 160 901 324 984; x_wconf 76' lang='lat' dir='ltr'>Possidio,</span> <span class='ocrx_word' id='word_1_34' title='bbox 348 912 385 966; x_wconf 89' lang='lat' dir='ltr'><strong>ut</strong></span> <span class='ocrx_word' id='word_1_35' title='bbox 408 923 480 966; x_wconf 86' lang='lat' dir='ltr'><strong>eam</strong></span> <span class='ocrx_word' id='word_1_36' title='bbox 495 901 652 988; x_wconf 79' lang='lat' dir='ltr'><strong>peculiari</strong></span> <span class='ocrx_word' id='word_1_37' title='bbox 668 903 764 968; x_wconf 92' lang='lat' dir='ltr'><strong>modo</strong></span> <span class='ocrx_word' id='word_1_38' title='bbox 781 911 1058 984; x_wconf 86' lang='lat' dir='ltr'><strong>commemoraret,</strong></span> <span class='ocrx_word' id='word_1_39' title='bbox 1083 923 1120 968; x_wconf 92' lang='lat' dir='ltr'><strong>eo</strong></span> <span class='ocrx_word' id='word_1_40' title='bbox 1144 902 1197 966; x_wconf 87' lang='lat' dir='ltr'><strong>vel</strong></span> 
     </span>
     <span class='ocr_line' id='line_1_6' title="bbox 96 998 1195 1086; baseline 0.003 -25"><span class='ocrx_word' id='word_1_41' title='bbox 96 999 208 1080; x_wconf 90' lang='lat' dir='ltr'><strong>minus,</strong></span> <span class='ocrx_word' id='word_1_42' title='bbox 232 998 322 1084; x_wconf 92' lang='lat' dir='ltr'><strong>quod</strong></span> <span class='ocrx_word' id='word_1_43' title='bbox 345 1021 412 1064; x_wconf 92' lang='lat' dir='ltr'><strong>non</strong></span> <span class='ocrx_word' id='word_1_44' title='bbox 436 999 565 1084; x_wconf 81' lang='lat' dir='ltr'><strong>singula</strong></span> <span class='ocrx_word' id='word_1_45' title='bbox 580 999 779 1066; x_wconf 74' lang='lat' dir='ltr'><strong>describeret</strong></span> <span class='ocrx_word' id='word_1_46' title='bbox 798 1022 883 1086; x_wconf 88' lang='lat' dir='ltr'><strong>quae</strong></span> <span class='ocrx_word' id='word_1_47' title='bbox 905 1001 940 1065; x_wconf 94' lang='lat' dir='ltr'><strong>in</strong></span> <span class='ocrx_word' id='word_1_48' title='bbox 963 1000 1028 1064; x_wconf 86' lang='lat' dir='ltr'><strong>line</strong></span> <span class='ocrx_word' id='word_1_49' title='bbox 1052 1000 1139 1064; x_wconf 88' lang='lat' dir='ltr'><strong>vitae</strong></span> <span class='ocrx_word' id='word_1_50' title='bbox 1157 1000 1195 1064; x_wconf 89' lang='lat' dir='ltr'><strong>B·</strong></span> 
     </span>
     <span class='ocr_line' id='line_1_7' title="bbox 96 1095 1195 1184; baseline 0.001 -25"><span class='ocrx_word' id='word_1_51' title='bbox 96 1095 266 1180; x_wconf 80' lang='lat' dir='ltr'><strong>Augustini</strong></span> <span class='ocrx_word' id='word_1_52' title='bbox 290 1095 493 1161; x_wconf 84' lang='lat' dir='ltr'><strong>acciderunt.</strong></span> <span class='ocrx_word' id='word_1_53' title='bbox 539 1097 624 1162; x_wconf 90' lang='lat' dir='ltr'><strong>Nam</strong></span> <span class='ocrx_word' id='word_1_54' title='bbox 647 1119 753 1184; x_wconf 87' lang='lat' dir='ltr'><strong>neque</strong></span> <span class='ocrx_word' id='word_1_55' title='bbox 768 1098 801 1163; x_wconf 86' lang='lat' dir='ltr'><strong>S.</strong></span> <span class='ocrx_word' id='word_1_56' title='bbox 815 1097 1043 1162; x_wconf 78' lang='lat' dir='ltr'><strong>Eucharistiae</strong></span> <span class='ocrx_word' id='word_1_57' title='bbox 1067 1097 1195 1164; x_wconf 87' lang='lat' dir='ltr'><strong>Viatico</strong></span> 
     </span>
     <span class='ocr_line' id='line_1_8' title="bbox 95 1193 1196 1262; baseline 0.003 -6"><span class='ocrx_word' id='word_1_58' title='bbox 95 1215 164 1257; x_wconf 86' lang='lat' dir='ltr'><strong>eum</strong></span> <span class='ocrx_word' id='word_1_59' title='bbox 185 1194 346 1258; x_wconf 86' lang='lat' dir='ltr'><strong>refectum</strong></span> <span class='ocrx_word' id='word_1_60' title='bbox 368 1193 470 1258; x_wconf 86' lang='lat' dir='ltr'><strong>fuisse</strong></span> <span class='ocrx_word' id='word_1_61' title='bbox 493 1203 612 1259; x_wconf 81' lang='lat' dir='ltr'><strong>narrat</strong></span> <span class='ocrx_word' id='word_1_62' title='bbox 659 1195 759 1260; x_wconf 89' lang='lat' dir='ltr'><strong>Haud</strong></span> <span class='ocrx_word' id='word_1_63' title='bbox 790 1195 928 1260; x_wconf 90' lang='lat' dir='ltr'><strong>dubium</strong></span> <span class='ocrx_word' id='word_1_64' title='bbox 957 1205 1068 1260; x_wconf 86' lang='lat' dir='ltr'><strong>tamen</strong></span> <span class='ocrx_word' id='word_1_65' title='bbox 1091 1196 1196 1262; x_wconf 79' lang='lat' dir='ltr'><strong>estid</strong></span> 
     </span>
     <span class='ocr_line' id='line_1_9' title="bbox 92 1290 1197 1379; baseline 0.002 -25"><span class='ocrx_word' id='word_1_66' title='bbox 92 1290 211 1355; x_wconf 83' lang='lat' dir='ltr'><strong>factum</strong></span> <span class='ocrx_word' id='word_1_67' title='bbox 234 1291 345 1376; x_wconf 82' lang='lat' dir='ltr'><strong>fuisse,</strong></span> <span class='ocrx_word' id='word_1_68' title='bbox 370 1311 472 1377; x_wconf 91' lang='lat' dir='ltr'><strong>quum</strong></span> <span class='ocrx_word' id='word_1_69' title='bbox 503 1293 538 1356; x_wconf 89' lang='lat' dir='ltr'><strong>in</strong></span> <span class='ocrx_word' id='word_1_70' title='bbox 568 1312 658 1358; x_wconf 89' lang='lat' dir='ltr'><strong>more</strong></span> <span class='ocrx_word' id='word_1_71' title='bbox 679 1292 848 1358; x_wconf 72' lang='lat' dir='ltr'><strong>Ecclesiae</strong></span> <span class='ocrx_word' id='word_1_72' title='bbox 879 1295 1022 1379; x_wconf 90' lang='lat' dir='ltr'><strong>positum</strong></span> <span class='ocrx_word' id='word_1_73' title='bbox 1044 1303 1137 1378; x_wconf 85' lang='lat' dir='ltr'><strong>esset,</strong></span> <span class='ocrx_word' id='word_1_74' title='bbox 1162 1303 1197 1358; x_wconf 91' lang='lat' dir='ltr'><strong>ut</strong></span> 
     </span>
     <span class='ocr_line' id='line_1_10' title="bbox 94 1389 998 1478; baseline 0.008 -27"><span class='ocrx_word' id='word_1_75' title='bbox 94 1390 264 1452; x_wconf 88' lang='lat' dir='ltr'><strong>morientes</strong></span> <span class='ocrx_word' id='word_1_76' title='bbox 288 1399 437 1454; x_wconf 89' lang='lat' dir='ltr'><strong>sanctum</strong></span> <span class='ocrx_word' id='word_1_77' title='bbox 461 1391 596 1454; x_wconf 88' lang='lat' dir='ltr'><strong>Domini</strong></span> <span class='ocrx_word' id='word_1_78' title='bbox 621 1389 747 1476; x_wconf 80' lang='lat' dir='ltr'><strong>Corpus</strong></span> <span class='ocrx_word' id='word_1_79' title='bbox 770 1389 998 1478; x_wconf 84' lang='lat' dir='ltr'><strong>reciperent¹).</strong></span> 
     </span>
    </p>

    <p class='ocr_par' dir='ltr' id='par_1_3' title="bbox 83 1486 1349 2649">
     <span class='ocr_line' id='line_1_11' title="bbox 175 1486 1349 1574; baseline 0.004 -25"><span class='ocrx_word' id='word_1_80' title='bbox 175 1487 229 1552; x_wconf 77' lang='lat'><strong>51.</strong></span> <span class='ocrx_word' id='word_1_81' title='bbox 253 1487 474 1552; x_wconf 83' lang='lat' dir='ltr'><strong>Protestantea</strong></span> <span class='ocrx_word' id='word_1_82' title='bbox 498 1486 697 1573; x_wconf 87' lang='lat' dir='ltr'><strong>objectiones</strong></span> <span class='ocrx_word' id='word_1_83' title='bbox 711 1511 826 1574; x_wconf 83' lang='lat' dir='ltr'><strong>urgere</strong></span> <span class='ocrx_word' id='word_1_84' title='bbox 845 1489 949 1554; x_wconf 87' lang='lat' dir='ltr'><strong>solent</strong></span> <span class='ocrx_word' id='word_1_85' title='bbox 966 1511 1007 1554; x_wconf 87' lang='lat' dir='ltr'><strong>ex</strong></span> <span class='ocrx_word' id='word_1_86' title='bbox 1021 1488 1055 1556; x_wconf 79' lang='lat' dir='ltr'><strong>S.</strong></span> <span class='ocrx_word' id='word_1_87' title='bbox 1071 1491 1197 1556; x_wconf 75' lang='grc' dir='ltr'><strong>ιῙιιιιιιιιε</strong></span> <span class='ocrx_word' id='word_1_88' title='bbox 1222 1507 1243 1547; x_wconf 76' lang='lat' dir='ltr'><strong>s.</strong></span> <span class='ocrx_word' id='word_1_89' title='bbox 1259 1509 1349 1550; x_wconf 71' lang='lat' dir='ltr'><strong>smnus</strong></span> 
     </span>
     <span class='ocr_line' id='line_1_12' title="bbox 96 1568 1345 1674; baseline 0.005 -28"><span class='ocrx_word' id='word_1_90' title='bbox 96 1582 308 1670; x_wconf 69' lang='lat' dir='ltr'><strong>Gtryaommc</strong></span> <span class='ocrx_word' id='word_1_91' title='bbox 332 1605 517 1654; x_wconf 87' lang='lat' dir='ltr'><strong>successore</strong></span> <span class='ocrx_word' id='word_1_92' title='bbox 531 1585 688 1668; x_wconf 77' lang='lat' dir='ltr'><strong>Nectarii,</strong></span> <span class='ocrx_word' id='word_1_93' title='bbox 712 1607 749 1651; x_wconf 91' lang='lat' dir='ltr'><strong>eo</strong></span> <span class='ocrx_word' id='word_1_94' title='bbox 771 1587 859 1672; x_wconf 91' lang='lat' dir='ltr'><strong>quod</strong></span> <span class='ocrx_word' id='word_1_95' title='bbox 881 1589 1004 1673; x_wconf 87' lang='lat' dir='ltr'><strong>passim</strong></span> <span class='ocrx_word' id='word_1_96' title='bbox 1027 1590 1074 1652; x_wconf 83' lang='lat' dir='ltr'><strong>ita</strong></span> <span class='ocrx_word' id='word_1_97' title='bbox 1095 1588 1197 1674; x_wconf 88' lang='lat' dir='ltr'><strong>loqui·</strong></span> <span class='ocrx_word' id='word_1_98' title='bbox 1221 1568 1345 1672; x_wconf 46' lang='lat' dir='ltr'><strong>mm*</strong></span> 
     </span>
     <span class='ocr_line' id='line_1_13' title="bbox 92 1683 1198 1770; baseline 0.002 -24"><span class='ocrx_word' id='word_1_99' title='bbox 92 1691 155 1762; x_wconf 83' lang='lat' dir='ltr'><strong>tur,</strong></span> <span class='ocrx_word' id='word_1_100' title='bbox 178 1705 218 1745; x_wconf 89' lang='lat' dir='ltr'><strong>ac</strong></span> <span class='ocrx_word' id='word_1_101' title='bbox 242 1683 270 1746; x_wconf 86' lang='lat' dir='ltr'><strong>si</strong></span> <span class='ocrx_word' id='word_1_102' title='bbox 293 1703 314 1745; x_wconf 89' lang='lat' dir='ltr'><strong>a</strong></span> <span class='ocrx_word' id='word_1_103' title='bbox 337 1684 524 1768; x_wconf 88' lang='lat' dir='ltr'><strong>poenitente</strong></span> <span class='ocrx_word' id='word_1_104' title='bbox 547 1695 669 1748; x_wconf 70' lang='lat' dir='ltr'><strong>tamum</strong></span> <span class='ocrx_word' id='word_1_105' title='bbox 692 1709 730 1748; x_wconf 85' lang='lat' dir='ltr'><strong>cc</strong></span> <span class='ocrx_word' id='word_1_106' title='bbox 758 1684 912 1770; x_wconf 76' lang='lat' dir='ltr'><strong>confessio</strong></span> <span class='ocrx_word' id='word_1_107' title='bbox 946 1709 1024 1770; x_wconf 81' lang='lat' dir='ltr'><strong>quac</strong></span> <span class='ocrx_word' id='word_1_108' title='bbox 1046 1687 1114 1752; x_wconf 76' lang='lat' dir='ltr'><strong>Deo</strong></span> <span class='ocrx_word' id='word_1_109' title='bbox 1138 1686 1198 1752; x_wconf 79' lang='lat' dir='ltr'><strong>soli</strong></span> 
     </span>
     <span class='ocr_line' id='line_1_14' title="bbox 83 1780 1196 1870; baseline 0.003 -28"><span class='ocrx_word' id='word_1_110' title='bbox 83 1780 126 1862; x_wconf 77' lang='lat' dir='ltr'><strong>fit</strong></span> <span class='ocrx_word' id='word_1_111' title='bbox 145 1782 341 1865; x_wconf 86' lang='lat' dir='ltr'><strong>requiratur.</strong></span> <span class='ocrx_word' id='word_1_112' title='bbox 386 1781 438 1845; x_wconf 86' lang='lat' dir='ltr'><strong>Ita</strong></span> <span class='ocrx_word' id='word_1_113' title='bbox 461 1804 489 1846; x_wconf 88' lang='lat' dir='ltr'><strong>e.</strong></span> <span class='ocrx_word' id='word_1_114' title='bbox 512 1805 543 1866; x_wconf 83' lang='lat' dir='ltr'><strong>g.</strong></span> <span class='ocrx_word' id='word_1_115' title='bbox 567 1783 665 1847; x_wconf 89' lang='lat' dir='ltr'><strong>Hom.</strong></span> <span class='ocrx_word' id='word_1_116' title='bbox 695 1783 725 1847; x_wconf 91' lang='lat' dir='ltr'>V</span> <span class='ocrx_word' id='word_1_117' title='bbox 749 1783 791 1848; x_wconf 86' lang='lat' dir='ltr'><strong>da</strong></span> <span class='ocrx_word' id='word_1_118' title='bbox 813 1782 1141 1870; x_wconf 86' lang='lat' dir='ltr'><strong>Inoomprehensibili</strong></span> <span class='ocrx_word' id='word_1_119' title='bbox 1164 1807 1196 1850; x_wconf 90' lang='lat' dir='ltr'><strong>n.</strong></span> 
     </span>
     <span class='ocr_line' id='line_1_15' title="bbox 93 1877 1196 1966; baseline 0.004 -26"><span class='ocrx_word' id='word_1_120' title='bbox 93 1877 128 1941; x_wconf 78' lang='lat'><strong>7:</strong></span> <span class='ocrx_word' id='word_1_121' title='bbox 175 1877 381 1952; x_wconf 76' lang='lat' dir='ltr'><strong>Qrmmodrcm</strong></span> <span class='ocrx_word' id='word_1_122' title='bbox 418 1881 512 1943; x_wconf 66' lang='grc' dir='ltr'>ιὺἰαηι</span> <span class='ocrx_word' id='word_1_123' title='bbox 542 1891 635 1965; x_wconf 76' lang='lat' dir='ltr'><strong>atoue</strong></span> <span class='ocrx_word' id='word_1_124' title='bbox 667 1882 760 1944; x_wconf 86' lang='lat' dir='ltr'><strong>ctiam</strong></span> <span class='ocrx_word' id='word_1_125' title='bbox 794 1881 917 1959; x_wconf 74' lang='lat' dir='ltr'><strong>hortor,</strong></span> <span class='ocrx_word' id='word_1_126' title='bbox 953 1902 1028 1966; x_wconf 78' lang='lat' dir='ltr'><strong>repo</strong></span> <span class='ocrx_word' id='word_1_127' title='bbox 1065 1890 1094 1943; x_wconf 88' lang='lat' dir='ltr'><strong>et</strong></span> <span class='ocrx_word' id='word_1_128' title='bbox 1131 1902 1196 1959; x_wconf 83' lang='lat' dir='ltr'><strong>oro,</strong></span> 
     </span>
     <span class='ocr_line' id='line_1_16' title="bbox 91 1976 1197 2062; baseline 0.003 -23"><span class='ocrx_word' id='word_1_129' title='bbox 91 1987 125 2040; x_wconf 80' lang='lat' dir='ltr'><strong>ut</strong></span> <span class='ocrx_word' id='word_1_130' title='bbox 137 1976 324 2062; x_wconf 77' lang='lat' dir='ltr'><strong>frequenter</strong></span> <span class='ocrx_word' id='word_1_131' title='bbox 346 1977 414 2040; x_wconf 82' lang='lat' dir='ltr'><strong>Deo</strong></span> <span class='ocrx_word' id='word_1_132' title='bbox 438 1977 656 2062; x_wconf 71' lang='lat' dir='ltr'><strong>confiteorra&#39;m‘.</strong></span> <span class='ocrx_word' id='word_1_133' title='bbox 696 1979 772 2042; x_wconf 78' lang='lat' dir='ltr'><strong>Noe</strong></span> <span class='ocrx_word' id='word_1_134' title='bbox 796 1989 824 2042; x_wconf 85' lang='lat' dir='ltr'><strong>tc</strong></span> <span class='ocrx_word' id='word_1_135' title='bbox 845 1979 881 2044; x_wconf 83' lang='lat' dir='ltr'><strong>ia</strong></span> <span class='ocrx_word' id='word_1_136' title='bbox 904 1979 1056 2042; x_wconf 63' lang='lat' dir='ltr'><strong>ducam</strong></span> <span class='ocrx_word' id='word_1_137' title='bbox 1077 1999 1197 2042; x_wconf 65' lang='lat' dir='ltr'><strong>comer</strong></span> 
     </span>
     <span class='ocr_line' id='line_1_17' title="bbox 91 2074 1198 2161; baseline 0.002 -23"><span class='ocrx_word' id='word_1_138' title='bbox 91 2097 195 2138; x_wconf 77' lang='lat' dir='ltr'><strong>uorum</strong></span> <span class='ocrx_word' id='word_1_139' title='bbox 220 2085 344 2138; x_wconf 71' lang='lat' dir='ltr'><strong>morum</strong></span> <span class='ocrx_word' id='word_1_140' title='bbox 367 2074 455 2156; x_wconf 82' lang='lat' dir='ltr'><strong>daco,</strong></span> <span class='ocrx_word' id='word_1_141' title='bbox 478 2097 574 2161; x_wconf 78' lang='lat' dir='ltr'><strong>neque</strong></span> <span class='ocrx_word' id='word_1_142' title='bbox 601 2076 773 2140; x_wconf 77' lang='lat' dir='ltr'><strong>donsiua&#39;baa</strong></span> <span class='ocrx_word' id='word_1_143' title='bbox 793 2087 925 2161; x_wconf 80' lang='lat' dir='ltr'><strong>peccota</strong></span> <span class='ocrx_word' id='word_1_144' title='bbox 946 2074 1084 2140; x_wconf 84' lang='lat' dir='ltr'><strong>rcaelcra</strong></span> <span class='ocrx_word' id='word_1_145' title='bbox 1106 2097 1198 2161; x_wconf 77' lang='lat' dir='ltr'><strong>copo,·</strong></span> 
     </span>
     <span class='ocr_line' id='line_1_18' title="bbox 90 2170 1199 2260; baseline 0 -24"><span class='ocrx_word' id='word_1_146' title='bbox 90 2173 309 2236; x_wconf 66' lang='lat' dir='ltr'><strong>meander</strong></span> <span class='ocrx_word' id='word_1_147' title='bbox 330 2181 417 2236; x_wconf 80' lang='lat' dir='ltr'><strong>taam</strong></span> <span class='ocrx_word' id='word_1_148' title='bbox 438 2173 583 2259; x_wconf 72' lang='lat' dir='ltr'><strong>sapaudo</strong></span> <span class='ocrx_word' id='word_1_149' title='bbox 605 2195 709 2238; x_wconf 79' lang='lat' dir='ltr'><strong>coram</strong></span> <span class='ocrx_word' id='word_1_150' title='bbox 731 2173 810 2251; x_wconf 85' lang='lat' dir='ltr'><strong>Deo,</strong></span> <span class='ocrx_word' id='word_1_151' title='bbox 833 2173 959 2238; x_wconf 77' lang='lat' dir='ltr'><strong>ostrado</strong></span> <span class='ocrx_word' id='word_1_152' title='bbox 981 2173 1047 2260; x_wconf 83' lang='lat' dir='ltr'><strong>ipsi</strong></span> <span class='ocrx_word' id='word_1_153' title='bbox 1067 2170 1199 2236; x_wconf 72' lang='lat' dir='ltr'><strong>ccdrcm</strong></span> 
     </span>
     <span class='ocr_line' id='line_1_19' title="bbox 90 2268 1199 2358; baseline 0.001 -24"><span class='ocrx_word' id='word_1_154' title='bbox 90 2283 119 2334; x_wconf 81' lang='lat' dir='ltr'><strong>ct</strong></span> <span class='ocrx_word' id='word_1_155' title='bbox 141 2270 181 2334; x_wconf 83' lang='lat' dir='ltr'><strong>ab</strong></span> <span class='ocrx_word' id='word_1_156' title='bbox 204 2293 239 2333; x_wconf 85' lang='lat' dir='ltr'><strong>co</strong></span> <span class='ocrx_word' id='word_1_157' title='bbox 262 2269 487 2334; x_wconf 80' lang='lat' dir='ltr'><strong>medicamento</strong></span> <span class='ocrx_word' id='word_1_158' title='bbox 504 2268 646 2356; x_wconf 80' lang='lat' dir='ltr'><strong>postula,</strong></span> <span class='ocrx_word' id='word_1_159' title='bbox 679 2271 804 2334; x_wconf 76' lang='lat' dir='ltr'><strong>ostrado</strong></span> <span class='ocrx_word' id='word_1_160' title='bbox 831 2293 895 2335; x_wconf 79' lang='lat' dir='ltr'><strong>oon</strong></span> <span class='ocrx_word' id='word_1_161' title='bbox 917 2269 1122 2358; x_wconf 65' lang='lat' dir='ltr'><strong>exprobranti</strong></span> <span class='ocrx_word' id='word_1_162' title='bbox 1144 2271 1199 2335; x_wconf 82' lang='lat' dir='ltr'><strong>sad</strong></span> 
     </span>
     <span class='ocr_line' id='line_1_20' title="bbox 89 2365 1199 2454; baseline 0.001 -23"><span class='ocrx_word' id='word_1_163' title='bbox 89 2368 234 2447; x_wconf 51' lang='lat' dir='ltr'><strong>curun&amp;</strong></span> <span class='ocrx_word' id='word_1_164' title='bbox 257 2365 330 2431; x_wconf 78' lang='lat' dir='ltr'><strong>licat</strong></span> <span class='ocrx_word' id='word_1_165' title='bbox 352 2369 433 2430; x_wconf 80' lang='lat' dir='ltr'><strong>caim</strong></span> <span class='ocrx_word' id='word_1_166' title='bbox 454 2377 568 2446; x_wconf 80' lang='lat' dir='ltr'><strong>taceas,</strong></span> <span class='ocrx_word' id='word_1_167' title='bbox 592 2369 660 2454; x_wconf 83' lang='lat' dir='ltr'><strong>ipsa</strong></span> <span class='ocrx_word' id='word_1_168' title='bbox 691 2369 780 2432; x_wconf 80' lang='lat' dir='ltr'><strong>nouit</strong></span> <span class='ocrx_word' id='word_1_169' title='bbox 800 2369 915 2434; x_wconf 71' lang='lat' dir='ltr'><strong>arania.</strong></span> <span class='ocrx_word' id='word_1_170' title='bbox 961 2369 1023 2432; x_wconf 83' lang='lat' dir='ltr'><strong>Dic</strong></span> <span class='ocrx_word' id='word_1_171' title='bbox 1044 2370 1142 2453; x_wconf 74' lang='lat' dir='ltr'><strong>ipitar</strong></span> <span class='ocrx_word' id='word_1_172' title='bbox 1164 2379 1199 2432; x_wconf 84' lang='lat' dir='ltr'><strong>ct</strong></span> 
     </span>
     <span class='ocr_line' id='line_1_21' title="bbox 89 2463 1198 2553; baseline 0.003 -24"><span class='ocrx_word' id='word_1_173' title='bbox 89 2466 125 2529; x_wconf 84' lang='lat' dir='ltr'><strong>id</strong></span> <span class='ocrx_word' id='word_1_174' title='bbox 147 2464 234 2528; x_wconf 84' lang='lat' dir='ltr'><strong>lucro</strong></span> <span class='ocrx_word' id='word_1_175' title='bbox 259 2463 317 2527; x_wconf 78' lang='lat' dir='ltr'><strong>tibi</strong></span> <span class='ocrx_word' id='word_1_176' title='bbox 338 2465 391 2543; x_wconf 80' lang='lat' dir='ltr'><strong>ait,</strong></span> <span class='ocrx_word' id='word_1_177' title='bbox 414 2465 475 2547; x_wconf 88' lang='lat' dir='ltr'><strong>dic,</strong></span> <span class='ocrx_word' id='word_1_178' title='bbox 498 2476 534 2529; x_wconf 85' lang='lat' dir='ltr'><strong>ot</strong></span> <span class='ocrx_word' id='word_1_179' title='bbox 563 2463 632 2530; x_wconf 80' lang='lat' dir='ltr'><strong>illis</strong></span> <span class='ocrx_word' id='word_1_180' title='bbox 658 2465 706 2528; x_wconf 83' lang='lat' dir='ltr'><strong>dic</strong></span> <span class='ocrx_word' id='word_1_181' title='bbox 729 2466 881 2552; x_wconf 79' lang='lat' dir='ltr'><strong>depositio</strong></span> <span class='ocrx_word' id='word_1_182' title='bbox 903 2465 959 2530; x_wconf 86' lang='lat' dir='ltr'><strong>illo</strong></span> <span class='ocrx_word' id='word_1_183' title='bbox 983 2467 1198 2553; x_wconf 69' lang='lat' dir='ltr'><strong>obsaeptam</strong></span> 
     </span>
     <span class='ocr_line' id='line_1_22' title="bbox 90 2561 1134 2649; baseline 0.004 -23"><span class='ocrx_word' id='word_1_184' title='bbox 90 2573 119 2626; x_wconf 84' lang='lat' dir='ltr'><strong>ct</strong></span> <span class='ocrx_word' id='word_1_185' title='bbox 139 2584 266 2644; x_wconf 69' lang='lat' dir='ltr'><strong>emaus,</strong></span> <span class='ocrx_word' id='word_1_186' title='bbox 291 2573 321 2626; x_wconf 83' lang='lat' dir='ltr'><strong>at</strong></span> <span class='ocrx_word' id='word_1_187' title='bbox 342 2563 382 2626; x_wconf 79' lang='lat' dir='ltr'><strong>ab</strong></span> <span class='ocrx_word' id='word_1_188' title='bbox 404 2561 608 2628; x_wconf 79' lang='lat' dir='ltr'><strong>intoleranda</strong></span> <span class='ocrx_word' id='word_1_189' title='bbox 625 2561 877 2649; x_wconf 73' lang='lat' dir='ltr'><strong>prmulpotiouc</strong></span> <span class='ocrx_word' id='word_1_190' title='bbox 899 2563 960 2628; x_wconf 80' lang='lat' dir='ltr'><strong>illc</strong></span> <span class='ocrx_word' id='word_1_191' title='bbox 983 2564 1134 2630; x_wconf 82' lang='lat' dir='ltr'><strong>libereris.</strong></span> 
     </span>
    </p>

    <p class='ocr_par' dir='ltr' id='par_1_4' title="bbox 87 2659 1196 3432">
     <span class='ocr_line' id='line_1_23' title="bbox 176 2659 1196 2748; baseline 0.004 -24"><span class='ocrx_word' id='word_1_192' title='bbox 176 2661 231 2726; x_wconf 82' lang='lat'><strong>52.</strong></span> <span class='ocrx_word' id='word_1_193' title='bbox 255 2661 311 2725; x_wconf 88' lang='lat' dir='ltr'><strong>Ad</strong></span> <span class='ocrx_word' id='word_1_194' title='bbox 324 2659 517 2725; x_wconf 87' lang='lat' dir='ltr'><strong>solutionem</strong></span> <span class='ocrx_word' id='word_1_195' title='bbox 529 2660 627 2746; x_wconf 89' lang='lat' dir='ltr'><strong>hujus</strong></span> <span class='ocrx_word' id='word_1_196' title='bbox 636 2660 841 2726; x_wconf 84' lang='lat' dir='ltr'><strong>difficultatis</strong></span> <span class='ocrx_word' id='word_1_197' title='bbox 854 2671 924 2726; x_wconf 85' lang='lat' dir='ltr'><strong>tum</strong></span> <span class='ocrx_word' id='word_1_198' title='bbox 941 2663 1048 2748; x_wconf 87' lang='lat' dir='ltr'><strong>quoad</strong></span> <span class='ocrx_word' id='word_1_199' title='bbox 1060 2661 1196 2747; x_wconf 78' lang='lat' dir='ltr'><strong>Chryso·</strong></span> 
     </span>
     <span class='ocr_line' id='line_1_24' title="bbox 90 2758 1195 2846; baseline 0.003 -23"><span class='ocrx_word' id='word_1_200' title='bbox 90 2768 230 2823; x_wconf 86' lang='lat' dir='ltr'><strong>stomum</strong></span> <span class='ocrx_word' id='word_1_201' title='bbox 252 2767 322 2822; x_wconf 84' lang='lat' dir='ltr'><strong>tum</strong></span> <span class='ocrx_word' id='word_1_202' title='bbox 343 2759 452 2844; x_wconf 90' lang='lat' dir='ltr'><strong>quoad</strong></span> <span class='ocrx_word' id='word_1_203' title='bbox 470 2781 572 2823; x_wconf 91' lang='lat' dir='ltr'><strong>unum</strong></span> <span class='ocrx_word' id='word_1_204' title='bbox 592 2758 774 2822; x_wconf 82' lang='lat' dir='ltr'><strong>alterumve</strong></span> <span class='ocrx_word' id='word_1_205' title='bbox 795 2759 897 2824; x_wconf 84' lang='lat' dir='ltr'><strong>alium</strong></span> <span class='ocrx_word' id='word_1_206' title='bbox 911 2760 1058 2842; x_wconf 80' lang='lat' dir='ltr'><strong>Patrem,</strong></span> <span class='ocrx_word' id='word_1_207' title='bbox 1084 2781 1195 2846; x_wconf 90' lang='lat' dir='ltr'><strong>oppor-</strong></span> 
     </span>
     <span class='ocr_line' id='line_1_25' title="bbox 89 2853 1196 2944; baseline 0.005 -26"><span class='ocrx_word' id='word_1_208' title='bbox 89 2864 167 2919; x_wconf 86' lang='lat' dir='ltr'><strong>tuna</strong></span> <span class='ocrx_word' id='word_1_209' title='bbox 206 2853 288 2919; x_wconf 89' lang='lat' dir='ltr'><strong>hacc</strong></span> <span class='ocrx_word' id='word_1_210' title='bbox 327 2857 433 2921; x_wconf 82' lang='lat' dir='ltr'><strong>notari</strong></span> <span class='ocrx_word' id='word_1_211' title='bbox 468 2866 622 2943; x_wconf 73' lang='lat' dir='ltr'><strong>possuntt</strong></span> <span class='ocrx_word' id='word_1_212' title='bbox 671 2859 707 2922; x_wconf 87' lang='lat'><strong>1⁰</strong></span> <span class='ocrx_word' id='word_1_213' title='bbox 733 2855 794 2922; x_wconf 89' lang='lat' dir='ltr'><strong>Illa</strong></span> <span class='ocrx_word' id='word_1_214' title='bbox 820 2859 918 2924; x_wconf 87' lang='lat' dir='ltr'><strong>effata</strong></span> <span class='ocrx_word' id='word_1_215' title='bbox 945 2860 1051 2943; x_wconf 86' lang='lat' dir='ltr'><strong>accipi</strong></span> <span class='ocrx_word' id='word_1_216' title='bbox 1078 2879 1196 2944; x_wconf 86' lang='lat' dir='ltr'><strong>neque·</strong></span> 
     </span>
     <span class='ocr_line' id='line_1_26' title="bbox 90 2953 1195 3042; baseline 0.004 -26"><span class='ocrx_word' id='word_1_217' title='bbox 90 2963 149 3018; x_wconf 89' lang='lat' dir='ltr'><strong>unt</strong></span> <span class='ocrx_word' id='word_1_218' title='bbox 172 2955 228 3034; x_wconf 82' lang='lat' dir='ltr'><strong>ita,</strong></span> <span class='ocrx_word' id='word_1_219' title='bbox 253 2962 290 3016; x_wconf 85' lang='lat' dir='ltr'><strong>ut</strong></span> <span class='ocrx_word' id='word_1_220' title='bbox 313 2975 424 3018; x_wconf 88' lang='lat' dir='ltr'><strong>secum</strong></span> <span class='ocrx_word' id='word_1_221' title='bbox 455 2963 617 3040; x_wconf 81' lang='lat' dir='ltr'><strong>pugnaret</strong></span> <span class='ocrx_word' id='word_1_222' title='bbox 649 2953 909 3039; x_wconf 74' lang='lat' dir='ltr'><strong>chrysostomus,</strong></span> <span class='ocrx_word' id='word_1_223' title='bbox 943 2955 1031 3042; x_wconf 89' lang='lat' dir='ltr'><strong>quod</strong></span> <span class='ocrx_word' id='word_1_224' title='bbox 1054 2955 1146 3022; x_wconf 87' lang='lat' dir='ltr'><strong>fieret</strong></span> <span class='ocrx_word' id='word_1_225' title='bbox 1169 2959 1195 3024; x_wconf 90' lang='lat' dir='ltr'><strong>si</strong></span> 
     </span>
     <span class='ocr_line' id='line_1_27' title="bbox 89 3048 1195 3142; baseline 0.005 -29"><span class='ocrx_word' id='word_1_226' title='bbox 89 3048 320 3114; x_wconf 86' lang='lat' dir='ltr'><strong>excluderetur</strong></span> <span class='ocrx_word' id='word_1_227' title='bbox 342 3049 459 3115; x_wconf 89' lang='lat' dir='ltr'><strong>iisdem</strong></span> <span class='ocrx_word' id='word_1_228' title='bbox 493 3053 669 3116; x_wconf 85' lang='lat' dir='ltr'><strong>necessitas</strong></span> <span class='ocrx_word' id='word_1_229' title='bbox 697 3053 919 3118; x_wconf 82' lang='lat' dir='ltr'><strong>consessionis.</strong></span> <span class='ocrx_word' id='word_1_230' title='bbox 965 3053 1065 3140; x_wconf 85' lang='lat' dir='ltr'><strong>Apud</strong></span> <span class='ocrx_word' id='word_1_231' title='bbox 1089 3056 1195 3142; x_wconf 93' lang='lat' dir='ltr'><strong>ipsum</strong></span> 
     </span>
     <span class='ocr_line' id='line_1_28' title="bbox 88 3149 1196 3235; baseline 0.005 -23"><span class='ocrx_word' id='word_1_232' title='bbox 88 3151 179 3214; x_wconf 86' lang='lat' dir='ltr'><strong>enim</strong></span> <span class='ocrx_word' id='word_1_233' title='bbox 202 3149 417 3212; x_wconf 84' lang='lat' dir='ltr'><strong>inveniuntur</strong></span> <span class='ocrx_word' id='word_1_234' title='bbox 439 3149 520 3214; x_wconf 88' lang='lat' dir='ltr'><strong>haec</strong></span> <span class='ocrx_word' id='word_1_235' title='bbox 533 3150 718 3235; x_wconf 85' lang='lat' dir='ltr'><strong>principia:</strong></span> <span class='ocrx_word' id='word_1_236' title='bbox 742 3149 776 3235; x_wconf 88' lang='lat' dir='ltr'><strong>a)</strong></span> <span class='ocrx_word' id='word_1_237' title='bbox 792 3151 1019 3216; x_wconf 87' lang='lat' dir='ltr'><strong>Necessarium</strong></span> <span class='ocrx_word' id='word_1_238' title='bbox 1033 3173 1103 3218; x_wconf 85' lang='lat' dir='ltr'><strong>esse</strong></span> <span class='ocrx_word' id='word_1_239' title='bbox 1118 3151 1196 3218; x_wconf 87' lang='lat' dir='ltr'><strong>fide·</strong></span> 
     </span>
     <span class='ocr_line' id='line_1_29' title="bbox 87 3245 1196 3337; baseline 0.004 -27"><span class='ocrx_word' id='word_1_240' title='bbox 87 3245 177 3310; x_wconf 91' lang='lat' dir='ltr'><strong>libus</strong></span> <span class='ocrx_word' id='word_1_241' title='bbox 200 3267 259 3309; x_wconf 89' lang='lat' dir='ltr'><strong>sua</strong></span> <span class='ocrx_word' id='word_1_242' title='bbox 282 3255 418 3332; x_wconf 85' lang='lat' dir='ltr'><strong>peccate</strong></span> <span class='ocrx_word' id='word_1_243' title='bbox 432 3246 580 3312; x_wconf 84' lang='lat' dir='ltr'><strong>confiteri</strong></span> <span class='ocrx_word' id='word_1_244' title='bbox 596 3246 829 3314; x_wconf 88' lang='lat' dir='ltr'><strong>sacerdotibus.</strong></span> <span class='ocrx_word' id='word_1_245' title='bbox 863 3247 898 3334; x_wconf 88' lang='lat' dir='ltr'><strong>b)</strong></span> <span class='ocrx_word' id='word_1_246' title='bbox 922 3249 994 3314; x_wconf 89' lang='lat' dir='ltr'><strong>Non</strong></span> <span class='ocrx_word' id='word_1_247' title='bbox 1015 3271 1107 3336; x_wconf 86' lang='lat' dir='ltr'><strong>posse</strong></span> <span class='ocrx_word' id='word_1_248' title='bbox 1123 3273 1196 3337; x_wconf 88' lang='lat' dir='ltr'><strong>pec-</strong></span> 
     </span>
     <span class='ocr_line' id='line_1_30' title="bbox 88 3344 1193 3432; baseline 0.005 -24"><span class='ocrx_word' id='word_1_249' title='bbox 88 3354 165 3408; x_wconf 86' lang='lat' dir='ltr'><strong>cata</strong></span> <span class='ocrx_word' id='word_1_250' title='bbox 187 3345 323 3426; x_wconf 84' lang='lat' dir='ltr'><strong>remitti,</strong></span> <span class='ocrx_word' id='word_1_251' title='bbox 354 3346 417 3408; x_wconf 90' lang='lat' dir='ltr'><strong>nisi</strong></span> <span class='ocrx_word' id='word_1_252' title='bbox 442 3344 606 3410; x_wconf 88' lang='lat' dir='ltr'><strong>medicina</strong></span> <span class='ocrx_word' id='word_1_253' title='bbox 629 3355 760 3430; x_wconf 85' lang='lat' dir='ltr'><strong>recepta</strong></span> <span class='ocrx_word' id='word_1_254' title='bbox 787 3345 829 3412; x_wconf 88' lang='lat' dir='ltr'><strong>ab</strong></span> <span class='ocrx_word' id='word_1_255' title='bbox 853 3347 903 3427; x_wconf 90' lang='lat' dir='ltr'><strong>iis,</strong></span> <span class='ocrx_word' id='word_1_256' title='bbox 927 3347 1047 3432; x_wconf 89' lang='lat' dir='ltr'><strong>quibus</strong></span> <span class='ocrx_word' id='word_1_257' title='bbox 1070 3347 1193 3414; x_wconf 88' lang='lat' dir='ltr'><strong>dictum</strong></span> 
     </span>
    </p>
   </div>
   <div class='ocr_carea' id='block_1_3' title="bbox 2 3599 1196 4310">
    <p class='ocr_par' dir='ltr' id='par_1_5' title="bbox 2 3599 1196 4234">
     <span class='ocr_line' id='line_1_31' title="bbox 167 3599 1195 3673; baseline 0.008 -20"><span class='ocrx_word' id='word_1_258' title='bbox 167 3601 186 3668; x_wconf 89' lang='lat'><strong>¹)</strong></span> <span class='ocrx_word' id='word_1_259' title='bbox 204 3599 236 3654; x_wconf 86' lang='lat' dir='ltr'><strong>Id</strong></span> <span class='ocrx_word' id='word_1_260' title='bbox 253 3616 279 3655; x_wconf 81' lang='lat' dir='ltr'><strong>v.</strong></span> <span class='ocrx_word' id='word_1_261' title='bbox 297 3616 325 3670; x_wconf 80' lang='lat' dir='ltr'><strong>g.</strong></span> <span class='ocrx_word' id='word_1_262' title='bbox 344 3605 457 3669; x_wconf 87' lang='lat' dir='ltr'><strong>apparet</strong></span> <span class='ocrx_word' id='word_1_263' title='bbox 474 3600 579 3656; x_wconf 86' lang='lat' dir='ltr'><strong>inVita</strong></span> <span class='ocrx_word' id='word_1_264' title='bbox 597 3600 622 3658; x_wconf 83' lang='lat' dir='ltr'><strong>S.</strong></span> <span class='ocrx_word' id='word_1_265' title='bbox 642 3600 774 3658; x_wconf 87' lang='lat' dir='ltr'><strong>Ambrosii</strong></span> <span class='ocrx_word' id='word_1_266' title='bbox 792 3601 935 3658; x_wconf 87' lang='lat' dir='ltr'><strong>aPaulino</strong></span> <span class='ocrx_word' id='word_1_267' title='bbox 953 3601 1071 3673; x_wconf 84' lang='lat' dir='ltr'><strong>scripta:</strong></span> <span class='ocrx_word' id='word_1_268' title='bbox 1092 3603 1195 3673; x_wconf 86' lang='lat' dir='ltr'><strong>„Hono-</strong></span> 
     </span>
     <span class='ocr_line' id='line_1_32' title="bbox 87 3679 1196 3753; baseline 0.004 -17"><span class='ocrx_word' id='word_1_269' title='bbox 87 3689 167 3736; x_wconf 84' lang='lat' dir='ltr'><strong>ratus</strong></span> <span class='ocrx_word' id='word_1_270' title='bbox 185 3681 278 3746; x_wconf 86' lang='lat' dir='ltr'><strong>etiam,</strong></span> <span class='ocrx_word' id='word_1_271' title='bbox 297 3679 398 3746; x_wconf 86' lang='lat' dir='ltr'><strong>scribit,</strong></span> <span class='ocrx_word' id='word_1_272' title='bbox 417 3681 537 3736; x_wconf 85' lang='lat' dir='ltr'><strong>sacerdos</strong></span> <span class='ocrx_word' id='word_1_273' title='bbox 556 3681 682 3736; x_wconf 87' lang='lat' dir='ltr'><strong>ecclesiae</strong></span> <span class='ocrx_word' id='word_1_274' title='bbox 691 3681 820 3738; x_wconf 81' lang='lat' dir='ltr'><strong>Vercellis</strong></span> <span class='ocrx_word' id='word_1_275' title='bbox 830 3699 888 3738; x_wconf 72' lang='lat' dir='ltr'><strong>curm</strong></span> <span class='ocrx_word' id='word_1_276' title='bbox 906 3685 934 3740; x_wconf 92' lang='lat' dir='ltr'><strong>in</strong></span> <span class='ocrx_word' id='word_1_277' title='bbox 953 3685 1133 3753; x_wconf 84' lang='lat' dir='ltr'><strong>superioribus</strong></span> <span class='ocrx_word' id='word_1_278' title='bbox 1151 3687 1196 3740; x_wconf 86' lang='lat' dir='ltr'><strong>do-</strong></span> 
     </span>
     <span class='ocr_line' id='line_1_33' title="bbox 87 3759 1195 3828; baseline 0.005 -12"><span class='ocrx_word' id='word_1_279' title='bbox 87 3777 146 3816; x_wconf 83' lang='lat' dir='ltr'><strong>nus</strong></span> <span class='ocrx_word' id='word_1_280' title='bbox 168 3775 194 3813; x_wconf 89' lang='lat' dir='ltr'><strong>sa</strong></span> <span class='ocrx_word' id='word_1_281' title='bbox 213 3759 451 3828; x_wconf 87' lang='lat' dir='ltr'><strong>adquiescendum</strong></span> <span class='ocrx_word' id='word_1_282' title='bbox 474 3761 668 3828; x_wconf 80' lang='lat' dir='ltr'><strong>composuisset.</strong></span> <span class='ocrx_word' id='word_1_283' title='bbox 694 3763 776 3816; x_wconf 86' lang='lat' dir='ltr'><strong>tertio</strong></span> <span class='ocrx_word' id='word_1_284' title='bbox 796 3779 885 3818; x_wconf 80' lang='lat' dir='ltr'><strong>vocem</strong></span> <span class='ocrx_word' id='word_1_285' title='bbox 903 3764 1025 3820; x_wconf 73' lang='lat' dir='ltr'><strong>vooentis</strong></span> <span class='ocrx_word' id='word_1_286' title='bbox 1043 3781 1071 3819; x_wconf 87' lang='lat' dir='ltr'><strong>sc</strong></span> <span class='ocrx_word' id='word_1_287' title='bbox 1090 3765 1195 3822; x_wconf 66' lang='lat' dir='ltr'><strong>audiut</strong></span> 
     </span>
     <span class='ocr_line' id='line_1_34' title="bbox 87 3839 1194 3910; baseline 0.005 -14"><span class='ocrx_word' id='word_1_288' title='bbox 87 3840 254 3907; x_wconf 71' lang='lat' dir='ltr'><strong>doeudsqnc</strong></span> <span class='ocrx_word' id='word_1_289' title='bbox 272 3839 340 3894; x_wconf 89' lang='lat' dir='ltr'><strong>sibi:</strong></span> <span class='ocrx_word' id='word_1_290' title='bbox 359 3840 453 3910; x_wconf 73' lang='lat' dir='ltr'><strong>Surge,</strong></span> <span class='ocrx_word' id='word_1_291' title='bbox 472 3840 579 3907; x_wconf 69' lang='lat' dir='ltr'><strong>latina</strong></span> <span class='ocrx_word' id='word_1_292' title='bbox 599 3842 663 3908; x_wconf 86' lang='lat' dir='ltr'><strong>quia</strong></span> <span class='ocrx_word' id='word_1_293' title='bbox 680 3843 756 3898; x_wconf 89' lang='lat' dir='ltr'><strong>modo</strong></span> <span class='ocrx_word' id='word_1_294' title='bbox 774 3849 816 3897; x_wconf 90' lang='lat' dir='ltr'><strong>est</strong></span> <span class='ocrx_word' id='word_1_295' title='bbox 834 3859 991 3902; x_wconf 68' lang='lat' dir='ltr'><strong>maturus.</strong></span> <span class='ocrx_word' id='word_1_296' title='bbox 1021 3843 1073 3910; x_wconf 83' lang='lat' dir='ltr'><strong>Qui</strong></span> <span class='ocrx_word' id='word_1_297' title='bbox 1089 3845 1194 3902; x_wconf 84' lang='lat' dir='ltr'><strong>descen-</strong></span> 
     </span>
     <span class='ocr_line' id='line_1_35' title="bbox 87 3919 1195 3994; baseline 0.005 -20"><span class='ocrx_word' id='word_1_298' title='bbox 87 3921 154 3976; x_wconf 86' lang='lat' dir='ltr'><strong>dens</strong></span> <span class='ocrx_word' id='word_1_299' title='bbox 179 3919 278 3976; x_wconf 86' lang='lat' dir='ltr'><strong>obtulit</strong></span> <span class='ocrx_word' id='word_1_300' title='bbox 294 3926 416 3976; x_wconf 85' lang='lat' dir='ltr'><strong>sanctum</strong></span> <span class='ocrx_word' id='word_1_301' title='bbox 433 3921 540 3976; x_wconf 89' lang='lat' dir='ltr'><strong>Domini</strong></span> <span class='ocrx_word' id='word_1_302' title='bbox 567 3937 668 3992; x_wconf 85' lang='lat' dir='ltr'><strong>corpus,</strong></span> <span class='ocrx_word' id='word_1_303' title='bbox 697 3939 748 3990; x_wconf 86' lang='lat' dir='ltr'><strong>quo</strong></span> <span class='ocrx_word' id='word_1_304' title='bbox 766 3929 874 3994; x_wconf 87' lang='lat' dir='ltr'><strong>accepto</strong></span> <span class='ocrx_word' id='word_1_305' title='bbox 901 3924 947 3978; x_wconf 90' lang='lat' dir='ltr'><strong>ubi</strong></span> <span class='ocrx_word' id='word_1_306' title='bbox 965 3924 1087 3994; x_wconf 77' lang='lat' dir='ltr'><strong>glutivit,</strong></span> <span class='ocrx_word' id='word_1_307' title='bbox 1106 3924 1195 3982; x_wconf 85' lang='lat' dir='ltr'><strong>emisit</strong></span> 
     </span>
     <span class='ocr_line' id='line_1_36' title="bbox 2 3994 1194 4070; baseline 0.003 -13"><span class='ocrx_word' id='word_1_308' title='bbox 2 3994 7 4013; x_wconf 82' lang='lat'>¹</span> <span class='ocrx_word' id='word_1_309' title='bbox 86 4002 222 4070; x_wconf 84' lang='lat' dir='ltr'><strong>spiritum,</strong></span> <span class='ocrx_word' id='word_1_310' title='bbox 240 4000 338 4054; x_wconf 88' lang='lat' dir='ltr'><strong>bonum</strong></span> <span class='ocrx_word' id='word_1_311' title='bbox 365 4000 494 4054; x_wconf 79' lang='lat' dir='ltr'><strong>viaticum</strong></span> <span class='ocrx_word' id='word_1_312' title='bbox 517 4016 606 4056; x_wconf 88' lang='lat' dir='ltr'><strong>secum</strong></span> <span class='ocrx_word' id='word_1_313' title='bbox 624 4002 712 4056; x_wconf 81' lang='lat' dir='ltr'><strong>ferens</strong></span> <span class='ocrx_word' id='word_1_314' title='bbox 731 4007 763 4055; x_wconf 86' lang='lat' dir='ltr'><strong>ut</strong></span> <span class='ocrx_word' id='word_1_315' title='bbox 784 4001 814 4056; x_wconf 91' lang='lat' dir='ltr'><strong>in</strong></span> <span class='ocrx_word' id='word_1_316' title='bbox 832 4005 935 4058; x_wconf 82' lang='lat' dir='ltr'><strong>virtute</strong></span> <span class='ocrx_word' id='word_1_317' title='bbox 953 4019 1028 4058; x_wconf 86' lang='lat' dir='ltr'><strong>escae</strong></span> <span class='ocrx_word' id='word_1_318' title='bbox 1047 4005 1137 4060; x_wconf 86' lang='lat' dir='ltr'><strong>anima</strong></span> <span class='ocrx_word' id='word_1_319' title='bbox 1154 4022 1194 4061; x_wconf 88' lang='lat' dir='ltr'><strong>re-</strong></span> 
     </span>
     <span class='ocr_line' id='line_1_37' title="bbox 88 4080 1194 4150; baseline 0.005 -15"><span class='ocrx_word' id='word_1_320' title='bbox 88 4081 185 4137; x_wconf 81' lang='lat' dir='ltr'><strong>rectior</strong></span> <span class='ocrx_word' id='word_1_321' title='bbox 203 4080 360 4150; x_wconf 85' lang='lat' dir='ltr'><strong>angelorum</strong></span> <span class='ocrx_word' id='word_1_322' title='bbox 379 4097 449 4136; x_wconf 88' lang='lat' dir='ltr'><strong>nunc</strong></span> <span class='ocrx_word' id='word_1_323' title='bbox 467 4081 599 4136; x_wconf 89' lang='lat' dir='ltr'><strong>consortio</strong></span> <span class='ocrx_word' id='word_1_324' title='bbox 617 4097 729 4150; x_wconf 89' lang='lat' dir='ltr'><strong>quorum</strong></span> <span class='ocrx_word' id='word_1_325' title='bbox 753 4081 812 4136; x_wconf 81' lang='lat' dir='ltr'><strong>vita</strong></span> <span class='ocrx_word' id='word_1_326' title='bbox 830 4083 900 4136; x_wconf 75' lang='lat' dir='ltr'><strong>vixit</strong></span> <span class='ocrx_word' id='word_1_327' title='bbox 918 4083 947 4138; x_wconf 93' lang='lat' dir='ltr'><strong>in</strong></span> <span class='ocrx_word' id='word_1_328' title='bbox 965 4083 1052 4147; x_wconf 84' lang='lat' dir='ltr'><strong>terris,</strong></span> <span class='ocrx_word' id='word_1_329' title='bbox 1071 4090 1099 4138; x_wconf 88' lang='lat' dir='ltr'><strong>et</strong></span> <span class='ocrx_word' id='word_1_330' title='bbox 1117 4085 1194 4141; x_wconf 81' lang='lat' dir='ltr'><strong>Elias</strong></span> 
     </span>
     <span class='ocr_line' id='line_1_38' title="bbox 88 4160 1193 4234; baseline 0.002 -16"><span class='ocrx_word' id='word_1_331' title='bbox 88 4163 218 4218; x_wconf 71' lang='lat' dir='ltr'><strong>adeste</strong></span> <span class='ocrx_word' id='word_1_332' title='bbox 236 4160 362 4224; x_wconf 88' lang='lat' dir='ltr'><strong>laetetur,</strong></span> <span class='ocrx_word' id='word_1_333' title='bbox 381 4161 445 4228; x_wconf 86' lang='lat' dir='ltr'><strong>quia</strong></span> <span class='ocrx_word' id='word_1_334' title='bbox 461 4161 578 4216; x_wconf 81' lang='lat' dir='ltr'><strong>utElias</strong></span> <span class='ocrx_word' id='word_1_335' title='bbox 590 4176 726 4229; x_wconf 87' lang='lat' dir='ltr'><strong>nunquam</strong></span> <span class='ocrx_word' id='word_1_336' title='bbox 739 4163 846 4232; x_wconf 81' lang='lat' dir='ltr'><strong>regibus</strong></span> <span class='ocrx_word' id='word_1_337' title='bbox 865 4163 908 4218; x_wconf 86' lang='lat' dir='ltr'><strong>rel</strong></span> <span class='ocrx_word' id='word_1_338' title='bbox 925 4162 988 4217; x_wconf 88' lang='lat' dir='ltr'><strong>ullis</strong></span> <span class='ocrx_word' id='word_1_339' title='bbox 1006 4165 1193 4234; x_wconf 82' lang='lat' dir='ltr'><strong>potestatibus,</strong></span> 
     </span>
    </p>

    <p class='ocr_par' dir='ltr' id='par_1_6' title="bbox 88 4239 917 4310">
     <span class='ocr_line' id='line_1_39' title="bbox 88 4239 917 4310; baseline 0.002 -14"><span class='ocrx_word' id='word_1_340' title='bbox 88 4241 124 4296; x_wconf 79' lang='lat' dir='ltr'><strong>its</strong></span> <span class='ocrx_word' id='word_1_341' title='bbox 143 4255 195 4295; x_wconf 86' lang='lat' dir='ltr'><strong>nec</strong></span> <span class='ocrx_word' id='word_1_342' title='bbox 213 4239 266 4294; x_wconf 84' lang='lat' dir='ltr'><strong>iste</strong></span> <span class='ocrx_word' id='word_1_343' title='bbox 282 4255 332 4310; x_wconf 87' lang='lat' dir='ltr'><strong>pro</strong></span> <span class='ocrx_word' id='word_1_344' title='bbox 349 4240 399 4295; x_wconf 86' lang='lat' dir='ltr'><strong>Dei</strong></span> <span class='ocrx_word' id='word_1_345' title='bbox 419 4241 513 4295; x_wconf 89' lang='lat' dir='ltr'><strong>timore</strong></span> <span class='ocrx_word' id='word_1_346' title='bbox 530 4240 602 4309; x_wconf 84' lang='lat' dir='ltr'><strong>loqui</strong></span> <span class='ocrx_word' id='word_1_347' title='bbox 620 4241 725 4298; x_wconf 81' lang='lat' dir='ltr'><strong>veritus</strong></span> <span class='ocrx_word' id='word_1_348' title='bbox 743 4245 809 4298; x_wconf 69' lang='lat' dir='ltr'><strong>cst‘</strong></span> <span class='ocrx_word' id='word_1_349' title='bbox 827 4243 855 4297; x_wconf 84' lang='lat' dir='ltr'><strong>G.</strong></span> <span class='ocrx_word' id='word_1_350' title='bbox 877 4244 917 4298; x_wconf 87' lang='lat'><strong>10.</strong></span> 
     </span>
    </p>
   </div>
   <div class='ocr_carea' id='block_1_4' title="bbox 0 0 1410 4846">
    <p class='ocr_par' dir='ltr' id='par_1_7' title="bbox 0 0 1410 4846">
     <span class='ocr_line' id='line_1_40' title="bbox 0 0 1410 4846; baseline 0 1"><span class='ocrx_word' id='word_1_351' title='bbox 0 0 1410 4846; x_wconf 95' lang='lat' dir='ltr'><strong> </strong></span> 
     </span>
    </p>
   </div>
  </div>
 </body>
</html>
