2900 4800
410 437 547 494 Juoicium
564 437 688 494 criticum
705 438 738 494 de
756 435 867 503 vicino.
1145 433 1200 489 373

77 582 144 658 aa,-
170 581 191 644 i.
217 601 245 646 e.
270 579 430 660 defensio,
453 575 623 663 incpepr'o,
638 580 720 646 Ibae
742 579 902 646 adversus
924 572 1123 664 κατηγορίαν,
1147 599 1199 642 ae

79 680 294 758 cusationem,
327 677 603 746 adversariorum.
650 679 725 744 Hoc
757 679 847 742 enim
878 675 943 742 sibi
965 675 1039 742 vult
1059 673 1198 738 verbnm

81 769 258 858 {cerealem
283 795 359 842 nam
383 771 550 858 increpitu
571 777 703 860 proprie
717 774 881 861 loquendo
905 795 971 838 non
994 774 1115 838 dictare
1138 775 1199 857 sig-

80 873 201 952 nifieat,
235 872 295 940 sed
324 872 422 940 dican
451 872 596 958 alicujus
624 873 777 953 subdere,
811 870 1009 956 respondere
1032 873 1200 956 proposita

79 972 274 1056 quaestione
297 992 357 1056 per
381 991 574 1053 sermonem,
600 970 653 1036 vel
674 972 845 1056 seriptum,
867 970 915 1032 uti
940 977 1006 1052 egit
1028 967 1105 1032 Ibas
1129 991 1199 1034 sese

78 1067 263 1132 defendens
285 1067 330 1132 ab
361 1068 534 1134 haereseos
566 1066 858 1152 insimulatione).
906 1066 1019 1147 Quum
1044 1066 1200 1132 videlicet

80 1164 219 1250 epistola
252 1165 464 1232 confirmaret
495 1188 536 1232 ea
570 1187 655 1251 qnae
689 1165 767 1234 Ibas
790 1175 887 1232 antea
905 1165 977 1250 jam
1007 1173 1199 1246 asseruerat,

78 1285 111 1326 se
124 1284 204 1326 cum
218 1259 342 1346 Cyrillo
366 1273 439 1348 post
462 1265 618 1330 unionem
649 1266 686 1328 in
706 1286 790 1349 pace
813 1273 846 1328 et
867 1261 948 1328 fidei
969 1263 1200 1326 communione

80 1361 219 1440 vixisse,
250 1359 398 1446 adeoque
431 1360 522 1426 nullo
560 1362 658 1428 modo
691 1383 734 1426 ex
762 1360 937 1426 discordiis
968 1379 1046 1424 curn
1077 1358 1200 1443 Cyrillo

79 1457 210 1542 probari
246 1456 460 1538 haereticum,
494 1458 662 1526 Maximus
694 1458 786 1541 dicit,
818 1457 902 1524 lecta
935 1456 1072 1542 epistola
1094 1459 1200 1522 visam

21 1589 22 1634 p
79 1577 146 1617 csse
172 1553 244 1639 ejus
269 1553 493 1620 defensionem
525 1555 752 1622 orthodoxam.
799 1556 853 1620 Ex
884 1554 936 1619 his
958 1556 1063 1636 vides,
1088 1557 1201 1620 suffra-

20 1714 22 1762 *
77 1654 169 1736 gium
194 1651 339 1737 aliquod,
364 1673 429 1738 quo
454 1655 581 1737 integre
616 1653 754 1738 epistola
776 1654 856 1718 Ihae
889 1651 1072 1718 orthodoxa
1095 1652 1201 1717 deela-

20 1763 21 1848 ἦ
79 1763 217 1831 raretum,
241 1748 429 1814 nullatenus
453 1751 568 1816 datum
599 1751 710 1816 fuisse.
756 1751 792 1816 Si
816 1751 941 1836 ahquot
964 1751 1100 1814 Petrum
1123 1759 1201 1815 von

20 1853 21 1934 l
79 1869 151 1910 eam
175 1845 314 1912 laudare
339 1847 503 1928 videntur,
538 1848 573 1912 id
596 1849 675 1914 inde
707 1857 766 1930 est,
791 1849 879 1935 quod
903 1870 945 1914 ex
968 1871 1007 1912 ea
1031 1847 1200 1934 videbant,

20 1951 21 1960 ’
79 1944 174 2008 Ibam
200 1945 324 2028 Oyrillo
348 1946 600 2012 reconciliatum
630 1947 732 2012 inisse
761 1957 795 2011 et
825 1948 990 2012 anteriora
1014 1967 1110 2012 sensa
1133 1967 1201 2010 mu-

20 2059 21 2130 3
80 2055 175 2123 tasse,
200 2043 355 2128 quodque
388 2043 454 2108 alia
487 2045 522 2110 in
555 2044 693 2130 epistole
725 2043 811 2108 male
844 2044 932 2108 dicta
961 2047 1202 2129 corrigerentur

20 2143 22 2170 l
78 2139 358 2225 explicationibus
367 2141 452 2206 Ibae
472 2151 505 2206 et
529 2141 808 2207 declarationibus
827 2143 934 2228 ipsius
954 2140 1201 2228 posterioribus.

81 2275 121 2284 -
146 2235 322 2302 Caeterum
347 2261 424 2303 vero
448 2248 517 2304 tota
546 2260 606 2303 sua
628 2240 749 2324 agendi
778 2242 905 2304 ratione
928 2239 1082 2325 Synodus
1106 2237 1201 2303 Chal

19 2341 21 2440 l
80 2335 276 2400 cedouensis
299 2338 378 2402 satis
402 2337 553 2418 ostendit,
571 2358 605 2401 se
620 2338 717 2422 plane
740 2338 916 2424 reprobare
940 2339 1091 2423 plurima,
1115 2359 1201 2423 quae

19 2457 20 2492 l
81 2435 115 2496 iu
138 2433 274 2498 laudem
306 2435 458 2515 Nestorii,
483 2437 518 2500 in
550 2434 838 2520 reprehensionem
864 2435 978 2521 cyrilli
1003 2446 1035 2500 et
1059 2434 1199 2500 Concilii

81 2530 252 2616 Ephesini,
276 2533 312 2596 in
335 2531 391 2596 illa
413 2531 551 2618 epistola
572 2532 777 2618 legebantur.

171 2629 225 2694 83.
248 2629 349 2696 Hisce
373 2632 531 2715 expositis
554 2630 596 2696 de
622 2631 728 2696 indole
761 2633 976 2696 damnationis
1004 2631 1113 2717 quoad
1135 2631 1199 2696 tria
1214 2640 1364 2712 mensione

83 2725 238 2811 Capitula
270 2749 376 2812 pauca
409 2727 552 2792 dicenda
584 2740 670 2794 sunt.
723 2729 763 2793 In
796 2729 957 2814 ejusmodi
989 2729 1201 2792 damnatione
1241 2702 1331 2742 ¹⁰⁶⁸*

82 2823 334 2890 continebatur:
361 2827 397 2889 1ο
425 2824 588 2890 Sententia
612 2827 789 2906 theoretica,
813 2825 938 2890 scilicet
961 2829 995 2890 in
1019 2825 1083 2890 illis
1107 2824 1202 2910 Capi-

82 2922 163 2986 tulis
187 2922 266 2986 talia
290 2921 416 3003 haberi,
441 2945 525 3008 quae
547 2926 663 2988 merito
689 2923 850 3010 proscribi
873 2933 1025 3009 poterant
1046 2933 1083 2986 ut
1105 2943 1202 3008 oppo

83 3023 146 3084 sita
180 3019 337 3085 doctrinis
360 3019 530 3084 Ecclesiae
563 3032 597 3085 et
628 3023 834 3088 reverentiae
857 3021 991 3106 Synodo
1014 3019 1203 3106 Ephesinae

83 3131 115 3181 et
139 3117 172 3184 S.
200 3117 322 3202 Cyrillo
347 3117 489 3184 debitae.
536 3121 575 3181 2⁰
604 3119 847 3184 Continebatur
872 3117 1204 3205 necdisciplinam

84 3239 143 3280 seu
165 3217 305 3302 punitio,
330 3237 397 3301 qua
411 3214 467 3280 illa
482 3217 545 3282 tria
561 3215 715 3302 (lapitula
734 3220 877 3303 eliquanto
901 3217 1110 3282 acuminatis
1133 3217 1203 3278 affi-

84 3313 267 3378 ciebantur.
315 3313 409 3378 Haee
431 3323 543 3378 autem
566 3335 720 3396 censura,
744 3315 807 3380 hoe
830 3318 951 3400 stigma
973 3313 1203 3394 anathematis,

86 3433 245 3498 personae
258 3410 425 3476 Theodori
439 3411 663 3495 Mopsuesteni
688 3423 721 3475 et
736 3415 868 3498 seriptis
879 3414 989 3477 citatis
1004 3411 1204 3476 inurendum

85 3517 176 3590 eret3
200 3509 236 3574 id
268 3509 358 3594 quod
380 3511 559 3594 praecipue
591 3510 824 3574 intendebatur
855 3520 888 3574 et
919 3512 954 3574 in
977 3510 1204 3595 quaestionem

87 3606 252 3685 veniebat,
276 3606 356 3670 dnm
386 3606 553 3670 damnatio
585 3608 684 3672 trium
709 3606 936 3693 Capitnlorum
967 3605 1203 3692 postulabatur.

88 3704 253 3770 l'olebant
275 3703 442 3783 videlicet,
468 3704 621 3768 infamari
637 3705 692 3769 illa
707 3703 872 3790 Capitale,
896 3725 939 3769 nc
962 3706 1002 3768 iis
1017 3703 1203 3766 Nestoriani

86 3804 181 3866 abuti
204 3815 338 3888 possent
361 3811 393 3864 et
416 3801 616 3866 orthodoxos
640 3803 803 3889 decipere.
828 3802 941 3868 Facile
964 3810 1075 3865 autem
1098 3799 1203 3881 vides,

88 3900 146 3964 tali
170 3898 388 3964 anathematis
412 3921 551 3964 censura
569 3899 705 3985 aliquid,
721 3923 761 3964 ac
785 3899 934 3980 multum,
959 3898 1038 3964 addi
1062 3896 1204 3982 simplici

84 3998 231 4084 judicio,
254 3999 288 4060 iu
323 3996 387 4061 illis
411 3995 573 4082 Capitulis
598 4000 759 4064 contineri
783 4019 933 4080 erronea;
956 3996 1022 4060 tale
1045 3997 1132 4060 enim
1153 3995 1205 4079 jn-

168 4200 188 4270 ·)
206 4199 276 4256 Vide
293 4199 343 4252 hac
361 4199 389 4254 in
409 4215 436 4252 re
456 4199 585 4256 Vinaeaai
605 4218 647 4271 op.
667 4203 713 4258 cit.
732 4217 789 4272 cap.
809 4201 883 4256 XVI.
