2806 4848
464 475 578 532 Patra·
595 477 755 532 mustias
1113 475 1164 531 loo

69 618 147 700 illud,
170 619 260 706 quod
290 619 404 684 saltem
435 619 532 684 libari
562 629 733 704 pareutum
764 641 992 706 perversorum
1022 622 1057 685 in
1088 643 1167 685 vera

68 715 121 780 tide
143 717 278 782 educari
311 718 445 804 possint
480 753 521 764 -—
555 715 591 804 b)
622 717 673 781 Ee
704 719 930 801 consideratio,
962 726 1091 805 praeter
1113 739 1166 782 ex-

67 814 274 882 hortatione-m
306 817 406 880 etiam
439 816 666 898 severitatem,
706 826 835 902 praeter
866 817 1034 880 carimtem
1067 817 1166 882 etiam

67 913 203 978 timorem
229 924 318 978 recte
340 912 492 979 adhiberi
515 915 550 977 in
573 912 762 980 obstinatos.
791 953 834 962 -
862 913 895 999 c)
919 914 1166 978 Haereticorum

65 1023 92 1074 et
110 1009 392 1078 schismaticorum
417 1011 573 1076 violentia
587 1021 619 1075 et
639 1012 730 1076 fraus
745 1014 858 1076 merito
882 1023 976 1076 erant
988 1011 1102 1098 poenis
1117 1031 1167 1074 co·

64 1107 217 1174 eroenduc
247 1119 280 1173 et
305 1109 547 1195 propellendae.
579 1147 622 1158 —
656 1107 692 1196 d)
724 1109 755 1173 A
787 1119 944 1195 potestate
979 1107 1068 1173 civili
1092 1107 1167 1194 jure

64 1204 285 1289 homicidium,
310 1207 518 1289 adulterium,
543 1217 576 1272 et
605 1206 670 1272 alia
697 1209 836 1272 crimine
858 1209 1050 1293 puniuntur,
1074 1204 1168 1270 adeo-

64 1325 120 1387 que
131 1304 334 1389 gubernium
359 1305 573 1372 christianum
592 1307 691 1370 etiam
711 1306 849 1370 crimina
863 1305 988 1391 majora
1009 1306 1045 1369 in
1059 1305 1169 1368 Deum

63 1403 172 1486 punire
196 1411 231 1466 et
255 1413 405 1468 coercere
429 1403 535 1468 debet
560 1441 602 1450 -
633 1403 704 1467 Nec
727 1403 883 1468 censebat
905 1405 938 1469 S.
962 1403 1169 1487 Augustinus

62 1511 230 1584 propterea
253 1499 309 1566 illa
340 1501 485 1566 remedia
514 1522 628 1564 severa
659 1500 856 1585 negligenda
883 1523 967 1582 esse,
991 1502 1069 1587 quia
1092 1521 1168 1585 quo-

62 1597 210 1663 rumdam
233 1598 368 1674 morbus
391 1597 585 1664 insanabilis
615 1607 672 1664 est.
719 1599 763 1663 At
787 1601 881 1677 caim,
906 1600 1022 1686 inquit,
1047 1597 1169 1684 quibas

61 1693 127 1757 dom
150 1697 221 1760 istu
243 1719 307 1760 aaa
323 1707 470 1784 poenal.
518 1698 681 1783 Numquid
707 1698 777 1762 idco
800 1697 987 1782 aeplipeadc
1009 1708 1056 1760 est
1077 1691 1169 1760 dioci-

58 1791 154 1874 pliua,
179 1795 260 1878 quia
281 1795 502 1860 ammaum
523 1795 714 1860 insanabilis
737 1805 783 1858 eat
799 1791 1004 1880 pestilema'ol
1027 1793 1102 1880 (Ep.
1126 1793 1169 1856 93

60 1909 87 1954 n.
108 1889 155 1976 3.)
205 1891 332 1956 Eodem
356 1893 419 1956 suit
446 1892 620 1958 multorum
651 1893 708 1958 SS.
739 1893 872 1956 Petrum
903 1892 1073 1956 sententie.
1119 1889 1170 1954 Ita

60 1984 88 2051 S.
107 1987 177 2054 Leo
212 2011 263 2074 ep,
290 1992 330 2055 15
352 1989 396 2056 sd
409 1991 600 2056 Tunibium
616 1990 839 2056 Praefectum:
862 1989 990 2078 hasirit
1024 1991 1081 2053 diu
1106 1991 1171 2052 isto

60 2087 222 2154 distinctio
255 2088 482 2154 ecclesiasticae
515 2089 649 2169 lenitati,
683 2113 761 2175 puae
792 2090 851 2152 etsi
882 2087 1073 2152 sacerdotali
1099 2111 1168 2152 coa·
1197 2173 1199 2176 Ι

60 2197 140 2252 serua
155 2186 288 2276 judicio
311 2197 456 2252 cursatur
477 2187 594 2272 refispit
607 2185 751 2266 alaeam,
768 2188 882 2250 senemr
905 2197 1007 2250 tumea
1030 2187 1170 2252 christia·

60 2307 163 2350 rmum
168 2286 358 2372 prircipum
372 2284 644 2349 emanationibus
660 2285 840 2374 adyiwansr,
857 2285 931 2348 dam
948 2285 993 2348 ud
1006 2284 1173 2370 spintacle

59 2406 283 2470 ennumquam
303 2393 467 2447 remanant
495 2383 673 2460 ronredines,
705 2382 759 2467 pai
782 2382 888 2446 timeat
915 2381 1077 2468 corporale
1100 2405 1171 2468 sap-

54 2479 195 2566 plicitum.

140 2680 200 2744 31.
228 2677 295 2758 Qui
320 2699 397 2742 vero
420 2677 632 2742 adducuntur
659 2677 781 2757 Patres,
805 2677 894 2740 acsi
919 2675 984 2740 ulia
1007 2675 1171 2761 principia
1181 2699 1334 2740 uenientem.

59 2775 248 2856 habuerint,
272 2778 319 2839 uti
343 2777 376 2841 S.
400 2776 571 2856 Martinus,
596 2775 628 2840 S.
644 2773 893 2854 Ambrosius&
908 2773 1054 2838 Joonues
1069 2770 1171 2856 Chry·

58 2883 233 2955 sostomns,
256 2895 372 2938 revera
395 2895 460 2937 non
484 2873 699 2936 inveniuntur
714 2872 944 2937 dissentientes
966 2869 1075 2957 quoad
1099 2869 1171 2934 doc·

58 2972 177 3038 trinam
205 2973 245 3035 in
270 2994 308 3036 se
333 2970 582 3051 consideratam,
614 2967 769 3034 videlicet
792 2969 974 3033 haereticos
997 2969 1171 3032 severitate

58 3091 148 3152 pesse
181 3071 339 3134 coerceri.
385 3067 451 3134 Sed
488 3071 523 3133 in
554 3068 754 3155 quibusdum
788 3067 920 3131 casibus
951 3065 1173 3152 peculiaribus

59 3167 89 3230 id
111 3165 419 3253 reprehendebant,
453 3166 541 3254 quod
571 3187 689 3230 caume
722 3165 798 3230 fidei
830 3164 872 3228 ad
896 3162 1040 3229 tribuual
1063 3185 1173 3228 saecu-

58 3263 121 3330 lare
145 3265 373 3346 delementum
398 3265 450 3329 vel
474 3264 563 3351 quod
587 3265 731 3351 episcopi
756 3264 899 3349 seposita
922 3261 1173 3328 mansuetudine

59 3366 207 3448 ipsorum
232 3365 331 3427 statui
356 3364 576 3444 convenienti,
596 3383 699 3447 usque
722 3359 765 3425 ad
788 3362 958 3445 sanguinis
981 3361 1172 3430 effusionem

58 3461 223 3547 quosdam
254 3460 435 3525 haereticos
467 3462 720 3541 insectarentur3
745 3460 807 3539 vel,
841 3461 889 3522 uti
922 3459 955 3524 S.
985 3457 1174 3542 Chrysosto-

61 3583 140 3641 mua
177 3558 420 3623 haereticorum
454 3568 565 3623 coetus
588 3579 777 3622 numerosos
808 3557 897 3620 haud
921 3556 1087 3620 necandos
1109 3555 1174 3620 edi-

59 3669 151 3740 cunt,
179 3678 225 3722 ue
248 3655 342 3722 bellis
374 3667 407 3721 et
438 3658 558 3742 pugnis
581 3655 767 3742 respublica
799 3655 958 3719 turbetur.
992 3693 1033 3701 -
1064 3653 1117 3717 Ad
1142 3653 1198 3724 S.s
1224 3681 1336 3722 aternus.

59 3757 243 3820 liertinum
267 3755 355 3840 quod
379 3765 514 3841 spectet,
546 3755 616 3839 ipse
649 3755 762 3839 utique
791 3752 981 3838 indignatus
1004 3763 1062 3832 est,
1087 3751 1175 3837 qood

58 3853 195 3918 idacius
218 3864 252 3916 et
265 3852 411 3918 Ithacius
434 3853 579 3938 episcopi
593 3849 836 3916 Priscillianum
860 3850 996 3936 ejusque
1020 3871 1176 3935 sequaces

58 3952 98 4016 ad
120 3951 275 4016 mibuual
304 3951 443 4014 Maximi
473 3950 694 4036 Imperatoris·
713 3949 886 4029 deferrent,
920 3961 1018 4034 atque
1046 3947 1177 4014 ultimus

59 4053 159 4116 etiam
186 4047 340 4134 supplicii
370 4070 493 4134 poenas
521 4050 555 4112 in
584 4069 638 4111 eos
661 4057 895 4133 provocarent3
925 4045 982 4110 sed
1007 4067 1048 4108 ex
1072 4043 1177 4130 Sulpi-

59 4151 93 4212 tii
107 4147 231 4214 Severi
255 4148 442 4211 narratione
466 4145 638 4230 colligitur,
663 4146 703 4208 iis
723 4165 804 4230 quas
828 4143 973 4210 diximus
996 4142 1178 4208 rationibus

60 4247 90 4310 S.
114 4247 302 4312 Martinam
326 4244 388 4309 hac
412 4244 446 4308 in
470 4263 504 4308 re
527 4253 651 4308 motum
675 4242 785 4308 fuisse.
