2806 4848
265 449 317 508 132
441 447 480 507 De
498 447 644 507 6616616661
662 448 838 507 decrementis
856 468 887 506 as
904 448 938 506 de
956 447 1033 506 Cone
1052 449 1160 506 CPtsno
1177 449 1198 505 L

264 595 494 681 disposuerint.
543 594 652 681 Atque
684 594 1015 660 animadvertendum
1039 605 1101 674 est,
1124 597 1287 681 praecipue
1304 615 1340 656 rc·

263 703 377 778 spectu
401 692 529 757 illarum
564 693 815 778 dispositionum
845 691 1017 757 orientales
1048 695 1213 779 episcopos
1238 689 1275 756 ad
1294 690 1341 753 llo·

263 812 394 856 manem
418 790 580 874 synodum
604 791 761 854 invitatos
784 791 894 856 fuisso.

146 913 178 942 ιω
194 913 250 944 orum
348 889 401 952 58.
427 887 499 952 Hoc
521 887 592 952 loco
609 897 719 952 autem
734 898 869 972 tangere
885 890 1041 954 convenit
1054 897 1255 972 argumenta,
1275 909 1341 974 quae

122 975 135 1002 ⁸
162 975 232 1066 ”ssfn'
261 1010 281 1049 a
322 984 558 1050 recentioribus
599 977 780 1050 Gallicanis
824 985 996 1071 desumpta
1036 997 1112 1050 sunt
1150 1009 1191 1052 ex
1227 985 1341 1051 Consilii

262 1083 380 1169 Cptani
404 1083 420 1146 1
443 1085 552 1168 gestis.
577 1093 613 1146 ut
636 1105 729 1148 suam
753 1083 985 1148 confirmarent
1000 1086 1196 1150 sententiam
1218 1107 1276 1170 qua
1296 1092 1342 1144 sta·

260 1180 405 1262 tuebant,
438 1181 624 1245 Romanum
654 1181 847 1247 Pontificem
881 1203 946 1244 nou
976 1203 1046 1246 esse
1078 1205 1262 1268 supressum
1282 1181 1342 1246 fidei

254 1277 413 1364 judicem,
452 1278 509 1342 sed
542 1299 730 1363 supremum
769 1281 803 1342 in
825 1277 975 1343 Ecclesia
1013 1280 1157 1344 tribunal
1195 1280 1342 1366 complexu

259 1376 427 1441 Pontificis
459 1387 491 1439 et
523 1379 749 1462 episcoporum
784 1371 947 1462 componi.
993 1377 1064 1440 Etsi
1097 1381 1186 1442 euim
1216 1388 1282 1465 post
1304 1377 1344 1440 de·

259 1483 347 1537 creta
377 1472 516 1538 Consilii
546 1475 700 1539 Vaticani
732 1475 894 1560 ejusmodi
927 1476 1088 1540 sententia
1120 1499 1253 1540 erronea
1273 1475 1344 1538 dere·

257 1572 335 1636 licta
367 1595 436 1636 esse
466 1572 626 1655 videatur,
660 1575 761 1638 nostri
793 1582 904 1638 tamen
939 1575 1083 1638 muneris
1113 1585 1162 1638 est
1187 1573 1345 1640 ostendere.

259 1671 347 1735 haud
372 1670 475 1735 solida
507 1671 607 1736 fuisse
637 1681 839 1757 argumenta,
870 1671 989 1757 quibus
1021 1672 1137 1737 eadem
1165 1672 1346 1736 firmabatur.

257 1769 429 1834 Praeterea
453 1791 576 1834 errores
609 1771 769 1855 consopiti
801 1771 923 1855 passim
947 1769 1175 1834 recrudescere
1199 1769 1303 1846 solent
1322 1784 1348 1830 et

258 1889 342 1952 quas
374 1866 550 1953 aliquando
584 1866 626 1932 ad
657 1889 711 1932 sos
744 1867 883 1931 tuendos
911 1866 1037 1952 prolata
1069 1879 1146 1932 sunt
1173 1869 1347 1954 scriptisque

257 1966 458 2048 consignata,
481 1965 611 2029 labente
635 1975 780 2051 tempore
803 1965 984 2030 identidem
1006 1975 1209 2052 repetuntur.

345 2065 398 2128 59.
422 2063 537 2148 Itaque
567 2062 682 2127 Illmus
706 2064 812 2127 Manet
843 2065 1017 2149 episcopus
1040 2064 1190 2130 Suranus
1213 2066 1245 2128 in
1267 2084 1347 2150 opere

257 2169 333 2224 ante
358 2159 543 2224 Concilium
564 2160 764 2224 Vaticanum
788 2159 875 2224 edito
898 2163 953 2224 Da
980 2160 1102 2228 Concide
1125 2161 1348 2249 6666661666

256 2257 289 2322 lo
309 2259 392 2344 poio
413 2257 561 2344 6611666666
573 2256 606 2344 ¹),
630 2280 694 2344 quo
718 2279 790 2322 eam
810 2279 910 2343 quam
929 2259 1074 2324 diximus
1098 2260 1278 2326 doctrinam
1300 2269 1348 2322 ste·

256 2355 350 2420 bilire
382 2358 473 2421 nisus
503 2365 568 2437 est,
603 2357 688 2420 inter
719 2355 784 2420 alia
825 2357 923 2420 etiam
958 2358 1053 2420 affert
1091 2369 1283 2443 argumente
1316 2379 1348 2418 66

256 2456 295 2518 iis
320 2454 522 2539 deprompta,
552 2477 636 2539 quoe
672 2455 843 2518 occasione
877 2452 1016 2519 Consilii
1042 2454 1163 2542 Optani
1198 2457 1214 2520 1
1241 2454 1347 2520 asside·

255 2562 340 2616 runt.
364 2551 491 2615 Insistit
522 2573 599 2616 vero
642 2551 755 2616 Illmus
779 2561 902 2635 auctor,
927 2555 1117 2638 praesertim
1153 2555 1195 2620 iis
1218 2577 1295 2640 quae
1314 2553 1348 2616 ab

255 2650 417 2734 episcopis
453 2648 666 2714 orientalibus
696 2650 730 2718 iu
759 2649 895 2735 epistola
920 2651 1079 2734 synodica
1109 2653 1153 2716 ad
1184 2654 1348 2718 Damasum

255 2745 331 2810 data
354 2746 518 2811 dicuntur.
567 2785 610 2794 -
649 2745 717 2830 „Ils
751 2747 892 2812 invitent
925 2747 956 2812 16
986 2749 1130 2832 Pontife,
1167 2750 1293 2830 scribit,
1324 2761 1349 2809 et

255 2867 305 2908 ses
328 2845 482 2929 Eveques
511 2847 531 2907 la
559 2844 619 2908 lire
650 2842 680 2907 le
704 2843 851 2928 symbolo
874 2844 927 2931 qu’
959 2845 998 2910 ils
1032 2857 1089 2912 ont
1115 2849 1232 2934 redige
1258 2858 1287 2912 et
1305 2845 1347 2910 16-

255 2943 317 3005 srit
339 2941 497 3006 touchant
519 2941 551 3006 la
573 2941 618 3004 foi
643 2943 698 3027 qui
723 2944 813 3007 avait
836 2946 887 3007 ete
911 2943 1024 3030 publie
1047 2967 1089 3009 au
1113 2947 1241 3031 synode
1264 2945 1348 3010 d'An·

254 3039 372 3104 tioshc.
394 3035 396 3040 ’
419 3038 526 3125 Apres
558 3040 651 3103 avoir
673 3039 742 3122 fait,
767 3039 928 3106 disent-ils
956 3041 1152 3108 librcmeot
1180 3057 1213 3108 et
1234 3046 1347 3108 sicces

253 3149 335 3200 osset
358 3159 411 3201 ces
435 3136 652 3201 declaratione
676 3160 732 3201 sur
753 3137 785 3204 la
808 3139 863 3220 foi,
889 3161 971 3204 nous
994 3163 1035 3205 66
1058 3162 1163 3206 avons
1188 3143 1293 3206 666666
1312 3161 1347 3202 66

254 3235 383 3318 abregs.
424 3235 514 3298 Vous
537 3234 783 3320 l'approuverez
807 3259 889 3302 aves
914 3261 978 3302 une
1001 3241 1125 3304 entiere
1149 3241 1348 3306 satisfaction.

254 3334 281 3395 si
305 3353 387 3395 vous
420 3331 535 3396 voulea
566 3332 643 3396 bien
675 3332 707 3397 16
730 3356 901 3420 comparer
933 3359 1014 3401 avec
1043 3336 1136 3402 l’edit
1168 3339 1216 3404 66
1239 3335 1348 3403 concile

253 3428 284 3494 d'
300 3429 463 3494 Antioche
487 3430 645 3496 touchant
667 3431 699 3495 la
722 3433 765 3496 foi
791 3443 823 3496 et
841 3454 924 3498 avec
947 3434 1032 3526 salpi
1056 3437 1112 3522 qui
1136 3437 1189 3502 fut
1212 3433 1348 3521 composi

252 3527 380 3592 166666
404 3528 553 3593 66661666
585 3531 605 3592 a
630 3527 929 3617 Constantinople.“
978 3532 1028 3597 Ea
1055 3537 1155 3598 ctiam
1178 3537 1274 3600 affert
1295 3533 1348 3616 epi·

252 3625 351 3689 stolae
377 3625 492 3690 verba:
515 3623 605 3705 „Car
628 3625 662 3690 lo
677 3629 734 3714 foi
748 3640 846 3714 ayantt
873 3631 922 3693 666
943 3632 1028 3696 ainsi
1050 3633 1227 3698 666666ὶὶ666
1244 3657 1307 3721 por
1327 3629 1348 3694 le

251 3734 476 3788 consectantem
505 3747 653 3803 66666666,
686 3736 719 3788 et
747 3724 778 3789 la
808 3725 933 3790 charite
961 3728 1150 3795 shretienno
1180 3741 1282 3817 ayant
1306 3729 1348 3790 666

251 3822 424 3905 reffermie,
450 3843 531 3886 nous
555 3843 596 3886 66
619 3825 806 3908 6666166666
825 3824 897 3910 6166
920 3825 967 3891 166
990 3827 1117 3914 6666166
1139 3827 1348 3894 condemnere

328 3989 349 4060 ¹)
368 3989 411 4043 Du
430 3990 536 4045 Consile
555 3992 663 4061 general
689 3999 717 4046 et
742 3992 773 4045 de
801 3993 827 4046 la
845 3994 909 4060 psix
928 3994 1079 4064 religisuse.
1115 3997 1245 4051 hiemoire
1262 3991 1348 4048 666616

251 4085 286 4123 66
304 4069 430 4137 prochain
449 4070 553 4126 Concile
571 4073 607 4126 du
625 4071 741 4126 Vatican
771 4087 820 4140 per
838 4073 907 4142 ligr.
934 4075 968 4128 H.
987 4075 1017 4132 L.
1038 4075 1066 4132 C.
1088 4077 1181 4142 lieret
1201 4077 1306 4144 Estque
1322 4073 1349 4125 66

251 4150 326 4213 Sura,
346 4149 601 4218 Chenoiue-Evsque
624 4153 656 4206 de
675 4151 854 4218 SaintDenis,
877 4155 971 4221 Dcyen
989 4155 1022 4210 66
1050 4157 1077 4210 16
1095 4159 1207 4212 11666166
1226 4157 1258 4213 de
1275 4155 1347 4210 'lires

250 4229 323 4297 logie
341 4230 373 4283 66
391 4229 476 4284 Ρ6616.
513 4234 530 4282 2
549 4231 607 4286 Vol.
627 4231 712 4297 Paris,
731 4232 816 4287 Henri
834 4233 908 4289 Ρ166.
930 4237 1005 4293 isos.
