2924 4818
253 491 288 544 86
631 491 672 548 De
689 489 756 547 Sede
773 487 894 545 Romana
911 488 1040 551 &Patri

254 631 451 697 doctissimis
474 631 538 696 illis
560 656 665 719 aeque
688 657 728 698 ac
751 635 965 698 sanctissimis
983 633 1136 700 Patribus
1159 635 1356 722 injuriosum

253 767 296 777 —
321 729 456 795 Falsum
480 731 604 817 pariter
627 741 660 795 ct
682 733 831 817 ineptum
862 740 920 813 est,
945 730 1033 817 quod
1060 731 1177 796 dicunt
1200 731 1241 796 de
1263 733 1367 798 Patri·

253 827 316 899 bus
347 828 469 893 sacculi
501 828 553 893 III
591 839 623 893 et
653 828 698 896 Π.
744 827 896 894 Ridicule
928 849 1044 893 revera
1075 830 1275 912 affirmatur,
1308 829 1368 894 hos

254 948 367 990 omnes
388 950 409 991 a
433 925 602 992 Clemente
626 927 723 992 Alex.
756 935 789 990 et
812 949 831 990 a
853 926 959 1011 Papia
982 926 1136 1013 deceptos
1159 927 1270 992 fuisse.
1317 925 1368 992 Es

254 1026 342 1088 enim
365 1023 535 1088 attulimus
549 1026 737 1090 testimonia
749 1024 905 1107 Dionysii
921 1023 1100 1108 Corinthii,
1115 1025 1279 1109 Origenis,
1290 1024 1367 1088 'Per-

253 1121 392 1204 tulliani,
405 1121 545 1206 hennei,
561 1145 579 1186 e
594 1122 715 1208 quibus
730 1131 829 1208 patet,
845 1142 915 1184 rem
930 1122 1009 1206 ipsis
1023 1123 1238 1186 certissimam
1254 1122 1367 1202 fuisso,

252 1241 318 1284 non
333 1241 411 1284 vero
427 1218 532 1285 solum
547 1241 589 1284 ex
597 1220 722 1306 Papiae
737 1225 770 1284 et
785 1218 962 1283 Clementis
981 1221 1174 1284 auctoritate
1188 1230 1366 1305 receptam.

252 1315 321 1381 Ista
344 1317 530 1381 testimonia
554 1315 652 1403 plano
667 1315 903 1404 praescindunt
917 1315 959 1381 ab
984 1317 1252 1402 interpretatione
1274 1319 1368 1382 vocis

252 1412 457 1498 Babyloniae
490 1415 524 1478 in
549 1414 686 1501 epistola
709 1415 742 1480 S.
765 1415 865 1480 Petri.
899 1413 985 1478 Sane
1008 1437 1111 1501 quum
1142 1413 1369 1480 Tertullianus

253 1513 338 1575 inter
369 1510 523 1576 ecclesias
554 1511 750 1598 apostolicas
781 1511 965 1576 Romanam
996 1522 1239 1598 commemorat,
1263 1535 1383 1599 quum·

252 1606 408 1673 Irenaeus
432 1619 546 1674 contra
569 1609 752 1674 haereticos
776 1610 948 1695 disputans
971 1613 1210 1675 successionem
1234 1623 1369 1674 enarrat

252 1705 451 1771 Pontificum
473 1706 697 1772 Romanorum
727 1730 831 1793 usque
860 1705 904 1770 ad
928 1716 1075 1795 tempora
1098 1731 1168 1791 sua,
1192 1708 1367 1772 ecclesiam

252 1803 436 1868 Romanam
460 1804 541 1870 dicit
563 1804 831 1891 gloriosissimam
854 1803 898 1871 ab
921 1804 1087 1891 Apostolis
1100 1807 1196 1871 Petro
1221 1814 1254 1868 et
1262 1805 1368 1870 Paulo

251 1901 435 1985 fundatam,
450 1903 587 1989 ejusque
609 1903 888 1989 principalitatem
907 1903 1042 1987 extollit,
1067 1925 1169 1990 quum
1183 1901 1369 1987 Dionysius

252 1999 443 2064 Corinthius
466 2000 586 2065 diserte
609 2001 743 2065 Petrum
766 2000 891 2069 Romae
913 2001 1122 2087 praedicasse
1147 1999 1260 2086 ibique
1284 2022 1367 2064 mar·

251 2099 375 2184 tyrium
390 2096 506 2161 fecisse
529 2097 638 2180 refert,
663 2119 743 2162 num
758 2097 840 2163 haec
863 2103 962 2166 unice
986 2098 1102 2163 dicunt
1123 2118 1172 2180 eo,
1196 2097 1286 2182 quod
1307 2097 1367 2161 Pa-

251 2197 323 2282 pias
353 2203 386 2260 et
416 2194 569 2260 Clemens
592 2193 840 2262 Alexandrinus
862 2197 1082 2282 Babyloniam
1111 2197 1148 2259 in
1171 2192 1309 2281 epistola
1333 2194 1367 2260 S.
1453 2267 1454 2272 .

250 2295 338 2359 Petri
362 2295 595 2380 interpretatus
618 2291 718 2357 fuerit
740 2293 904 2362 Romam?

82 2407 241 2459 stannum.
341 2393 392 2458 71.
418 2391 516 2472 Quod
540 2389 583 2455 ad
607 2389 747 2457 Simonis
770 2393 863 2481 Mapi
884 2393 1054 2459 historiam
1077 2392 1195 2456 attinet
1217 2389 1367 2454 animad-
1452 2471 1453 2484 χ

250 2491 418 2572 vertimus,
445 2491 482 2554 1⁰
514 2511 556 2554 ex
588 2491 785 2556 testimoniis
817 2491 925 2558 allatis
947 2491 1122 2554 veritatem
1153 2485 1194 2551 de
1217 2487 1250 2552 S.
1275 2486 1366 2550 Petri

250 2591 441 2674 episcopatu
465 2587 613 2652 Romano
639 2589 772 2652 omuino
796 2589 860 2655 sibi
884 2597 1044 2672 constare,
1068 2584 1231 2673 quidquid
1255 2586 1367 2648 existi-

249 2695 357 2750 metur
380 2685 421 2751 de
444 2685 592 2750 adventu
616 2684 759 2750 Simonis
782 2687 817 2751 in
841 2687 956 2754 urbem
971 2687 1164 2751 Romanam.
1195 2681 1366 2765 Attamen,
1451 2717 1452 2728 ι

249 2783 417 2848 Simonem
440 2783 565 2847 Romae
588 2781 689 2846 fuisse
716 2785 813 2870 eique
835 2785 873 2850 B.
897 2786 1032 2850 Petrum
1055 2782 1221 2864 restitisse,
1251 2803 1273 2843 a
1295 2779 1366 2866 plu-

249 2881 341 2944 ribus
364 2880 578 2966 scriptoribus
601 2881 747 2966 antiquis
771 2883 817 2946 ita
845 2882 995 2964 refertur,
1020 2889 1057 2944 nt
1078 2879 1143 2944 hac
1166 2877 1208 2942 de
1231 2898 1267 2940 re
1289 2898 1366 2963 pru·

250 2978 366 3043 denter
398 2977 550 3042 dubitare
574 2999 640 3043 non
669 2980 842 3064 possimus.
889 2979 980 3044 Dum
1010 2978 1045 3042 id
1068 2983 1214 3058 narrant,
1237 2983 1276 3037 ut
1299 2995 1366 3038 cer-

249 3077 411 3141 tissimum
435 3075 559 3140 iactum
583 3086 774 3162 supponunt
803 3077 856 3142 vel
882 3075 1030 3142 referunt
1053 3073 1086 3142 S.
1108 3075 1198 3139 Petri
1223 3092 1366 3136 commo·

249 3175 410 3238 rationem
424 3173 548 3237 Romae
571 3174 710 3257 factam3
734 3173 826 3242 litem
845 3196 924 3240 vero
940 3197 1016 3239 cum
1030 3174 1164 3240 Simone
1178 3179 1215 3235 ut
1227 3168 1366 3255 aliquod

249 3271 453 3357 adjunctum.
491 3307 534 3318 —-
571 3271 610 3335 2⁰
634 3271 841 3338 Controverti
865 3283 972 3359 potest
1004 3271 1046 3336 de
1078 3256 1203 3356 aliquot
1226 3268 1366 3332 circum·

248 3369 377 3433 stantiis
410 3391 495 3454 quae
526 3369 636 3455 quoad
659 3369 827 3437 Simonem
859 3381 1043 3453 narrantur,
1077 3391 1105 3434 e.
1128 3389 1159 3452 g.
1184 3365 1226 3430 de
1253 3376 1366 3430 erecta

249 3469 311 3554 ipsi
335 3475 453 3550 statua,
478 3465 519 3530 de
543 3465 656 3532 volatu
680 3468 751 3555 ejus
774 3479 806 3533 et
829 3479 950 3552 morte;
984 3468 1041 3534 sed
1070 3466 1154 3532 haec
1176 3487 1243 3532 non
1266 3469 1364 3532 attin-

246 3573 330 3650 gunt
353 3562 572 3629 substantiam
595 3566 653 3630 rei.

339 3661 390 3727 72.
413 3661 526 3725 Pauca
544 3661 680 3748 juvabit
703 3663 885 3750 adjungere
908 3664 949 3730 dc
974 3663 1118 3730 Simonis
1148 3661 1295 3746 historia,
1328 3673 1365 3727 ut

249 3761 319 3846 ejus
342 3759 459 3824 notitia
482 3758 580 3844 paulo
605 3759 744 3848 amplior
773 3760 944 3827 habeatur.
990 3761 1043 3826 De
1072 3762 1143 3848 ipso
1168 3759 1283 3826 scribit
1304 3759 1363 3825 Ju-

247 3859 352 3922 stinus
367 3857 464 3944 Apol.
474 3856 501 3922 I.
526 3879 554 3923 c.
578 3858 638 3922 26:
686 3859 760 3923 Post
777 3857 896 3924 Christi
917 3861 952 3924 in
975 3859 1092 3923 coelum
1115 3879 1275 3922 messmam
1289 3857 1362 3922 dae-

248 3979 352 4020 mones
378 3956 532 4020 immisere
554 3957 691 4022 domines
714 3957 875 4043 quosdam,
890 3959 945 4045 qni
966 3981 998 4021 sc
1022 3957 1096 4021 deos
1119 3979 1183 4021 csse
1206 3956 1363 4020 dicerent:

245 4077 321 4140 qima
344 4076 407 4116 sian
430 4055 520 4118 modo
544 4077 608 4119 non
630 4056 779 4120 insectati
801 4057 885 4137 estis,
914 4055 969 4120 sed
992 4055 1087 4120 etiam
1110 4055 1247 4118 anaiatir
1268 4054 1361 4118 bono·

246 4153 341 4216 ribos.
367 4150 522 4216 Simonem
549 4153 712 4239 quemdam
734 4151 972 4230 Samaritannm
994 4175 1010 4217 e
1032 4153 1099 4218 uico
1122 4150 1244 4218 Gitmm
1267 4151 1360 4232 dicto,
1446 4169 1447 4223 l

244 4252 299 4340 qai
328 4251 383 4314 snb
418 4248 552 4316 Claudio
586 4250 720 4319 Caesare
751 4278 819 4318 cam
848 4255 970 4341 maqioa
999 4251 1154 4318 mirantia
1177 4253 1362 4318 daemonnm
