2810 4846
519 457 546 514 8.
564 455 682 512 diritius
1101 453 1157 510 197

65 601 249 682 Decembris,
273 621 337 686 quo
352 599 406 664 die
420 599 540 664 natalis
554 601 625 686 ejus
638 602 726 664 inter
738 607 868 664 sanctos
890 597 1076 685 adscriptus
1098 619 1153 662 au·

65 701 138 784 tiqos
160 700 317 764 memoria
339 708 527 782 perseverat
534 696 569 784 ¹).

135 798 165 862 9.
187 796 424 862 Siricius
456 795 494 859 R.
526 796 564 860 P.
596 818 627 860 a.
649 795 835 860 384—398.
870 831 908 844 —
934 793 1072 860 Siricins
1093 795 1154 860 Ro·
1179 815 1307 861 emanue

65 915 164 958 nanus
185 915 228 958 ex
240 903 332 979 patre
346 892 509 976 Tiburtia,
525 893 731 979 pontificium
750 892 906 958 thronum
928 889 1079 957 ascendit
1101 889 1155 956 dio
1194 878 1292 922 Μ’·

64 993 118 1054 2⁶2⁶·
139 991 333 1056 Decembris
356 991 393 1055 in
415 991 469 1054 die
483 991 670 1072 Dominiea,
694 1000 866 1077 postquam
889 989 982 1056 sedes
1005 989 1075 1053 dies
1097 1011 1155 1054 um

65 1087 154 1152 decim
168 1098 329 1152 measset.
355 1087 450 1168 Quae
463 1088 507 1152 ad
530 1109 590 1152 nos
613 1096 835 1174 pervenerunt
848 1088 920 1174 ejus
933 1089 1056 1173 scripta
1070 1107 1154 1152 sum·

64 1206 138 1249 num
155 1185 234 1250 fidei
255 1184 436 1250 catholicae
451 1195 484 1250 et
503 1185 743 1251 ecclesiasticae
763 1185 955 1271 disciplinae
974 1185 1156 1250 servandae

65 1282 191 1346 sudium
216 1283 352 1368 spirant.
397 1283 541 1348 meunt
570 1283 727 1348 videlieet
757 1282 856 1369 bnjus
877 1284 1048 1348 Pontifiois
1079 1304 1156 1368 qua-

63 1396 122 1444 tnor
152 1380 308 1466 epistolae
343 1381 523 1446 decretales
557 1384 592 1444 in
626 1381 708 1446 Jure
742 1383 900 1446 canonico
933 1383 1088 1466 insignes.
1111 1417 1155 1428 -

64 1477 153 1542 iiim
175 1478 390 1542 celeberrima
413 1487 446 1543 et
468 1478 662 1564 disciplinae
681 1479 921 1543 ecclesiasticae
943 1479 1157 1543 instauratrix

64 1591 101 1637 cst
118 1576 158 1640 sd
191 1577 366 1642 Himeriam
392 1579 656 1641 Taerccmteaeem
687 1579 889 1662 episcopum,
921 1578 954 1639 in
978 1597 1044 1661 qua
1066 1581 1159 1640 vetat

64 1671 208 1754 Pontifex,
241 1695 284 1738 nc
315 1675 433 1738 Ariani
466 1675 722 1760 rebaptizentur,
746 1695 788 1737 ne
812 1673 994 1758 baptismus
1016 1682 1156 1758 excepto

65 1772 248 1836 necessitatis
272 1793 351 1836 casu
374 1783 468 1836 extra
490 1772 618 1836 Pascha
654 1780 687 1836 et
715 1771 940 1835 Pentecosten
964 1770 1155 1852 celebretur,

64 1889 93 1930 ne
112 1869 306 1953 desponsata
328 1871 386 1933 uni
410 1869 515 1933 nubat
527 1869 642 1951 alteri3
666 1868 873 1932 sacerdotum
888 1878 921 1932 et
943 1867 1155 1934 diaconorum

63 1967 281 2030 continentiam
314 1965 468 2053 sancit²);
505 1970 637 2032 tertium
671 1963 811 2031 (lencilii
834 1965 973 2029 Nicaeni
996 1985 1156 2030 canonem

64 2061 93 2124 de
113 2064 262 2129 arcendis
284 2063 418 2129 feminis
447 2087 468 2128 a
500 2064 693 2129 clericorum
725 2063 877 2127 domibus
898 2072 1054 2143 renovet3
1091 2083 1157 2126 mo·

63 2160 176 2244 nncboq
212 2183 295 2248 quos
330 2164 418 2226 vitae
451 2163 597 2246 gravitas
632 2172 665 2226 et
697 2161 776 2225 fidei
799 2182 838 2224 ac
872 2162 961 2224 vitae
995 2161 1156 2224 institutio

63 2269 158 2324 saneta
191 2258 410 2340 commendat,
444 2259 487 2324 ad
520 2259 712 2324 clericorum
745 2259 856 2322 officia
887 2259 1017 2322 admitti
1050 2267 1156 2344 cptet3

63 2356 220 2422 mterstitia
244 2359 330 2420 inter
352 2357 483 2422 ordines
507 2379 625 2438 sacros,
660 2359 781 2442 quique
811 2356 853 2421 ad
878 2356 936 2420 hos
959 2355 1157 2420 admittendi

20 2489 21 2494 κ
63 2473 113 2516 non
134 2455 208 2534 siut,
234 2455 386 2540 explicat.
410 2491 454 2504 -·-
477 2453 622 2520 Semuncla
653 2465 703 2520 est
725 2453 769 2518 od
791 2457 951 2540 episcopos
974 2453 1157 2540 Africanos,

63 2551 88 2613 in
108 2573 168 2636 qna
192 2551 309 2616 eadem
331 2553 400 2616 fere
422 2552 554 2617 decreta
586 2553 731 2617 inculcat
753 2551 916 2632 Pontifex,
940 2550 1158 2638 prohibetque

64 2647 190 2733 insuper,
215 2651 392 2734 quominus
416 2651 560 2736 episcopi
574 2649 759 2715 inconsulto
782 2649 921 2734 primate
945 2658 1002 2714 aut
1024 2651 1067 2714 cb
1090 2669 1155 2713 uno

63 2755 173 2810 tantum
196 2749 351 2832 episcopo
375 2761 621 2832 consecrentur3
661 2747 837 2834 quominus
860 2747 1006 2832 episcopi
1029 2747 1157 2810 alienae

62 3025 152 3092 laliaci
170 3045 253 3097 quum
270 3031 305 3084 sd
322 3031 415 3086 natale
432 3045 510 3085 suum
527 3031 681 3100 (Dmnasns)
699 3030 855 3086 solemniter
872 3031 1026 3096 invitasset,
1045 3037 1074 3086 et
1090 3045 1157 3092 uou-

20 3161 21 3214 ἶ
61 3107 117 3241 llil}
132 3110 320 3243 eonsenisscup
338 3126 371 3164 ex
389 3109 434 3246 ἵζε,
447 3109 577 3257 precibqq
594 3111 751 3257 ¹apsuqllteosQ
758 3110 867 3243 meligor
885 3111 1026 3245 εέθριοξίο,
1045 3116 1078 3244 qt
1096 3127 1155 3244 seqq

20 3217 21 3254 o
119 3207 159 3244 am
188 3208 215 3244 m
242 3207 365 3245 sancum
418 3207 519 3244 remum
578 3207 692 3244 ocra.
752 3207 780 3244 u1
842 3207 893 3258 pon
929 3207 1009 3244 run:
1073 3207 1101 3244 oe

20 3255 21 3334 ζ
61 3269 136 3322 rotule
153 3271 332 3334 convenimus,
360 3287 411 3324 non
439 3277 470 3324 ut
488 3269 640 3324 inauditnm
664 3269 844 3325 damnemus.“
877 3301 910 3310 -
941 3270 1082 3324 Praelmio
1101 3270 1158 3324 ista

20 3353 21 3374 ¹
61 3349 152 3410 quiden
177 3351 316 3406 oelmnniis
343 3357 438 3414 smtet,
466 3367 520 3404 non
538 3355 581 3404 est
599 3357 697 3414 muter,
716 3365 764 3404 cur
780 3350 851 3404 falso
868 3365 1022 3405 censeamus
1040 3351 1157 3406 mutem

60 3425 121 3482 illan
136 3431 373 3496 circumstantiam,
385 3431 455 3498 qnod
468 3432 598 3486 Damasus
611 3431 690 3486 Post.
704 3431 839 3498 episcopos
850 3431 1004 3486 solemniter
1023 3431 1058 3484 sd
1077 3447 1156 3486 sunm

20 3513 21 3576 l
60 3509 137 3562 utcu
154 3509 320 3566 invitaverit
1053 3503 1059 3516 '

20 3589 21 3670 l
122 3591 139 3658 ¹)
157 3589 285 3646 Dumesus
303 3591 360 3660 ipse
380 3591 472 3645 vivens
490 3591 542 3645 eibi
560 3590 667 3658 scripsit
683 3591 750 3644 illud
760 3590 933 3659 epitaphium,
953 3589 1022 3658 quod
1041 3589 1159 3644 babetur

20 3675 21 3718 i
60 3679 93 3732 tp.
110 3665 250 3724 Duronium
269 3671 302 3724 ed
322 3687 346 3725 a.
366 3671 433 3725 ³84:

202 3749 253 3816 Qui
270 3749 397 3820 gradicum
415 3750 506 3819 pelagi
524 3749 621 3804 fluctus
640 3750 797 3817 compressit
814 3766 926 3814 amaros,

201 3830 301 3886 Visere
319 3831 364 3897 qni
382 3837 505 3900 praestat
522 3830 666 3885 morientia
683 3830 786 3884 semina
805 3837 902 3894 terrm,

201 3909 309 3966 Solvere
326 3910 372 3978 qni
390 3911 480 3978 potuit
496 3910 600 3966 Lezero
618 3925 668 3964 sus
687 3909 802 3974 vincula,
821 3909 915 3964 morib

202 3989 266 4044 Post
283 3989 416 4054 tenebras,
435 3990 547 4044 fratrem
565 3995 626 4060 post
644 3989 729 4044 tertie
746 3989 849 4044 lumina
866 3989 931 4044 solis

203 4070 241 4124 Ad
259 4086 369 4138 superos
388 4071 486 4124 iterum
504 4071 605 4124 Mariae
624 4070 724 4123 donare
742 4068 835 4133 sorori,

202 4147 266 4204 Post
284 4151 386 4204 cineres
405 4151 549 4204 Damasum
567 4149 650 4203 faciet
668 4149 732 4215 quia
749 4163 869 4218 surgere,
889 4148 976 4202 credo.

120 4227 143 4294 ¹)
160 4227 199 4281 Do
216 4229 361 4284 coelibatus
381 4229 441 4298 iege
460 4229 512 4284 clio
531 4231 587 4284 loco
607 4233 715 4296 agetur.
