2924 4818
245 457 296 510 1⁶2
486 457 526 510 De
545 457 619 511 Rern
638 455 716 512 Pons
735 453 836 512 saculi
854 453 934 522 primi
952 459 982 508 st
999 453 1115 508 meandi.

247 595 443 664 Christianos
467 624 590 664 armare
614 623 675 664 nou
694 621 798 684 posse.
846 596 939 660 Haec
962 605 1142 682 spontanea
1164 597 1367 662 Tertulliani

244 695 402 760 indicatio
434 698 553 762 summi
588 696 682 762 nobis
716 697 811 780 pretii
846 705 909 774 ests
943 693 1021 757 inde
1050 696 1138 758 enim
1162 694 1368 758 concludere

243 813 426 877 possumus,
451 794 532 879 quid
555 815 671 860 revera
695 795 765 877 ipse
790 793 954 856 censuerit
978 790 1018 854 de
1042 790 1254 855 multitudine
1268 791 1367 856 Chri-

243 891 433 955 stianorum.
475 891 627 971 Quantus
650 891 749 954 fuerit
763 887 960 954 Parthorum
984 887 1037 952 vel
1055 888 1244 951 Maurorum
1269 911 1367 952 excr-

244 988 343 1068 citus,
375 990 522 1070 praecise
547 987 684 1052 definire
715 987 903 1072 nequimus,
935 985 993 1049 sed
1023 985 1132 1070 quoad
1156 987 1366 1050 Marcoman·

243 1105 301 1146 uos
314 1095 450 1166 constat,
475 1085 605 1150 saeculo
622 1087 727 1170 primo
743 1104 856 1147 eorum
877 1084 1062 1168 principem
1078 1082 1217 1146 Marbod
1244 1097 1366 1147 contra
1453 1143 1454 1152 ,

241 1179 407 1245 Romanos
422 1185 570 1265 exegisse
588 1183 707 1262 70,000
731 1181 879 1266 peditum
904 1180 1038 1244 ee4000
1061 1181 1219 1265 equitum.
1246 1180 1364 1259 Quum
1453 1215 1454 1220 1

243 1298 321 1340 vero
346 1289 482 1360 constet,
508 1279 598 1364 apud
618 1278 802 1344 Germanos
825 1288 975 1362 quartam
1001 1277 1053 1340 vel
1071 1279 1227 1362 ,quintam
1251 1281 1366 1360 gentis

242 1383 368 1458 partem
384 1397 464 1438 casu
487 1375 563 1440 belli
588 1397 680 1440 arma
705 1377 839 1462 cepisse,
856 1375 935 1440 inde
959 1373 1132 1458 colligitur,
1157 1383 1259 1438 totam
1275 1375 1364 1438 llar-

243 1492 478 1536 comannorum
503 1475 670 1537 nationem
694 1473 865 1536 hominum
896 1472 962 1534 fere
987 1481 1191 1536 tercentum
1216 1470 1362 1536 millium

243 1569 352 1632 fuisse.
376 1607 419 1614 -
443 1569 518 1634 Hac
541 1571 667 1634 ratione
691 1573 792 1652 igitur
819 1567 999 1653 colligitur,
1025 1567 1266 1632 Tertullianum
1294 1572 1362 1632 exi-

242 1665 401 1745 stimasse,
435 1688 492 1730 suo
523 1677 669 1752 tempore
702 1670 736 1732 in
770 1669 907 1750 imperio
931 1667 1079 1730 Romano
1113 1687 1182 1728 esse
1212 1665 1362 1744 300‚000

241 1761 456 1828 Christianos.
504 1763 631 1844 Quodsi
656 1767 730 1850 quis
760 1766 939 1841 existimet,
965 1785 1040 1826 eum
1065 1763 1154 1826 haud
1177 1763 1362 1826 attendisse
1453 1801 1454 1804 =

241 1860 356 1944 majori
389 1883 526 1927 numero
551 1859 756 1927 Christianos
789 1864 824 1924 in
847 1861 929 1924 Asia
962 1872 994 1924 et
1017 1859 1170 1944 Aegypto
1202 1862 1361 1931 inveniri,
1453 1893 1454 1924 1

240 1977 340 2041 quam
364 1959 398 2020 iu
422 1955 616 2022 Tertulliani
647 1961 763 2043 patria,
796 1957 1029 2022 illenumerus
1059 1955 1155 2020 evehi
1180 1969 1293 2042 posset
1318 1957 1359 2022 ad
1453 1949 1454 1960 ¹

241 2055 421 2138 quingenta
449 2055 562 2122 millia.
610 2057 702 2120 Haec
726 2055 861 2141 quidem
885 2057 1086 2139 computatio
1110 2055 1200 2118 haud
1224 2077 1360 2140 respon·
1453 2079 1454 2096 ¹

242 2149 297 2214 det
311 2151 458 2235 opinioni
476 2153 617 2238 vulgari,
642 2176 707 2239 qua
724 2163 876 2217 censetur
900 2151 1074 2216 multitudo
1090 2150 1359 2216 Christianorum
1453 2163 1454 2191 ¹

241 2245 370 2310 saeculo
403 2249 497 2312 tertio
532 2253 666 2314 ineunte
698 2250 856 2335 majorem
893 2250 1010 2330 fuisse,
1044 2258 1188 2312 ettamen
1223 2251 1357 2312 veritati
1453 2249 1454 2272 *

241 2353 461 2408 consentanea
485 2369 555 2412 esse
579 2347 720 2412 videtur.
730 2346 753 2433 ¹)
1099 2407 1107 2422 ,

329 2440 382 2505 61.
406 2441 461 2506 Ad
484 2442 570 2510 hane
594 2447 833 2529 expositionem
850 2443 1154 2522 animadvertimus,
1172 2445 1272 2506 nimis
1289 2467 1354 2506 cer·
1453 2437 1454 2444 ¹

241 2550 270 2601 te
302 2537 442 2602 diminui
473 2540 516 2605 ab
554 2553 686 2606 auctore
723 2563 897 2606 numerum
922 2539 1194 2606 Christianorum.
1248 2541 1356 2625 Argu-
1453 2597 1454 2600 ,

240 2636 397 2700 mentatio
429 2647 541 2705 autern
574 2662 615 2702 ex
638 2639 841 2703 Tertulliano
875 2639 1008 2722 omnino
1043 2638 1162 2701 vitiosa
1186 2647 1250 2716 ost,
1286 2647 1356 2701 tota

240 2732 327 2796 enirn
360 2734 477 2798 nititur
509 2745 601 2800 textu
634 2735 733 2820 hujus
765 2737 932 2820 scriptoris
965 2733 1050 2798 male
1079 2731 1252 2798 intellecto.
1302 2733 1355 2798 Ex

238 2829 383 2912 genuina
412 2831 682 2917 interpretatione
711 2843 821 2897 textus
844 2831 941 2917 plane
970 2831 1170 2895 eontrarium
1195 2832 1354 2916 sequitur.

240 2925 360 2990 Censet
382 2938 496 2992 auctor
518 2951 713 3014 anonymus,
737 2929 978 2994 Tertullianum
1002 2928 1111 2992 sobria
1127 2929 1246 2992 mentis
1263 2928 1355 2992 relle-

239 3024 338 3086 xione
370 3023 519 3090 adhibita
552 3025 742 3106 concedere,
775 3025 1037 3095 Christianorum
1070 3025 1253 3088 exercitum
1287 3047 1352 3088 non

239 3131 366 3183 tantum
391 3122 525 3206 quidem
549 3123 618 3188 fore
645 3133 788 3210 quantus
811 3123 1132 3200 Marcomannorum,
1155 3120 1353 3184 Parthorum

239 3215 291 3278 vel
316 3217 515 3285 Maurorum.
563 3221 629 3286 Sed
651 3220 873 3285 Tertullianus
896 3241 1011 3303 reapse
1035 3219 1236 3282 contrarium
1262 3217 1354 3282 dicit.

238 3311 298 3376 Illa
331 3314 419 3378 enim
453 3316 571 3382 verba:
606 3318 717 3382 Plures
748 3319 895 3380 censeam
928 3317 1038 3380 Macri
1070 3327 1099 3380 ct
1132 3315 1356 3378 Marcomanni

239 3411 359 3494 ipsique
375 3411 493 3490 Parthi,
518 3414 566 3478 uel
580 3426 843 3499 quantaecumque
860 3415 953 3478 assius
974 3423 1077 3476 tarsen
1100 3413 1161 3476 loci
1184 3422 1213 3474 et
1228 3435 1352 3476 sermnem

228 3507 345 3588 finium
375 3519 490 3592 pentes,
523 3533 617 3594 quam
649 3513 745 3574 totins
777 3510 871 3586 orbis,
906 3510 1078 3574 manifeste
1111 3511 1229 3572 ironice
1264 3508 1353 3572 diota

238 3613 324 3667 sunt.
356 3604 429 3666 Hoc
452 3616 543 3689 patet
566 3607 619 3670 vel
643 3630 685 3670 ex
709 3610 781 3693 ipsa
795 3608 1001 3691 oppositione
1014 3607 1152 3692 pontium
1174 3605 1270 3668 artius
1295 3606 1354 3668 loci

239 3710 267 3763 et
291 3723 416 3764 sitorum
438 3703 571 3784 fisticum,
605 3697 704 3789 atoue
729 3703 990 3769 Christianorum
1014 3704 1116 3788 pectis
1140 3703 1235 3766 totius
1259 3702 1352 3766 orbis.

237 3797 314 3860 Post
338 3799 642 3883 interrogationem:
676 3803 729 3866 Art
760 3802 878 3866 desem
912 3801 999 3864 nohis
1033 3801 1078 3864 sis
1106 3821 1303 3862 sterneremus
1326 3809 1353 3860 ot

237 3895 419 3978 copiarum?
442 3897 619 3982 respondet
642 3900 782 3964 ironice:
816 3899 981 3964 Nimirum
1015 3895 1089 3962 illae
1121 3905 1226 3980 perator
1259 3897 1352 3960 uiuus

237 3991 382 4074 copiosis,
407 4000 444 4056 ut
455 3993 683 4060 Marcomanni
707 3994 802 4059 vobis
826 4004 894 4058 tam
918 3991 1129 4074 formidandi,
1154 3989 1351 4075 copiosiores

251 4136 445 4148 ——-.....

313 4201 333 4267 ¹)
351 4199 423 4256 uus
441 4201 493 4270 pu
517 4203 560 4258 st
579 4205 650 4258 reu
666 4205 698 4262 u.
717 4205 754 4259 n
786 4202 990 4262 nmmum
1016 4198 1154 4264 sutum
1171 4213 1199 4268 r·
1218 4201 1260 4264 or,
1279 4217 1333 4269 sqq.
