2908 4828
406 477 536 534 Pmbatio
554 477 621 536 lecti
636 471 671 536 ex
689 479 860 540 testimoniis.
1158 485 1193 540 39

96 611 219 698 adeoque
240 617 393 682 indicare
419 631 517 686 tomam
530 621 757 710 illselsactom,
773 634 906 712 propter
929 627 1018 712 quod
1032 627 1191 693 RR.P0n·

95 709 178 775 tifices
189 725 262 778 sunt
275 719 594 786 successoresPetri.
617 759 661 768 —
676 723 863 809 sophistica
876 724 1020 810 quadam
1051 727 1192 792 audacia

93 807 247 896 fraudeque
277 813 408 898 dolosa,
432 817 569 902 quidam
592 818 749 884 haeretici
775 823 883 887 conati
907 832 984 886 sunt
1005 825 1192 888 testimonia

92 905 126 968 ila
152 905 340 995 diepescere,
377 923 418 977 ut
448 926 657 982 removerent
689 939 742 1001 ea,
777 921 812 982 in
837 917 958 1004 quibus
980 943 1047 984 non
1072 921 1192 986 diserte

91 1003 160 1068 Petri
180 1010 393 1095 episcopatus
426 1035 532 1098 usque
564 1014 607 1078 ad
639 1025 777 1080 mortem
802 1016 979 1100 indicatur,
1012 1039 1052 1082 ac
1086 1020 1112 1082 si
1136 1019 1192 1084 illa

90 1113 174 1166 essem
201 1107 324 1172 nullius
365 1110 536 1194 ponderis.
592 1112 638 1176 At
676 1115 825 1198 ineptum
865 1113 963 1198 plane
999 1124 1057 1198 est,
1090 1137 1192 1180 unam

88 1209 190 1280 perlem
220 1204 312 1288 facti,
339 1229 371 1274 e.
406 1230 438 1293 g.
474 1210 537 1272 iter
559 1210 745 1274 Romanum
767 1210 857 1274 Petri
881 1211 1065 1295 admittere,
1090 1223 1123 1277 et
1144 1235 1192 1276 re-

87 1293 173 1380 liques
192 1323 325 1387 negare.
377 1307 523 1371 Factum
554 1308 642 1372 enim
673 1309 715 1373 de
745 1331 810 1394 quo
841 1311 950 1394 egitur
979 1322 1027 1374 est
1056 1311 1191 1396 quidem

86 1393 248 1464 walensem
282 1403 443 1487 pluribus
476 1405 580 1469 veluti
613 1406 793 1488 elementis,
817 1415 852 1470 at
883 1415 932 1470 est
954 1431 1059 1487 wem,
1084 1429 1191 1494 neque

86 1501 171 1571 potest
183 1517 239 1580 pro
254 1498 373 1564 lubitu
387 1523 466 1587 pars
482 1525 548 1566 una
562 1505 677 1588 negari
694 1513 727 1568 et
740 1504 805 1568 alia
820 1503 967 1569 concedi.
987 1543 1031 1552 -
1054 1506 1094 1570 3⁰
1115 1506 1191 1569 Tes-

85 1588 199 1656 ieonis
230 1597 439 1684 multiplicia
472 1609 549 1664 eunt
579 1611 612 1664 et
635 1603 669 1666 in
703 1603 813 1665 varias
835 1613 972 1687 possunt
1002 1603 1121 1668 classes
1144 1602 1191 1666 di-

87 1685 334 1776 deliquescens
371 1696 439 1762 alia
473 1706 549 1761 sunt
571 1709 785 1763 monumenta
815 1699 968 1779 verbalia,
999 1699 1063 1764 alia
1086 1699 1192 1764 realia

85 1803 152 1866 quse
171 1788 265 1855 lactis
289 1803 326 1858 et
350 1794 453 1858 rebus
478 1805 647 1878 constent3
671 1797 737 1860 alia
760 1806 837 1861 sunt
860 1795 1023 1882 supliciter,
1047 1797 1113 1861 alia
1135 1799 1190 1860 im·

83 1879 176 1962 plla'la
198 1889 250 1952 vel
275 1892 460 1978 completa.
509 1891 574 1957 Sed
597 1913 639 1957 ne
662 1895 803 1958 nimium
828 1903 984 1958 excurrat
1006 1893 1190 1957 dissertatio

86 1992 181 2064 amca,
206 1984 286 2052 haic
309 1989 491 2074 partitioni
514 2011 630 2074 parum
654 1990 917 2073 inhaerebimus3
950 1990 1096 2056 sufficiat
1118 2012 1191 2054 eam

86 2075 217 2150 innuisse.
241 2123 287 2134 -
302 2086 404 2152 Haec
419 2095 531 2150 autem
545 2087 641 2154 nobis
656 2090 712 2152 via
727 2098 760 2152 et
781 2090 864 2152 ratio
888 2091 1012 2174 optima
1036 2090 1109 2153 visa
1132 2097 1190 2170 est,

85 2181 351 2271 standoque
383 2185 515 2268 agimus
538 2185 642 2250 solide
674 2208 714 2250 ao
744 2195 855 2251 tamen
880 2187 950 2250 sine
974 2209 1096 2272 magna
1119 2209 1190 2272 pro·

85 2267 190 2342 lixilate
212 2279 496 2348 demonstremus.
532 2283 563 2347 A
587 2285 761 2348 remotiore
784 2285 981 2369 incipiemus
1004 2283 1134 2347 saeculo
1159 2293 1192 2348 et

84 2387 116 2431 0¹
141 2379 340 2448 testimoniis
376 2380 500 2466 apertis
538 2380 764 2466 probabimus,
805 2401 997 2467 persuasum
1022 2381 1191 2446 omnibus

86 2463 164 2533 fiisse
193 2475 283 2544 Petri
320 2480 554 2564 episcopatum
586 2479 783 2544 Romanum.
831 2479 1080 2544 Descendemus
1113 2479 1190 2544 dein

83 2563 116 2628 ld
134 2575 297 2642 mesalum
328 2577 440 2641 minus
464 2585 636 2658 remotum,
661 2585 693 2640 et
717 2576 935 2658 ostendemus,
959 2586 1039 2640 tnnc
1060 2597 1190 2664 quoque

85 2657 186 2734 &tum
209 2672 294 2740 illud
325 2683 363 2737 nt
386 2681 515 2738 certum
538 2683 571 2737 et
599 2673 777 2738 indubium
807 2672 959 2737 habitum
983 2673 1093 2740 fuisse.
1138 2673 1191 2737 Ita

85 2773 222 2840 maeno
246 2773 492 2858 perveniemus
524 2770 567 2836 ad
599 2782 748 2856 tempora
771 2771 938 2857 Apostolis
968 2773 1134 2857 supparia,
1159 2781 1192 2835 et

86 2860 249 2932 testisinouia
273 2869 325 2934 ad
349 2869 435 2934 haec
465 2891 568 2955 usque
591 2869 797 2951 reducemus,
829 2872 876 2934 ita
900 2879 936 2934 ut
960 2869 1046 2934 clare
1069 2871 1191 2954 perspi-

85 2953 178 3044 datur,
202 2964 413 3034 christianae
437 2969 601 3032 societatis
621 2967 868 3053 persuasionem
892 2969 926 3031 in
950 2967 1089 3032 indubia
1111 2967 1190 3030 faeti

87 3057 200 3128 'edalo
222 3087 328 3132 suum
352 3065 608 3130 fundamentum
631 3064 764 3130 habere.

157 3161 203 3228 16.
226 3164 530 3252 Supervecanenm
571 3185 649 3228 sane
685 3163 779 3245 foret,
813 3161 967 3246 colligere
1003 3163 1191 3228 testimonia

86 3255 184 3322 neate·
203 3265 314 3348 palati
336 3261 381 3328 ad
405 3283 476 3326 rem
498 3271 642 3326 nostram
664 3259 955 3345 comprobandam.
980 3258 1192 3324 Conveniunt

84 3351 155 3416 “ssim
175 3361 276 3426 etism
304 3368 533 3447 protestantes,
564 3380 602 3422 eo
634 3358 764 3423 saeculo
795 3359 1041 3443 persuasionem
1065 3357 1106 3421 de
1130 3358 1191 3421 Ro-

88 3453 213 3522 menoB.
226 3459 323 3524 Petri
349 3460 542 3545 episcopatu
566 3457 601 3520 in
624 3465 693 3520 tota
713 3457 868 3520 societate
892 3454 1072 3520 christiane
1090 3456 1191 3519 fuisse

86 3563 285 3623 oemmunem.
335 3555 492 3622 Sufficiat
519 3563 667 3640 repetere
698 3576 737 3618 ea
767 3575 852 3640 quae
884 3555 1035 3639 superius
1058 3574 1101 3615 ex
1124 3552 1190 3616 An-

87 3640 192 3719 elisano
222 3655 371 3722 Milmen
405 3654 597 3719 citavimus:
632 3654 728 3717 Iaitio
762 3651 881 3716 saecoli
909 3653 1014 3738 quiea
1040 3652 1190 3716 successio

86 3737 202 3826 laam
224 3754 373 3820 amsans
397 3751 558 3836 Passa
587 3776 609 3815 a
632 3751 735 3830 Paeo,
757 3749 830 3836 first
846 3749 1004 3836 passam
1027 3749 1192 3812 assasse

89 3846 199 3914 “Ollinia
211 3851 359 3918 antemi
371 3850 627 3936 receptissimum.
653 3885 697 3896 -
706 3847 778 3912 Imo
794 3847 895 3910 etiam
910 3845 1020 3932 quoad
1034 3845 1192 3910 suessulam

87 3953 207 4018 aarum
248 3957 417 4038 quantum
451 3946 601 4028 videtur,
640 3944 821 4009 admittunt
852 3944 1034 4028 generatim
1067 3963 1190 4023 omnes,

90 4029 120 4096 le
136 4044 321 4133 episcopatu
337 4043 430 4110 Petri
453 4041 601 4108 Romano
628 4042 824 4108 sententiam
847 4039 948 4104 fuisse
972 4061 1190 4104 communem.

88 4129 170 4204 luvet
190 4153 301 4210 temen
329 4141 590 4208 clarissimorum
613 4140 740 4226 aliquot
753 4137 923 4202 Ecclesiae
932 4136 1069 4200 Patrum
1092 4147 1191 4222 atque

92 4226 242 4309 Doctomm
277 4240 387 4306 verba
422 4258 691 4320 commemorare,
725 4245 761 4299 ut
794 4243 955 4320 appareat
986 4233 1050 4298 hae
1083 4234 1124 4298 de
1156 4255 1192 4296 re
