2924 4818
255 481 307 534 102
577 479 618 534 De
635 479 702 535 Sede
719 479 841 534 Romarm
859 479 885 535 S.
904 479 988 534 Petri.

254 645 348 711 posse
371 645 471 710 quam
495 633 659 688 auctamao
683 649 713 688 c.
734 625 786 688 40.
813 623 925 704 Quum
949 643 1028 687 vero
1052 625 1192 710 supponi
1216 635 1378 710 nequeat,

254 731 327 809 post
350 723 432 788 hacc
455 722 565 787 adhuc
589 721 753 787 distulisse
771 721 945 809 Apostolos
969 724 1197 788 executionem
1222 721 1379 786 mandati

256 821 389 906 Christi,
421 831 459 887 ut
490 821 647 886 docerent
678 841 793 885 omnes
823 831 947 906 gentes,
966 821 1125 907 profectio
1148 819 1380 907 Apostolorum

257 921 289 984 iu
314 923 506 985 universum
530 919 692 986 mundum
715 945 822 986 caasa
845 945 962 986 aunum
984 923 1025 984 41
1051 919 1184 986 accidit.

344 1019 398 1086 92.
423 1018 680 1105 comprehensio
712 1021 812 1102 Petri,
845 1020 916 1107 ejus
938 1017 1088 1083 liberatio
1118 1028 1150 1082 et
1172 1021 1233 1082 iter
1257 1019 1380 1082 Roma·

255 1142 338 1196 ursus,
363 1120 411 1182 uti
435 1118 590 1200 vidimus,
614 1117 808 1184 acciderunt
830 1141 861 1185 a.
884 1120 938 1201 42,
955 1117 1086 1183 Claudii
1100 1118 1145 1184 H.
1160 1119 1235 1182 Post
1250 1115 1380 1180 Pacta

256 1219 335 1281 onai
356 1219 399 1282 42
424 1216 544 1280 Paulas
567 1228 597 1280 et
614 1215 783 1281 Battiadas
804 1219 929 1281 reversi
952 1226 1029 1282 sunt
1052 1214 1296 1300 Hierosolymis
1311 1213 1378 1278 Art-

256 1316 410 1394 tiocbiam,
429 1314 561 1400 illicque
580 1317 734 1401 seyrepoti
753 1318 789 1380 ia
808 1339 886 1402 opus
902 1314 1109 1402 Apostolatas
1122 1314 1210 1403 (Act.
1236 1314 1293 1395 12,
1308 1309 1377 1396 25).

255 1412 478 1498 Susceperam
499 1421 580 1476 tunc
596 1414 737 1499 pomum
759 1415 821 1477 iter
842 1411 1085 1500 Apostolicum,
1110 1433 1214 1498 eoque
1236 1419 1377 1496 peracto

255 1513 372 1575 morati
395 1519 472 1576 sunt
488 1509 688 1574 Antiochiae
712 1502 830 1597 tempas
852 1533 916 1575 non
938 1511 1092 1575 moduam
1110 1509 1199 1598 (Act.
1225 1509 1281 1592 14,
1307 1506 1376 1593 27).

256 1609 348 1674 Hace
366 1607 559 1673 acciderunt
576 1630 680 1695 usque
694 1607 738 1674 ad
752 1630 877 1675 annum
888 1609 943 1676 47.
958 1647 1001 1656 —
1024 1609 1156 1674 Interea
1169 1609 1291 1673 Petras
1315 1607 1375 1671 Ro-

255 1729 387 1773 manam
410 1706 565 1772 fundavit
579 1705 774 1790 Ecclesiam,
790 1709 921 1793 scripsit
934 1709 1075 1793 primam
1089 1705 1262 1793 epistolam
1280 1725 1375 1769 suam

254 1807 297 1894 (c.
321 1829 351 1872 a.
374 1803 432 1891 43)
456 1806 491 1870 in
515 1827 581 1892 qua
602 1803 746 1871 habetur
768 1805 919 1870 adutatio
943 1805 1067 1885 Marci,·
1096 1827 1136 1870 ac
1158 1826 1237 1870 mox
1260 1803 1375 1868 adhuc

253 1928 283 1970 a.
306 1906 350 1970 43
373 1905 539 1987 Marcum,
563 1912 637 1990 post
668 1904 827 1988 scriptum
850 1902 1082 1987 Evangelium,
1115 1905 1205 1968 misit
1226 1901 1373 1966 Alexan-

254 2002 370 2084 driam,
395 2001 453 2066 ubi
477 2001 740 2088 ipsesecundum
752 2000 940 2067 Chronioon
955 2001 1136 2067 Eusebiiet
1158 2002 1372 2087 antiquorum

148 2131 153 2142 ·
253 2100 463 2164 traditionem
496 2121 583 2164 anno
616 2099 655 2165 8⁰
689 2099 831 2165 Neronis
863 2097 917 2186 (61
952 2098 1005 2164 vel
1029 2097 1086 2186 62)
1116 2098 1207 2165 obiit.
1252 2099 1373 2163 Petrus

253 2219 331 2261 vero
368 2207 443 2284 post
477 2218 601 2283 paucos
632 2219 747 2281 annos,
779 2221 887 2264 cerasa
930 2219 960 2262 a.
1008 2199 1052 2262 46
1075 2199 1179 2262 Roma
1214 2197 1370 2276 discessit,

253 2295 336 2360 forta
364 2297 536 2360 occasione
560 2295 660 2361 edicti
685 2293 826 2379 Claudii,
851 2318 915 2383 quo
939 2303 1022 2360 teste
1034 2295 1145 2360 Dione
1159 2294 1259 2383 (Hist.
1277 2295 1370 2359 Rom

251 2394 273 2459 l.
297 2393 371 2460 LX.
396 2417 428 2457 u.
453 2392 488 2480 6)
512 2402 695 2461 conventus
725 2393 930 2461 Judaeorum
953 2393 1112 2480 prohibiti
1135 2403 1222 2460 sunt.
1268 2392 1371 2458 Venit

254 2500 335 2556 tunc
357 2491 484 2572 Petrus,
508 2493 556 2556 uti
579 2491 722 2574 videam,
736 2492 960 2575 Antiochiam,
985 2502 1017 2556 et
1040 2514 1116 2556 eum
1130 2489 1368 2577 Hierosolymis
1449 2495 1450 2512 ¹

253 2588 389 2674 quidam
413 2591 590 2674 venissent,
621 2612 665 2654 ex
687 2592 946 2675 circumcisione,
970 2592 1136 2657 eontentio
1160 2600 1231 2655 orta
1253 2598 1306 2654 est
1327 2587 1366 2654 de

251 2689 533 2753 caeremoniarum
557 2688 777 2772 observantia,
798 2711 891 2776 eoqste
914 2699 1049 2776 tempore
1072 2689 1184 2754 Potius
1206 2687 1249 2754 ob
1273 2707 1364 2753 suam
1448 2731 1449 2736 κ

251 2787 495 2851 oeconomicam
518 2788 680 2852 rationem
708 2786 829 2872 agendi
856 2785 1073 2873 probabiliter
1094 2787 1301 2874 reprehensus
1322 2794 1365 2849 sat

250 2907 271 2946 o
304 2883 414 2948 Paulo.
461 2883 603 2950 Factum
635 2883 670 2950 id
703 2906 773 2950 esse
804 2894 882 2951 ante
906 2884 1102 2969 Concilium,
1126 2885 1174 2950 uti
1207 2885 1309 2949 etiam
1332 2882 1362 2948 S.

250 2979 457 3065 Augustinus
480 2983 617 3065 censuit,
643 2982 715 3069 jam
738 3005 798 3069 per
827 3005 861 3048 se
884 2982 1089 3068 probabilius
1112 2991 1170 3064 est,
1194 2991 1227 3046 et
1250 2979 1363 3046 confir·

250 3090 359 3143 matur
382 3101 424 3143 ex
448 3077 706 3147 collationeAct.
733 3080 784 3164 15,
810 3083 827 3146 l
853 3091 886 3146 et
908 3079 982 3147 Gal.
1006 3082 1037 3164 2,
1064 3080 1115 3146 12.
1160 3079 1232 3144 Nec
1254 3079 1360 3160 refert,

250 3176 340 3264 quod
362 3177 395 3244 S.
410 3177 534 3242 Paulas
547 3175 621 3245 Gal.
646 3180 667 3245 2
689 3177 753 3244 hoc
776 3179 901 3245 factam
925 3186 1169 3261 commemorat,
1188 3187 1360 3264 postquam

244 3275 317 3360 jam
350 3273 392 3340 de
415 3273 563 3342 Concilio
595 3275 724 3342 locutus
756 3287 814 3360 est,
846 3299 949 3365 quum
982 3298 1100 3362 scopus
1128 3277 1232 3362 ipsius
1254 3277 1290 3341 in
1313 3274 1361 3339 his

249 3394 316 3437 non
340 3375 382 3438 sit
404 3372 670 3460 chronologicam
688 3375 850 3440 factorum
874 3376 991 3440 seriem
1015 3373 1210 3440 describere.
1233 3413 1279 3422 —
1302 3373 1360 3440 Oo-

248 3473 379 3537 casione
402 3471 497 3537 istius
520 3475 721 3559 quaestionis
743 3473 785 3538 de
809 3473 1024 3538 caeremoniis
1045 3471 1208 3558 legalibus
1230 3471 1309 3537 dein
1330 3493 1358 3535 a.

246 3570 300 3652 47,
324 3571 373 3634 uti
396 3569 531 3635 videtur
552 3571 913 3655 versasPentecostem,
937 3569 1088 3636 habitum
1112 3579 1161 3634 est
1175 3568 1357 3638 Concilium

247 3665 594 3753 Hierosolymitanum.

334 3766 388 3832 93.
411 3766 545 3832 Deinde
575 3767 700 3833 Paulus
729 3776 762 3832 et
789 3767 961 3834 Barnabas
990 3764 1204 3832 Antiochiam
1235 3768 1355 3832 reversi

246 3873 323 3928 sunt
346 3872 379 3928 et
400 3862 535 3950 aliquod
558 3874 688 3953 tempus
711 3864 960 3931 ibimanserunt
982 3863 1050 3952 (15,
1074 3861 1142 3950 35).
1169 3863 1354 3930 Auctumno

245 3984 275 4026 a.
299 3962 341 4025 47
365 3961 488 4028 Paulus
510 3964 636 4050 incepit
658 3963 824 4029 seamdum
846 3965 908 4028 iter
931 3960 1158 4050 Apostolicum
1181 3985 1257 4028 cum
1276 3963 1352 4042 Sila3

245 4057 343 4144 paulo
366 4070 439 4145 post
462 4059 611 4147 adjuncti
635 4069 711 4127 sunt
733 4061 927 4128 Timotheus
950 4070 983 4126 et
991 4061 1102 4125 Lucas
1124 4059 1168 4147 (a.
1191 4059 1260 4148 48).
1284 4063 1353 4128 Per·

244 4164 402 4242 agrarunt
424 4156 534 4241 plures
554 4161 705 4243 regiones
728 4157 829 4224 Asiae
852 4161 1004 4242 minoris;
1028 4158 1106 4226 dein
1128 4157 1351 4226 Macedoniam

244 4275 284 4318 ac
298 4251 483 4340 Graeciam,
508 4254 566 4320 ubi
576 4255 716 4322 Athenis
738 4257 945 4344 praedicavit
953 4256 1085 4345 Paulus,
1109 4261 1142 4318 et
1164 4256 1243 4322 inde
1266 4257 1351 4322 venit
1444 4311 1445 4324 ,
