2900 4800
436 471 549 528 Honorii
568 472 699 540 epistolae
717 472 912 541 expenduntur.
1178 477 1233 532 tas

115 630 175 684 teas
198 616 367 702 quamdam
397 618 433 679 ia
456 616 613 680 doitcum
635 617 754 702 rapiam
786 616 831 680 ad
853 615 1040 684 Heredium
1063 619 1231 706 Imperato-

113 739 187 782 reoa
236 715 435 780 Postmodum
456 714 625 778 ordinatus
647 724 694 778 eat
706 715 923 779 cessassemus
934 714 1111 798 Severiano,
1136 728 1166 783 et
1187 739 1234 782 re·

116 837 223 880 uermes
245 825 292 878 ast
315 813 438 877 Icarius
460 813 694 897 Rauennam).

204 911 260 976 52.
286 911 360 995 ,Ex
391 908 482 975 bisce
505 909 675 974 Anastasii
708 907 838 992 verbis,
869 909 984 975 scribit
1005 913 1234 997 Bottemanne,

115 1007 208 1074 baud
230 1009 352 1094 injuria
375 1009 495 1094 conjici
519 1027 614 1093 posse
638 1007 790 1086 videtur,
814 1009 849 1070 ln
871 1007 936 1072 bac
959 1011 1117 1096 episcopii
1140 1011 1236 1076 Late·

114 1109 266 1172 ranensis
289 1106 473 1191 direptione
489 1105 575 1170 clam
590 1105 736 1170 sublatas
753 1103 1138 1196 Constantinopolimque
1162 1111 1236 1174 mis·

116 1227 171 1272 aas
194 1204 296 1268 fuisso
319 1213 389 1268 tum
413 1202 520 1288 Sergii
544 1204 588 1269 ad
610 1204 816 1286 Honorium,
840 1211 912 1268 tu'm
934 1205 1074 1272 Honorii
1098 1207 1141 1272 ad
1164 1207 1235 1274 Scr-

114 1305 210 1388 gium
233 1313 266 1366 et
279 1301 515 1390 Imperatorem
538 1301 680 1382 litteras,
711 1301 812 1388 idque
825 1301 916 1366 nullo
939 1303 1004 1368 alio
1027 1304 1112 1388 fine,
1136 1327 1237 1392 quam

116 1410 155 1466 ut
177 1401 333 1466 Pontifex
356 1398 561 1464 ordinandus
593 1399 793 1481 severinus,
827 1421 889 1465 neo
920 1403 1078 1487 primates
1101 1403 1237 1468 clericos

115 1501 153 1566 in
185 1497 324 1564 exilium
356 1499 489 1579 missos,
514 1519 575 1562 neo
602 1497 864 1583 praedecessoris
897 1501 1020 1585 scripte
1052 1499 1093 1564 de
1122 1511 1238 1566 exorta

115 1598 250 1664 noviter
272 1596 398 1660 haeresi
414 1594 584 1660 consulere
603 1594 733 1678 valens,
749 1595 792 1660 ab
808 1596 930 1679 Isaoio,
954 1599 1008 1660 cui
1032 1597 1095 1664 hoc
1118 1621 1239 1665 munus

116 1717 179 1781 per
201 1695 438 1780 Imperatorem
462 1693 699 1760 demandatum
723 1693 840 1776 fuerat,
864 1693 996 1758 facilius
1019 1693 1240 1760 adduceretur

115 1793 162 1858 ad
196 1791 402 1877 probandam
435 1791 615 1856 Ectbesim.
663 1790 895 1877 Conjecturam
927 1814 998 1856 esse
1026 1793 1147 1876 fateor,
1181 1791 1239 1857 sed

117 1891 344 1976 conjecturam
375 1911 442 1954 non
477 1911 595 1975 parum
628 1888 846 1975 probabilem.
892 1891 945 1955 Ex
976 1911 1014 1956 eo
1038 1893 1127 1956 enim
1150 1891 1239 1978 quod

117 2009 235 2054 omnes
257 1988 414 2073 primates
438 1986 596 2052 ecclesiae
612 1990 703 2073 prius
718 1989 753 2052 in
772 1987 911 2052 exilium
935 1991 1026 2054 missi
1050 1999 1137 2072 sunt,
1161 1993 1240 2054 satis

117 2095 277 2173 apparet,
302 2083 489 2170 spoliationi
510 2085 727 2151 Lateranensi
751 2095 881 2170 praeter
902 2085 1061 2172 praedam
1085 2096 1117 2150 et
1139 2086 1240 2150 aliam

117 2184 286 2250 subfuisse
318 2204 466 2264 oausam,
501 2203 586 2269 quae
618 2205 720 2248 causa
751 2185 777 2247 si
812 2193 925 2249 esest
957 2207 1057 2270 quam
1081 2186 1239 2270 suspicor,

117 2303 187 2348 non
212 2281 317 2346 solum
333 2279 494 2366 explieat,
519 2280 683 2366 quomodo
700 2291 733 2344 et
747 2281 885 2346 Honorii
910 2293 942 2346 et
956 2282 1062 2370 Sergii
1084 2282 1241 2367 epistolae

116 2403 135 2446 e
160 2381 330 2446 Romanae
354 2378 512 2444 ecelesias
543 2378 706 2444 tabulario
739 2401 870 2464 prorsus
893 2380 1017 2446 fuerint
1039 2380 1240 2465 deperditae,

118 2499 237 2542 verum
270 2478 370 2542 etiam
395 2477 559 2559 declaret,
583 2483 639 2562 qui
673 2477 743 2540 lieri
768 2480 930 2564 potuerit,
963 2488 1000 2544 ut
1021 2479 1163 2544 Honorii
1186 2478 1241 2543 ad·

118 2599 236 2642 versus
259 2574 423 2640 haeresim
446 2586 519 2640 acto
532 2597 617 2661 quae
632 2575 664 2640 S.
681 2575 849 2640 Maximus
869 2585 1119 2656 commemorat,
1144 2597 1241 2661 quae-

118 2697 185 2763 que
209 2673 445 2759 impedimento
478 2672 579 2738 fuisse
610 2671 784 2754 videntur,
817 2674 994 2759 quominus
1018 2675 1152 2738 vivente
1175 2673 1241 2737 Ho-

119 2774 215 2840 norio
238 2771 419 2836 Estheseos
452 2771 546 2835 lieret
577 2770 815 2856 promulgatio,
848 2769 966 2836 nullibi
991 2780 1153 2836 terrarum
1176 2772 1243 2834 sint

118 2867 315 2956 reperta“²).

210 2969 264 3032 53.
288 2967 382 3032 Haec
415 2967 527 3031 omnia
559 2965 641 3031 illud
673 2967 779 3050 magis
811 2965 977 3032 illustrant
1005 2975 1104 3050 atque
1128 2964 1242 3029 confir·

120 3075 216 3132 mant
238 3064 327 3152 quod
351 3065 502 3149 superins
534 3063 700 3144 diximus,
734 3063 892 3130 videlicet
914 3064 1055 3128 Honorii
1089 3061 1244 3149 epistolas

120 3163 310 3230 nullatenus
342 3185 380 3228 ea
410 3163 537 3226 ratione
576 3162 760 3244 confectas,
798 3159 1022 3248 promulgatas
1034 3210 1042 3241 ,
1081 3161 1244 3246 episeopis

121 3262 333 3326 transmissas
355 3260 471 3342 luisse,
496 3281 563 3346 qua
585 3258 620 3324 id
642 3281 683 3324 ea
698 3269 805 3324 aetate
818 3259 891 3323 lieri
915 3258 1041 3324 solebat
1064 3258 1173 3344 quoad
1197 3279 1244 3322 so·

120 3360 246 3425 lemnia
269 3357 469 3423 Pontificum
503 3356 635 3422 decreta
668 3379 726 3422 ssu
750 3356 1008 3422 Constitutiones
1036 3378 1121 3441 quae
1143 3355 1244 3420 fidem

122 3457 178 3522 vel
202 3456 412 3542 disciplinam
436 3455 641 3541 spectabant.
686 3455 851 3536 Quamvis
871 3462 982 3518 autem
999 3455 1139 3518 Romani
1161 3455 1244 3520 Pon·

122 3556 230 3621 tifices
253 3554 381 3640 possint
398 3575 457 3640 pro
472 3554 667 3618 auctoritate
680 3574 740 3618 sua
753 3553 960 3639 sapientique
984 3551 1120 3615 arbitrio
1145 3553 1243 3615 etiam

123 3653 235 3741 quoad
258 3653 341 3718 haec
364 3651 564 3716 documenta
586 3653 689 3714 variis
704 3649 909 3736 temporibus
932 3650 1063 3713 varium
1086 3647 1245 3712 adbibere

124 3752 261 3818 modum
285 3749 501 3814 confectionis
515 3759 548 3813 et
564 3748 733 3831 editionis,
749 3749 962 3814 manifestum
977 3757 1088 3810 tamen
1103 3755 1162 3830 est,
1186 3768 1246 3811 nos

124 3851 242 3916 merito
266 3847 475 3930 concludere,
501 3846 655 3933 epistolas
664 3847 805 3910 Honorii
829 3843 909 3910 talia
933 3845 1131 3918 documenta
1154 3842 1245 3908 baud

123 3947 227 4014 fuisse
238 3995 247 4030 ,
271 3947 351 4033 quia
373 3947 506 4031 penitus
521 3946 561 4008 iis
581 3945 701 4009 desunt
719 3943 766 4008 illi
782 3943 1002 4024 characteres,
1027 3940 1149 4028 quibus
1174 3951 1246 4006 tuac

125 4069 146 4110 a
168 4043 386 4111 Pontificibus
410 4043 542 4108 decreta
566 4065 608 4106 ex
630 4040 795 4106 Oatbedra
819 4041 897 4106 data
920 4040 1070 4126 iasipaisi
1092 4038 1244 4106 solebant.

130 4189 299 4198 -----------.--.v
312 4189 318 4196 ι

203 4263 224 4331 ¹)
242 4265 291 4330 Ap.
312 4261 410 4325 Labbe,
430 4268 449 4314 t.
469 4261 501 4315 V.
522 4277 547 4330 p.
567 4259 645 4314 1753.
810 4257 834 4330 ²)
853 4257 884 4313 1..
903 4273 924 4312 a
944 4273 970 4325 p.
988 4256 1032 4312 33.
