2876 4814
236 488 289 548 sss
571 491 612 548 uo
629 493 717 562 opes
732 475 1015 563 mmmmm

235 661 330 726 usquc
352 639 398 703 ad
420 638 557 702 Attium
579 661 749 703 scr-mmmm
767 661 833 704 nou
855 641 1002 728 ααίνιςαΐ.
1041 639 1146 704 Habet
1168 642 1275 704 offam
1300 651 1365 704 tum

236 737 306 802 atta
335 739 440 801 mimas
466 747 631 816 weuram,
660 747 726 800 tun
754 737 838 822 quod
860 735 994 802 Porcium
1025 739 1178 825 epistolae
1201 739 1254 802 od
1279 739 1364 804 Hoc

236 857 328 899 rocos
351 845 507 899 auctorem
530 857 595 897 osec
617 845 720 921 nepot.
750 833 816 898 Hic
831 836 932 920 igitur
942 835 1082 901 Plautius
1105 835 1237 900 indicia
1264 858 1364 922 quae·

237 931 315 997 dem
335 931 474 1018 praebet
493 929 572 995 libri
596 933 701 1017 ipsius
718 931 910 1018 Hippolyti3
934 934 1051 998 eadem
1075 955 1153 998 vero
1176 931 1271 998 birro
1288 935 1363 998 Phi·

236 1030 517 1116 losophoumcuon
549 1029 640 1093 nullo
672 1029 771 1094 modo
795 1033 1009 1096 conveniunt.
1054 1031 1184 1096 Auctor
1204 1031 1363 1096 Philone

237 1129 448 1216 phoumenon
479 1149 544 1192 non
575 1126 668 1192 ducit
697 1128 829 1190 initium
859 1147 879 1191 a
911 1129 1141 1211 Dositheanis‚
1166 1128 1208 1193 de
1236 1129 1365 1214 quibus

237 1227 321 1292 nihil
341 1225 454 1306 habet,
479 1247 540 1289 nec
563 1224 686 1288 desinit
715 1226 749 1288 in
773 1224 878 1288 nocto
902 1233 935 1288 et
957 1226 1139 1292 Nottiauie.
1186 1225 1271 1312 Ipse
1297 1249 1364 1291 non

238 1324 328 1406 dicit,
345 1345 379 1387 se
392 1325 429 1387 in
444 1322 678 1407 compendium
692 1321 842 1408 redigere
857 1321 890 1388 S.
905 1323 1034 1388 Irenaei
1059 1323 1363 1408 elucubrationem,

237 1441 345 1508 neque
367 1421 403 1485 id
425 1421 514 1503 fecit,
538 1419 702 1484 uec·huic
722 1419 860 1483 Auctori
884 1423 1089 1485 conveniunt
1111 1441 1198 1508 quae
1223 1422 1272 1486 de
1298 1421 1364 1486 dic·

237 1521 326 1584 tione
358 1517 496 1584 Photius
529 1517 663 1599 scribit3
686 1539 805 1602 parum
838 1519 926 1582 euim
949 1520 1112 1582 concinne
1140 1519 1264 1584 scribit
1288 1519 1364 1584 Phi·

133 1645 138 1656 ·
236 1615 518 1704 losophoumenon
528 1615 663 1680 Auctor.
707 1615 855 1678 Domum
880 1615 921 1678 de
943 1613 1093 1701 Epistola
1115 1616 1159 1680 ad
1183 1617 1365 1682 Hebraeos

237 1713 340 1780 Paulo
364 1735 431 1778 non
454 1713 632 1778 tribuenda
655 1711 738 1776 nihil
762 1715 797 1776 in
807 1713 951 1777 Auctore
975 1721 1085 1778 noenu
1109 1715 1300 1780 iuvenitur.
1321 1751 1363 1760 -

237 1813 405 1878 Postremo
435 1809 575 1874 Plrotius
605 1808 727 1874 librum
757 1809 933 1895 Hippolyti
965 1809 1169 1894 βιβλιδάριον
1199 1811 1363 1898 appellat,

238 1911 387 1996 adeoque
404 1929 488 1994 opus
501 1908 565 1970 fuit
588 1927 654 1970 non
676 1917 789 1970 tantae
812 1907 925 1990 molis3
950 1908 1008 1972 sed
1031 1907 1364 1994 Philosophonmena

238 2007 384 2093 amplum
408 2023 489 2091 opus
513 2005 626 2069 decem
648 2001 743 2068 libris
766 2014 956 2069 contentum
980 2007 1194 2071 constituunt.
1220 2005 1364 2071 Certum

239 2106 421 2189 igiturest,
450 2122 534 2188 opus
557 2101 742 2187 Hippolyti,
766 2102 808 2165 de
832 2123 896 2188 quo
919 2103 1057 2168 Photius
1084 2103 1242 2190 loquitur,
1270 2103 1362 2168 haud
1431 2097 1432 2136 ³

240 2220 309 2266 esse
332 2201 662 2286 Philosophoumena,
693 2221 733 2263 ac
762 2200 898 2264 Bunsen
926 2200 1035 2264 oleum
1066 2211 1098 2264 et
1124 2221 1265 2288 operam
1291 2223 1362 2290 per·

240 2299 335 2382 didit,
359 2301 438 2364 dum
476 2300 605 2382 ingrato
641 2297 755 2361 labore
791 2297 827 2361 id
864 2298 1090 2362 demonstrare
1126 2310 1270 2364 conatus
1303 2309 1361 2364 est.

239 2397 365 2482 Neque,
390 2398 437 2460 uti
467 2417 510 2460 ex
539 2395 637 2460 dictis
660 2394 758 2458 facile
790 2394 932 2479 colliges,
958 2387 1024 2460 ilici
1057 2406 1174 2482 potest,
1198 2395 1360 2462 Pbotium

239 2494 328 2581 loqui
358 2494 399 2558 de
422 2494 537 2558 ultimo
559 2493 654 2574 libro,
680 2494 735 2578 qui
755 2493 1061 2577 recapitulationem
1084 2495 1263 2559 haeresum
1289 2517 1363 2558 con-

241 2595 333 2658 tinet.
379 2592 465 2656 Nam
488 2593 588 2656 etiam
612 2589 668 2654 hic
689 2589 774 2654 liber
797 2590 986 2658 nullatenus
1009 2593 1128 2678 incipit
1150 2589 1363 2656 aDosithea·

241 2694 302 2776 nis,
327 2713 388 2757 nec
409 2689 477 2760 ulia
499 2689 624 2754 indicia
645 2697 842 2771 congruunt.

331 2789 383 2856 18.
406 2787 453 2858 At
490 2786 637 2853 Boneeni
674 2785 810 2870 quidem
847 2786 1037 2871 opinionem
1075 2785 1264 2870 complures
1300 2785 1363 2847 viri

241 2887 361 2952 eruditi
391 2887 448 2974 qni
471 2885 506 2950 S.
532 2881 712 2968 Hippolyto
735 2881 1061 2967 Philosophoumena
1091 2882 1293 2946 adscribunt
1316 2903 1363 2944 re·

237 2987 405 3072 jecerunt,
439 2981 497 3048 sed
530 2988 687 3062 statuunt,
712 2979 803 3044 aliud
844 3001 974 3066 quoque
1007 3001 1089 3071 opus
1122 2981 1296 3066 scripsisse
1330 2977 1362 3044 S.

242 3081 462 3170 Hippolytum
493 3089 607 3148 centra
636 3075 787 3144 haereses
820 3078 956 3144 minoris
986 3077 1186 3158 voluminis,
1210 3077 1364 3166 illudque

242 3181 263 3248 L
292 3203 322 3246 c.
353 3203 376 3246 a
402 3178 520 3244 Photio
552 3176 812 3244 commemorari.
859 3174 933 3243 Hoc
964 3196 1046 3261 opus
1069 3197 1141 3240 esse
1162 3175 1247 3244 illud
1271 3176 1364 3262 qnod

244 3279 410 3344 iudicatur
431 3276 570 3360 abipso
594 3273 739 3338 Auctore
769 3271 1123 3358 Philosophoumenon,
1151 3273 1236 3337 dum
1265 3275 1364 3338 initio

243 3379 293 3441 sui
323 3376 399 3440 libri
421 3372 668 3452 animadvertit,
695 3370 767 3458 jam
791 3379 889 3437 antea
912 3391 932 3433 a
955 3391 989 3432 se
1013 3369 1195 3440 haereticos
1208 3391 1293 3435 csse
1313 3393 1364 3434 re-

242 3470 374 3540 futatoe.
398 3469 551 3553 Proinde,
576 3470 741 3556 inquiunt,
766 3489 807 3532 ex
832 3467 942 3532 verbis
956 3467 1067 3536 Photii
1090 3465 1281 3535 nullatenus
1302 3465 1364 3532 col·

242 3573 372 3658 ligitur,
405 3567 728 3654 Philosophoumena
756 3563 940 3651 Hippolyto
971 3563 1073 3632 tribui
1097 3587 1165 3632 non
1186 3587 1295 3650 posse.
1322 3603 1364 3614 -

245 3671 426 3736 Oememus
448 3677 570 3748 tamen,
601 3665 690 3728 lianc
718 3664 968 3748 responsionum
1001 3683 1074 3727 eam
1103 3683 1173 3730 nou
1197 3681 1283 3744 esse,
1309 3664 1364 3725 cni
1429 3735 1430 3752 χ

244 3789 369 3854 aequus
406 3761 555 3828 veritatis
589 3761 758 3845 indigetes
793 3761 1004 3846 acquiescere
1040 3760 1153 3846 possit,
1191 3761 1258 3823 imo
1289 3779 1363 3823 eam

246 3865 358 3931 solidis
381 3863 517 3929 refutari
541 3859 753 3945 argumentis.

77 4001 235 4056 mmm„
339 3963 390 4032 79.
413 3961 549 4030 Etenim
590 3957 627 4026 1⁰
663 3955 796 4025 omnino
823 3951 1001 4026 urbicario
1040 3955 1205 4038 asseritur,
1239 3953 1364 4040 duplex
1429 3973 1430 3984 ¹

76 4065 132 4108 Μ
145 4066 226 4106 ”⁰²⁰⁵
246 4083 329 4149 opus
355 4061 510 4132 odoenus
538 4059 680 4128 losum
710 4077 730 4121 a
758 4054 796 4124 ,8.
820 4053 1003 4140 Hippolyto
1028 4073 1105 4122 esse
1128 4054 1362 4138 semetipsum,
1429 4049 1430 4104 i

247 4159 386 4224 uterum
419 4157 546 4244 majus,
576 4153 718 4218 ultorum
747 4154 870 4217 minus.
915 4151 1030 4216 linum
1059 4159 1191 4214 tantm
1218 4167 1364 4212 cemme-

248 4267 379 4322 morant
406 4251 614 4338 laudantque
646 4251 784 4336 antiqui.
834 4247 939 4328 Quale
969 4245 1033 4310 luit
1062 4243 1144 4311 illud
1166 4266 1211 4311 ex
1230 4246 1363 4311 dnobus
