2874 4812
464 479 604 536 vindiciae
621 479 647 538 S.
666 479 802 552 Stephani
1137 489 1190 542 345

84 633 196 698 nolim
219 643 250 698 a
271 632 487 698 commendata
509 633 687 700 ereduntur.
726 635 820 700 Hanc
843 659 914 723 erpo
937 640 1190 704 connectudiaem

81 753 131 816 per
158 729 371 818 Aprippinum
402 731 677 816 praedecessorem
711 755 800 798 nomn
836 734 915 798 dicit
944 733 977 800 S.
1013 733 1191 823 Cyprianus

83 829 165 912 quasi
185 830 323 915 coepisse
346 829 482 915 compi5
504 830 560 893 sed
582 831 662 896 sicut
691 831 875 917 dilipentins
897 834 1051 919 inquisita
1073 834 1191 898 ves-itas

83 925 194 1003 mend,
226 949 307 1011 qesae
334 937 407 1012 post
435 949 565 1014 mopnos
587 927 820 994 dubitationum
833 929 952 1016 fluctus
984 933 1029 996 ad
1045 931 1191 1018 plenarii

83 1023 200 1088 consilii
235 1025 500 1109 confirmationem
532 1025 689 1112 perducto
721 1037 783 1104 est,
822 1029 927 1092 cerins
964 1030 1104 1094 creditum
1129 1051 1192 1115 per

83 1123 287 1209 Aprippinum
326 1124 484 1210 commmpi
522 1124 674 1210 coepisse,
707 1147 772 1188 non
810 1127 927 1212 corripi
936 1125 969 1212 ¹).
1025 1127 1191 1192 Disertius

82 1221 171 1284 etism
194 1220 394 1286 Vincentius
422 1220 625 1285 Lirinensis:
678 1219 845 1294 Quondam
877 1225 975 1310 ipitur
1001 1225 1191 1290 venerabilis

83 1319 239 1382 memmae
271 1317 469 1405 Apippinus
501 1315 759 1406 Cortlopinensis
788 1321 962 1406 episcopus,
980 1321 1106 1408 primus
1129 1345 1190 1386 om·

83 1417 158 1479 nium
179 1415 363 1480 mortalium
385 1427 495 1482 comma
518 1416 660 1480 divinum
682 1439 845 1496 canonem,
869 1429 980 1484 contro
1002 1420 1192 1486 uniuersalis

82 1513 234 1578 hdo-siae
242 1513 393 1600 rapulam,
406 1525 517 1578 conae
527 1537 650 1578 sensum
661 1516 797 1578 omniun
807 1517 1071 1596 mnsacerdotum,
1081 1530 1192 1583 contra

82 1634 186 1676 morem
200 1636 241 1676 ac
254 1613 404 1676 instituto
422 1616 586 1702 majorum,
608 1611 869 1698 rebaptizandum
883 1637 958 1693 esse,
973 1615 1117 1680 censebat
1131 1665 1138 1678 .
1157 1665 1164 1679 .
1182 1665 1189 1680 .

85 1707 152 1774 Cum
164 1732 237 1797 erpo
261 1709 399 1795 undique
423 1709 467 1772 ad
483 1710 654 1774 novitatem
668 1710 717 1772 rei
739 1711 842 1776 moscii
863 1711 1081 1793 reclamarent,
1099 1723 1192 1798 atque

82 1830 175 1872 omnes
196 1805 448 1894 quapsooermm
469 1807 647 1872 sacerdotes
660 1829 724 1893 pro
749 1831 804 1872 neo
827 1809 955 1894 quiaque
977 1809 1085 1874 studio
1107 1811 1190 1874 reni·

83 1907 220 1984 tes-entur,
246 1917 319 1969 tione
343 1905 441 1969 lonae
468 1907 635 1970 memoriae
668 1905 760 1991 Papa
782 1903 960 1990 Stephanae
989 1905 1191 1992 Apostolicae

83 1999 164 2067 Sedis
185 2004 340 2084 Annas,
363 2025 432 2066 ann
453 2003 585 2066 caeteris
607 2003 732 2088 quidem
745 2002 883 2090 collepis
910 2005 985 2082 suis,
1009 2003 1065 2068 sed
1088 2013 1192 2068 tamen

81 2124 149 2184 prae
170 2102 305 2165 caeteris
334 2101 467 2180 restitit,
491 2100 629 2187 dipsium,
642 2111 679 2165 ut
701 2102 824 2186 opinor,
848 2101 1044 2179 scistimane,
1067 2102 1097 2164 si
1116 2100 1190 2164 reli-

82 2221 148 2282 quos
178 2221 285 2262 omnes
317 2207 440 2262 canan
465 2197 545 2282 fidei
582 2197 744 2266 &eodone
766 2197 918 2277 uinceret,
948 2209 1098 2283 quantam
1129 2198 1191 2264 loci

83 2297 260 2360 auam-itate
299 2293 511 2382 esperazano).
567 2295 607 2360 ln
640 2293 832 2360 (lenonibus
864 2295 1097 2381 Apostolorum
1132 2297 1190 2383 qui

82 2391 244 2476 dionem,
277 2393 426 2479 rejicitur
466 2393 601 2479 quidem
637 2393 876 2459 hoereticorum
908 2393 1083 2481 baptisma.
1134 2395 1191 2461 Sic

83 2491 161 2554 enim
196 2490 302 2555 hebet
338 2489 419 2556 Oen.
457 2491 521 2556 45:
568 2493 758 2580 Episcopum
798 2503 854 2556 out
884 2493 1102 2580 presbyterum
1137 2496 1192 2580 qai

81 2587 298 2653 lometieoram
338 2587 496 2675 baptisma
542 2599 598 2661 aut
640 2589 827 2654 sacriioium
869 2592 1039 2676 susceperit
1074 2591 1192 2677 deponi

78 2687 293 2772 praecipimus.
344 2683 433 2760 Qiooe
464 2688 546 2751 enim
577 2688 739 2752 consentio
774 2688 858 2752 inter
890 2685 1048 2752 Clu-istum
1080 2698 1109 2752 et
1131 2689 1189 2752 Be·

82 2781 156 2846 lial?
182 2794 240 2848 aut
267 2807 350 2870 quae
366 2783 533 2870 particula
546 2783 644 2870 fideli
665 2807 733 2848 nem
756 2784 905 2869 infidelii
946 2783 992 2848 Et
1012 2785 1073 2850 46:
1097 2786 1189 2872 Iipis·

82 2903 166 2966 copus
180 2892 239 2946 aas
251 2881 429 2968 presbyter,
454 2883 483 2945 si
498 2905 567 2948 eum
584 2884 640 2970 qui
651 2905 757 2948 oerum
771 2881 928 2968 baptismo
942 2883 1056 2947 lubeat
1078 2883 1191 2946 iterum

82 2975 292 3062 lopaeaoesit,
316 2989 373 3044 out
390 2979 549 3066 pollutum
572 2980 611 3046 ab
634 2981 743 3067 impiis
765 3001 831 3044 non
854 2979 1071 3066 baptizaverit,
1096 2980 1188 3066 depo·

81 3074 169 3155 nitur,
192 3087 228 3140 nt
250 3078 307 3163 pai
329 3099 447 3142 crucem
470 3087 500 3142 et
521 3088 650 3142 mortem
675 3076 806 3142 Domini
828 3077 990 3160 derideat,
1014 3101 1111 3164 neque
1127 3078 1189 3142 dis·

82 3184 180 3237 amas
210 3196 301 3238 veros
333 3175 510 3240 sacerdotes
541 3199 562 3240 a
593 3174 807 3242 sacerdotibus
838 3174 1068 3260 impostoribus.
1123 3174 1189 3240 sod

82 3271 188 3336 merito
221 3271 262 3338 el.
295 3270 413 3336 Helela
435 3272 594 3358 advenit,
618 3271 701 3336 nihil
733 3295 776 3336 ex
799 3271 851 3336 his
874 3272 1057 3338 canonibus
1081 3272 1189 3356 colligi

82 3387 177 3452 posse,
201 3391 305 3456 quum
329 3369 372 3435 ed
394 3371 468 3456 ipse
497 3378 645 3456 tempore
672 3372 836 3456 portinere
860 3369 1045 3452 videantur,
1070 3370 1191 3456 quibus

82 3465 181 3549 (initio
205 3489 293 3532 saec.
324 3467 390 3554 ΠΙ)
422 3467 546 3534 ebusus
577 3466 770 3554 baptizandi
803 3466 986 3534 haereticos
1014 3489 1190 3533 conversos

82 3561 229 3630 inductus
252 3575 312 3630 esi
658 3589 663 3596 ·

161 3663 215 3728 94.
238 3661 316 3728 Jem
340 3662 381 3726 de
414 3659 575 3748 Cypriani
607 3671 639 3728 ct
661 3662 847 3729 Firmilieni
876 3665 1082 3750 oppositione
1100 3664 1297 3750 judi-cyprini
1321 3701 1357 3740 ψ

83 3757 162 3822 oium
185 3760 340 3825 feremus.
373 3759 635 3846 Argumentutur
656 3761 826 3827 Reinkons
849 3760 884 3848 (l.
909 3759 951 3848 c.)
975 3785 1017 3825 ex
1040 3761 1189 3826 resistsn·
1238 3749 1322 3800 ”mli

84 3855 122 3918 tie
143 3856 176 3922 S.
200 3855 372 3943 Cypriani,
395 3857 438 3925 ab
462 3860 533 3944 ipso
557 3860 736 3944 primatum
759 3859 798 3924 R.
821 3858 992 3924 Pontificio
1021 3858 1112 3923 haud
1135 3880 1189 3944 eg·

85 3953 179 4018 uitam
201 3954 313 4038 fuisse,
336 3964 435 4042 atque
458 3956 561 4039 addit,
584 3955 789 4042 Cyprianum
813 3956 939 4022 haeresi
956 3965 1188 4020 etexcommu-

85 4050 232 4118 nicetioni
255 4053 440 4140 subjectum
468 4053 598 4120 obiisse.
646 4052 805 4120 Similiter
831 4075 874 4117 ox
897 4054 1102 4138 oppositione
1126 4052 1188 4140 ey-

149 4245 169 4332 ι)
188 4262 228 4318 De
244 4263 323 4334 Bnpt.
341 4263 359 4322 i
377 4264 415 4320 H.
434 4281 460 4319 n.
482 4265 524 4322 12.
795 4267 819 4338 ¹)
838 4265 997 4322 commonit.
1015 4281 1037 4320 c
1056 4269 1082 4322 9.
