2836 4804
239 445 292 496 320
638 441 685 496 tDe
703 443 790 496 tribus
808 443 949 512 Capitulis.

239 597 308 651 tera
331 595 423 672 parte
455 607 545 648 more
569 585 879 671 Mouophysitarum
909 587 1122 672 rejiciebatur
1144 611 1238 654 omne
1262 587 1344 652 aliud

240 683 425 768 symbolum
460 695 589 768 praeter
611 683 796 747 Nicaenum
829 697 861 747 et
884 684 1069 766 CPtauum,
1094 686 1241 774 adeoque
1263 687 1346 751 haud

239 781 475 846 admittebatur
502 781 579 844 fidei
610 783 769 867 expositio
803 781 1011 847 Chalcedone
1044 783 1141 866 laeta,
1165 795 1263 872 atque
1285 789 1347 870 epi·

240 879 320 944 stola
343 879 466 944 Leonis
489 878 532 942 ad
556 877 766 943 Flavianum.
813 879 889 943 Vox
911 882 1005 944 anius
1027 880 1081 945 vel
1104 883 1240 946 daarsuu
1263 897 1346 946 natu·

239 999 350 1042 rarum
373 975 570 1058 evitabatur,
596 985 628 1040 et
651 998 717 1040 non
746 976 850 1041 solum
875 975 1060 1042 Concilium
1086 977 1346 1044 chalcedonense

240 1099 306 1140 non
335 1073 567 1138 recensebatur
597 1085 634 1137 ut
666 1075 902 1159 recipiendum,
933 1075 990 1140 sed
1021 1076 1119 1141 valde
1142 1077 1298 1162 ambigua
1319 1093 1347 1140 et

240 1184 391 1259 suspecta
415 1181 508 1236 erant
532 1171 588 1235 illa
610 1171 733 1235 verba:
762 1170 877 1258 Cuique
892 1183 995 1236 autem
1009 1175 1064 1258 qui
1079 1173 1171 1238 aliud
1187 1176 1346 1262 predonum

240 1270 288 1336 uel
311 1271 441 1336 semovit
464 1269 509 1333 sel
532 1271 656 1348 eonfiat,
689 1292 742 1333 eea
766 1274 848 1358 jum,
872 1293 926 1335 sca
949 1269 1047 1348 alius,
1078 1293 1132 1335 seu
1154 1273 1190 1336 iu
1217 1271 1346 1336 Concilio

243 1367 495 1446 Chalcedoueuat',
520 1415 527 1431 .
553 1415 560 1431 .
586 1416 593 1430 .
619 1367 784 1430 anathema
807 1368 982 1432 indicimus.

330 1465 380 1531 10.
405 1465 493 1528 Huic
526 1462 632 1528 edicto
665 1465 774 1549 igitur,
808 1464 895 1550 quod
928 1468 1080 1550 quamvis
1103 1463 1267 1531 haeresim
1290 1489 1347 1531 non

240 1565 447 1648 exprimeret,
473 1583 544 1625 eam
568 1571 678 1625 tumen
715 1585 779 1627 non
805 1562 1048 1627 condemnabat
1071 1563 1122 1628 vel
1146 1567 1280 1650 penitus
1301 1587 1347 1628 ex-

240 1661 405 1742 cludebat,
430 1681 537 1745 neque
561 1662 639 1724 satis
654 1659 775 1744 dogma
790 1659 987 1724 catholicum
1003 1660 1166 1739 tuebatur,
1194 1662 1348 1748 subscrip-

240 1769 353 1824 serunt
374 1759 527 1836 Aeacius,
550 1757 667 1821 Petrus
700 1757 840 1842 Mongus
873 1760 928 1844 qui
958 1759 1079 1844 rejecto
1103 1759 1222 1825 'Palaia
1245 1761 1348 1825 sedem

241 1856 500 1922 Alexandrinam
524 1856 656 1940 recepit,
689 1855 810 1940 aliique
842 1877 859 1920 e
885 1855 1064 1922 Catholicis
1087 1867 1119 1920 et
1142 1857 1346 1945 Monopbysi-

238 1957 291 2021 tis.
338 1954 404 2035 Qui
438 1974 515 2016 vero
549 1954 634 2016 inter
669 1951 854 2017 Catholicos
885 1954 974 2039 justo
1008 1954 1085 2018 fidei
1119 1957 1231 2021 studio
1264 1969 1346 2020 crum

240 2054 387 2134 animati,
412 2049 573 2116 Henotico
598 2049 802 2115 subscribere
821 2050 1027 2117 recusabant.
1075 2051 1162 2117 Illud
1180 2057 1279 2119 etiam
1294 2053 1345 2116 ler-

240 2151 383 2215 vidiores
398 2151 483 2213 inter
494 2148 743 2233 Menophysitus
759 2149 951 2235 rejecerunt,
969 2152 1046 2235 quia
1064 2152 1098 2213 in
1113 2171 1152 2214 eo
1168 2151 1343 2217 Concilium

241 2247 506 2313 Chalcedonense
521 2268 586 2310 non
602 2267 755 2331 expresse
775 2245 1007 2328 damnabatur,
1025 2247 1105 2312 ethi
1123 2271 1159 2312 se
1176 2272 1196 2312 a
1215 2269 1343 2314 commu·
1401 2269 1402 2306 3

240 2349 337 2410 nione
361 2344 449 2408 Petri
480 2345 592 2428 Mongi
624 2353 812 2429 separantes
843 2343 922 2408 dicti
954 2354 1031 2408 sunt
1054 2346 1227 2432 Ampliat-i,
1252 2345 1344 2410 idest

240 2446 310 2508 siue
335 2444 450 2529 capite.
498 2441 552 2505 Ab
585 2463 623 2505 co
654 2452 800 2527 tempore
825 2440 981 2506 ecelesiae
1009 2443 1044 2506 in
1068 2441 1207 2508 Oriente
1230 2447 1344 2508 tristem

240 2544 275 2606 in
299 2542 432 2606 modum
457 2540 585 2604 divisae
609 2550 703 2620 sunt3
728 2541 762 2602 in
786 2539 858 2603 aliis
883 2537 1068 2604 Concilium
1084 2539 1346 2606 Chalcedonense

241 2641 351 2728 palam
384 2636 656 2725 praedicabatur;
694 2639 727 2700 in
761 2637 835 2700 aliis
865 2659 1017 2722 expresse
1041 2637 1281 2720 damnabatur,
1315 2639 1344 2701 in

242 2738 315 2804 aliis
338 2759 444 2824 neque
468 2734 729 2821 praedicabatur,
754 2755 860 2819 neque
884 2733 1113 2799 damnabatur.

332 2837 383 2899 ll.
408 2833 569 2913 Aeacius,
599 2833 751 2918 quamvis
784 2855 812 2896 a.
846 2829 879 2896 S.
904 2831 1074 2916 Simplicio
1107 2855 1197 2920 papa
1220 2834 1347 2921 ejusque

108 2929 197 2959 ΗΜ·
242 2955 428 2998 successore
454 2931 564 2995 Felice
578 2930 630 2993 ΠΙ
648 2929 845 3008 admonitus,
871 2951 935 2993 non
959 2938 1087 2994 tantum
1111 2953 1178 2996 non
1208 2932 1346 3016 resipuit,

241 3032 299 3096 sed
323 3030 443 3096 Felicis
466 3051 571 3114 papae
594 3027 717 3111 legatos
740 3049 759 3092 a
778 3028 911 3092 Zenone
935 3031 1055 3092 carceri
1082 3031 1287 3115 mancipatos
1309 3027 1345 3092 ad

241 3127 512 3213 transgredienda
536 3126 705 3190 Pontificio
729 3125 895 3207 mandata,
920 3125 1017 3190 etad
1041 3123 1345 3190 communicandum

242 3249 318 3291 cum
343 3227 436 3292 Petro
460 3225 581 3308 Mongo
613 3225 709 3309 eique
742 3222 1000 3287 confirmandam
1025 3223 1134 3288 sedem
1158 3221 1345 3288 Alexandri·

242 3347 320 3389 nam
351 3323 517 3409 compulit.
566 3321 775 3406 Quapropter
804 3319 900 3384 Felix
923 3319 975 3384 III
1007 3342 1093 3384 anno
1125 3321 1193 3385 484
1226 3324 1260 3385 iu
1293 3319 1344 3383 Ro·

241 3444 340 3486 manu
363 3419 497 3505 Synodo
521 3420 681 3484 Acacium
697 3429 730 3482 et
741 3419 865 3503 legatos
881 3439 956 3482 suos
969 3421 1251 3504 praevaricatores
1273 3419 1345 3503 epis·

241 3527 377 3604 copatus
409 3517 531 3581 honore
564 3527 596 3580 et
619 3517 849 3581 communione
873 3515 1041 3580 Ecclesiae
1068 3517 1226 3601 privavit.
1272 3517 1344 3579 Aca·

241 3619 312 3681 cius
335 3637 413 3679 vero
437 3613 647 3700 Imperatoris
677 3616 858 3701 patrocinio
891 3615 1003 3695 fretus,
1036 3635 1155 3678 nomen
1183 3611 1346 3679 Pontificis

241 3737 259 3778 e
292 3715 392 3777 sacris
425 3711 594 3798 diptychis
626 3714 803 3797 expunxit,
837 3715 1008 3797 episcopos
1040 3710 1083 3774 ad
1106 3708 1343 3798 suscipiendum

241 3811 428 3876 Henoticon
470 3809 612 3876 Zenonis
654 3819 686 3874 ct
728 3809 772 3874 ad
805 3809 1115 3874 communicandum
1149 3831 1224 3873 cum
1256 3807 1343 3871 Petro

241 3911 362 3994 Mongo
388 3909 555 3994 compulit,
590 3919 621 3972 et
645 3907 787 3972 schisma
817 3909 851 3972 in
874 3907 1025 3973 Ecclesia
1048 3907 1240 3988 introduxit,
1264 3903 1343 3992 quod

241 4009 377 4092 triginta
400 4009 545 4094 quinque
568 4006 758 4071 fercannus
782 4005 982 4090 perduravit.
1013 4004 1122 4085 Quum
1146 4006 1234 4069 enim
1257 3999 1342 4068 multi

242 4107 388 4191 episcopi
412 4105 595 4186 orientales,
620 4105 772 4190 quamvis
796 4103 837 4167 ab
857 4101 1069 4186 Eutychiana
1091 4101 1217 4166 haeresi
1241 4099 1340 4166 alieni.

242 4203 312 4266 sive
343 4212 431 4268 metu
463 4202 673 4289 Imperatoris
705 4201 775 4264 sive
808 4199 880 4265 aliis
914 4200 956 4264 de
989 4201 1096 4266 causis
1128 4221 1203 4263 cum
1226 4197 1342 4262 Acaoio
