2924 4818
417 469 564 528 Concilium
581 469 866 542 Hierosolymttannm.
1172 473 1207 530 99

107 627 191 697 mut,
212 616 276 680 cisi
299 615 388 680 Nero
412 615 534 702 fratris
566 616 737 696 Pallantis,
770 617 825 702 qai
857 627 921 682 tum
951 619 1087 706 muscime
1120 619 1208 706 apud

105 714 184 779 illuns
204 716 238 778 iu
259 713 375 778 bonon
397 723 476 792 erat,
494 713 644 799 precibus
675 713 869 800 supplicibus
890 713 991 778 melea
1013 715 1205 780 indulsisset.

105 851 143 860 -
162 812 251 877 Haec
273 813 377 896 igitur
399 819 551 874 currente
573 831 660 875 anno
681 809 725 876 55
748 810 951 876 acciderunt.
975 849 1018 858 —
1043 809 1208 878 Convenit

104 912 193 974 etium
203 909 373 992 Wieseler,
389 910 553 973 temdum
575 909 620 972 od
633 931 722 994 mm
744 907 908 974 adventus
917 907 1012 974 Pauli
1036 911 1071 974 in
1082 911 1207 976 Urbem

104 1007 160 1072 hoc
180 1017 270 1072 textu
293 1006 432 1092 losephi
456 1007 606 1092 apprime
616 1007 839 1090 determinari,
864 1006 1022 1072 videlicet
1044 1008 1122 1072 inde
1147 1008 1208 1072 col-

102 1104 164 1190 ligi,
186 1105 329 1170 Felicem
353 1105 493 1170 Romam
516 1105 656 1188 venisse,
681 1126 786 1190 quum
799 1103 909 1170 Pallas
931 1105 1072 1170 Neronis
1094 1105 1208 1170 favore

101 1203 236 1288 polleret,
258 1227 300 1268 ac
323 1203 422 1289 paulo
445 1201 673 1289 postPaulum
697 1223 735 1267 eo
759 1204 901 1269 venisse.
947 1202 1014 1268 Sed
1036 1205 1107 1290 ipse
1131 1204 1207 1268 dein

100 1311 220 1366 tantum
250 1301 407 1382 advertit,
439 1299 622 1365 Pallantem
654 1322 742 1366 enno
775 1301 818 1366 62
850 1300 944 1387 (Tae.
968 1299 1090 1367 Annal.
1113 1302 1207 1368 XIV.

99 1397 155 1482 65)
182 1421 307 1464 veneno
337 1399 485 1484 periisse,
509 1396 658 1484 adeoque
688 1396 804 1464 saltem
832 1407 979 1484 tempore
1002 1421 1104 1464 verno
1128 1402 1207 1466 anni

99 1498 140 1560 63
161 1495 299 1561 Paulum
331 1497 472 1560 Romam
504 1497 645 1561 venisse.
692 1495 760 1562 Sed
791 1516 858 1560 non
889 1496 1125 1562 animadvertit
1156 1499 1209 1562 vir

98 1595 328 1682 eruditns,jam
351 1616 438 1659 anno
462 1593 505 1658 55
530 1616 572 1658 ex
595 1595 711 1660 Tacito
734 1593 917 1660 Pallantem
931 1594 1072 1659 Neronis
1094 1595 1208 1660 favore

97 1692 263 1774 excidisse,
297 1694 447 1779 adeoque
485 1692 668 1758 secundum
700 1693 804 1778 ipsius
842 1683 1012 1758 criterium
1049 1705 1207 1778 constare,

99 1791 237 1855 Felicem
260 1801 340 1856 ente
362 1791 463 1856 finem
485 1793 566 1856 anni
588 1791 632 1855 55
655 1791 794 1856 Romam
817 1791 963 1856 rediisse.
971 1789 996 1876 ¹)

181 1891 233 1956 89.
280 1889 356 1954 Hoc
377 1898 524 1974 tempore
558 1887 860 1974 comprehensionis
883 1887 916 1954 S.
940 1886 1034 1952 Pauli
1059 1887 1209 1953 deterrui·
1239 1919 1357 1962 nmium„

97 2001 183 2070 nato,
207 1987 340 2052 definiri
364 1996 501 2072 possunt
523 1986 729 2072 aliiquidam
752 1997 901 2070 eventus,
924 1994 1024 2072 atque
1048 1987 1210 2072 imprimis
1218 1982 1377 2033 ⁸¹¹⁰¹³⁰¹⁰¹¹¹¹¹t

96 2102 221 2174 tempus
234 2084 371 2150 Consilii
379 2084 602 2172 Apostolorum
612 2085 841 2172 Hierosolymis
862 2083 972 2148 habiti.
997 2083 1052 2148 Ex
1074 2084 1211 2150 historia

96 2187 238 2252 Actuum
263 2182 439 2268 colligitur,
464 2181 545 2246 illud
570 2181 756 2246 Concilium
779 2205 848 2248 non
870 2183 974 2246 serius
996 2203 1091 2268 posse
1115 2182 1209 2248 eollo·

95 2287 168 2368 ceri,
192 2305 294 2370 quom
321 2303 409 2346 anno
437 2281 512 2345 47⁰.
557 2281 636 2345 Post
658 2279 844 2346 Concilium
866 2301 971 2367 usque
999 2279 1043 2344 ad
1066 2301 1211 2367 eompre-

96 2384 286 2448 hensionem
310 2401 404 2444 suam
426 2377 550 2444 Paulus
583 2388 803 2444 commoratus
826 2387 875 2442 est
898 2377 1049 2443 Corinthi
1072 2400 1132 2463 per
1155 2401 1210 2446 an-

97 2503 172 2546 num
198 2490 232 2543 et
255 2475 433 2544 dimidium
444 2474 533 2563 (Act.
547 2475 597 2559 18,
611 2474 685 2563 11);
709 2476 834 2562 Ephesi
849 2497 909 2561 per
931 2467 1123 2543 menses27¹
1137 2499 1211 2541 eon-

95 2581 203 2644 tinuos
227 2575 317 2664 (Act.
343 2573 522 2660 19,8.10);
546 2597 606 2660 per
628 2584 694 2638 tres
717 2595 846 2640 menses
869 2576 988 2638 iterum
1012 2575 1048 2638 in
1071 2573 1212 2640 Graecia

97 2677 184 2762 (Act.
209 2675 264 2756 20,
273 2673 318 2761 3),
343 2695 385 2736 ex
409 2672 530 2758 quibus
554 2673 776 2738 conficiuntur
800 2682 941 2760 quatuor
962 2673 1053 2738 anni.
1099 2671 1162 2736 His
1184 2673 1210 2737 si

95 2773 198 2840 addas
222 2783 354 2858 tempus
377 2773 564 2857 impensum
592 2781 666 2857 post
690 2771 876 2836 Concilium
899 2769 1099 2836 Antiochiae
1122 2769 1210 2858 (Aet.

98 2869 272 2958 15,35),et
295 2870 397 2934 variis
420 2869 594 2934 itineribus
609 2871 778 2956 variisque
801 2871 836 2934 in
851 2869 1052 2950 civitatibus,
1077 2867 1211 2932 utiAct.

95 2992 190 3056 capp.
204 2967 331 3050 15,40;
355 2967 659 3050 serenaretur,
683 2965 781 3031 facilc
804 2975 951 3052 apparet,
975 2965 1028 3030 his
1059 2964 1212 3029 omnibus

95 3072 205 3134 minus
228 3087 330 3154 quam
353 3087 478 3130 annum
493 3085 568 3130 cum
584 3065 722 3130 dimidio
733 3065 884 3130 sufficere
899 3086 966 3130 non
989 3086 1093 3151 posse,
1117 3063 1212 3128 adeo·

94 3189 157 3252 quc
182 3163 371 3229 Concilium
395 3162 545 3228 habitum
570 3185 639 3226 esse
662 3163 777 3227 saltem
801 3165 934 3249 quinque
958 3163 1053 3226 cuuis
1075 3185 1143 3226 mem
1165 3161 1210 3226 ‹ti-

95 3265 193 3328 mids'o
218 3273 292 3326 ante
311 3261 512 3326 Pentecosten
535 3262 615 3324 anni
636 3263 703 3341 53,
729 3262 776 3324 ita
799 3270 835 3326 ut
857 3259 901 3325 ad
924 3281 1049 3326 annum
1072 3259 1114 3324 47
1143 3273 1212 3348 per-

96 3364 260 3426 veniatur.
283 3397 327 3408 -—
351 3359 406 3424 Ex
427 3359 530 3424 alters
553 3369 656 3444 parte,
687 3379 731 3422 ex
753 3357 891 3446 epistola
913 3358 956 3423 ad
981 3357 1117 3422 Galatas
1140 3381 1168 3423 c.
1195 3360 1209 3421 1

95 3459 272 3543 colligitur,
297 3466 378 3543 quot
400 3458 498 3522 annis
520 3466 595 3543 post
617 3458 866 3522 conversionem
877 3455 910 3522 S.
920 3457 1015 3520 Pauli
1028 3453 1212 3520 Concilium

94 3557 300 3622 celebratum
323 3557 431 3621 luerit.
477 3554 546 3618 Iter
568 3554 663 3620 Pauli
687 3564 720 3618 et
733 3554 908 3620 Barnabae
931 3551 1213 3640 adConcilium2),

94 3668 142 3720 est
158 3655 334 3720 manifeste
358 3653 446 3718 idem
470 3675 546 3718 cum
571 3674 619 3736 eo,
638 3652 726 3739 quod
750 3663 984 3717 commemorat
1007 3655 1076 3737 ipse
1092 3651 1215 3716 Paulus

94 3753 225 3818 Galatis
247 3751 396 3816 scribens
427 3773 499 3837 cop.
541 3752 594 3816 2⁰.
640 3751 789 3836 Utroque
820 3751 910 3816 enim
932 3749 1003 3814 loco
1028 3749 1143 3815 eadem
1168 3761 1215 3814 est

170 3879 194 3946 ¹)
212 3875 268 3930 Gir.
287 3875 421 3930 Wieseler
438 3874 618 3943 chronologis
637 3873 683 3928 des
701 3877 787 3942 apost
806 3871 939 3928 Zeitulter
956 3871 981 3928 S.
1001 3871 1043 3926 12.

168 3959 192 4026 ¹)
212 3955 267 4022 „Et
285 3955 392 4023 quidem
409 3953 600 4010 descendentes
618 3954 651 4008 de
667 3953 773 4008 Judaea
791 3952 922 4006 docebant
940 3951 1053 4006 batres:
1076 3951 1146 4020 Quia
1163 3954 1216 4010 nisi

95 4035 324 4092 circumcidmini
351 4036 495 4090 seeundum
512 4051 612 4090 morem
640 4033 735 4102 Moysi,
762 4049 816 4088 non
845 4033 959 4103 potestis
986 4033 1094 4088 salvari.
1132 4034 1217 4088 Facto

99 4135 164 4186 ergo
182 4117 317 4172 seditione
334 4131 387 4170 nou
406 4115 517 4170 minime
528 4115 613 4168 Paulo
624 4119 653 4169 et
664 4113 806 4168 Bersabee
824 4115 952 4168 muersus
971 4113 1039 4178 illos,
1052 4117 1217 4178 statuerunt,

98 4209 128 4252 ut
146 4197 324 4253 escenderent
343 4195 443 4250 Paulus
462 4201 491 4249 et
500 4195 638 4249 Barnabas
657 4194 811 4261 etquidem
830 4193 877 4248 alii
897 4209 931 4248 ex
949 4194 1010 4249 aliis
1028 4196 1061 4247 sd
1076 4195 1217 4263 Apostolos

98 4290 125 4333 st
143 4280 316 4350 presbyteros
334 4277 363 4332 in
380 4277 538 4342 Jerusalem,
557 4291 638 4344 super
656 4275 706 4328 hcc
723 4274 904 4342 quaestione‘⁴.
923 4275 993 4346 (Act.
1015 4276 1055 4328 15.
1076 4277 1163 4346 1-2).

214 4391 220 4408 .
1079 4364 1112 4418 7t
