2806 4848
392 474 489 530 Praxis
507 473 641 530 Maiae
658 473 811 533 Africanae.
1103 475 1156 528 173

68 623 137 698 iam,
168 621 276 684 ueniat
308 619 352 684 od
385 619 549 696 antistites,
575 641 638 705 per
660 641 736 704 quos
757 617 810 684 illi
835 622 869 683 in
893 619 1034 684 moesta
1056 617 1158 682 claues

67 721 292 782 ministrantur:
329 727 358 780 et
391 728 540 800 tauquam
573 715 670 780 bouus
694 722 766 806 jam
797 719 952 802 incipiens
977 737 1040 779 esse
1054 713 1156 797 pilius,

66 827 259 880 autentorum
280 815 483 878 membrorum
497 811 607 877 ordine
620 814 773 878 mestoclito
797 837 817 877 a
838 812 1029 899 praepositis
1052 835 1156 876 socra-

66 925 219 976 nentorum
243 914 382 997 accipiat
397 911 629 996 satiffactiouis
642 931 717 974 mue
730 911 862 990 modius,
886 921 922 974 ut
943 911 978 972 iu
1001 908 1156 999 offerendo

65 1011 201 1092 terrificis
234 1009 338 1073 cordis
369 1008 574 1072 contribulati
605 1007 731 1072 deuotus
763 1020 793 1072 et
824 1008 957 1094 suppleo:
987 1007 1024 1068 to
1055 1017 1157 1070 tamen

65 1119 135 1192 spot,
157 1108 241 1192 quoti
266 1127 330 1170 nou
363 1106 462 1170 solum
483 1108 549 1192 ipsi
565 1109 671 1191 prosit
704 1107 748 1169 acl
778 1105 989 1190 recipiendam
1017 1104 1156 1182 salutem,

65 1206 219 1268 sedetiam
252 1205 383 1268 caeteris
415 1203 458 1266 od
481 1203 662 1288 exemplum.
714 1204 755 1266 Ut
777 1205 985 1290 sipeccaturn
1007 1206 1072 1291 ejus
1093 1223 1155 1264 nou

17 1389 18 1394 ἵ
64 1303 147 1366 soluto
169 1305 205 1366 iu
227 1303 320 1388 paui
343 1305 409 1390 ejus
430 1300 525 1379 maio,
549 1301 770 1365 sedationis
794 1311 880 1365 tauto
904 1300 1054 1366 scandolo
1079 1300 1157 1363 olio-

64 1425 118 1462 rum
139 1411 193 1478 est,
219 1411 311 1486 atquc
333 1399 387 1462 boc
419 1398 567 1484 expedire
596 1397 730 1461 utilitati
752 1397 909 1462 Ecclesiae
932 1398 1055 1462 uidetur
1076 1399 1156 1460 auti·
1210 1410 1218 1424 ⁰

64 1500 126 1577 utili,
147 1501 182 1562 ia
205 1497 324 1561 naama
346 1495 512 1560 multorum
539 1494 589 1558 uel
618 1496 712 1558 etiam
735 1497 830 1559 totius
847 1495 951 1581 piebis
974 1517 1064 1580 apere
1083 1515 1157 1580 poe

65 1597 212 1660 uiantium
233 1617 299 1658 uon
321 1602 449 1670 recutiet,
470 1611 535 1656 acu
547 1594 684 1670 resistat,
707 1615 771 1658 nou
794 1591 903 1658 testati
924 1604 956 1656 et
976 1592 1157 1678 mortiferae

62 1692 160 1776 plupae
177 1715 243 1778 per
260 1691 413 1777 pudorum
436 1689 538 1754 attat
561 1700 707 1754 minorem
730 1690 776 1777 (n.
801 1692 848 1777 9).

135 1890 189 1954 48.
214 1885 389 1971 Colligitur
402 1907 443 1950 ex
459 1886 549 1950 hisee
565 1887 598 1952 S.
612 1885 789 1970 Augustini
806 1886 925 1969 verbis,
948 1907 1002 1951 eos
1017 1887 1072 1972 qui
1087 1907 1156 1971 gne·
1173 1914 1317 1958 eustanum

64 1988 107 2050 vie
127 1995 267 2072 peecata
290 1984 506 2064 admiserunt,
538 1984 691 2048 debuisse
720 1985 813 2050 adire
829 1987 1030 2072 praepositos
1052 2008 1156 2049 socra-
1197 1977 1288 2018 ''m''

65 2096 229 2162 mmmmm,
252 2092 290 2146 ut
312 2103 371 2166 per
394 2082 503 2146 claves
522 2082 691 2146 Ecclesiae
714 2084 939 2148 remissionem
962 2083 1156 2148 obtinerent.

64 2180 89 2244 si
109 2191 280 2266 peccatum
304 2189 373 2244 eret
396 2181 543 2264 ignotum
565 2179 702 2265 aliisque
724 2179 850 2245 nullum
873 2191 1046 2268 paraverat
1068 2202 1157 2248 soun-

66 2277 179 2360 taum,
214 2278 417 2363 poenitentia
449 2287 519 2340 eret
550 2281 689 2362 privata,
723 2298 817 2344 secus
840 2299 917 2342 vero
942 2299 999 2364 pro
1023 2280 1157 2344 arbitrio

65 2377 197 2462 episcopi
213 2375 405 2442 satisfactio
434 2385 466 2438 et
489 2377 690 2459 poenitentis
720 2374 854 2460 publice
878 2395 987 2440 eoram
1011 2375 1159 2462 pluribus

17 2535 18 2544 χ
66 2472 107 2536 vel
136 2493 248 2538 corum
280 2481 348 2536 tota
380 2471 525 2536 fidelium
558 2473 704 2538 ecclesia.
753 2474 864 2554 Quum
894 2476 956 2538 istu
978 2473 1011 2539 S.
1036 2475 1159 2540 Doctor

65 2581 178 2636 nutum
204 2572 393 2636 summatim
425 2567 487 2634 hoc
518 2569 589 2636 loco
620 2572 752 2652 referet,
778 2571 913 2636 difficile
937 2581 985 2636 est
1007 2583 1157 2637 accurate

66 2669 180 2752 singula
205 2669 438 2748 determinare,
463 2667 521 2732 sed
543 2689 585 2732 ex
599 2669 694 2734 modo
711 2668 865 2754 loquendi
890 2670 1040 2734 concludi
1065 2691 1158 2754 posse

66 2766 193 2848 videtur,
217 2766 384 2832 ordinetis
406 2775 542 2850 peccato
555 2767 680 2850 gravia,
696 2787 723 2832 e.
747 2789 777 2851 g.
803 2769 940 2848 interne,
964 2789 1030 2832 non
1054 2768 1157 2832 solum

66 2863 271 2950 abepiscopo
300 2863 357 2928 sed
385 2865 484 2928 etiem
508 2863 551 2930 ab
574 2864 647 2928 eliis
679 2864 887 2950 presbyteris,
911 2865 1063 2950 imposita
1086 2885 1158 2950 poc·

66 2961 191 3027 nitentia
212 2963 343 3050 piivota
357 2963 500 3047 potuisse
513 2964 650 3042 remitti,
667 2963 702 3026 in
721 2965 760 3026 iis
775 2983 852 3026 vero
876 2962 1016 3044 casibus,
1040 2961 1159 3048 quibus

17 3095 18 3108 κ
65 3058 213 3140 agebatur
236 3059 276 3124 de
299 3059 501 3144 poenitentia
520 3058 664 3143 publice,
686 3079 755 3124 rem
778 3061 820 3124 ed
844 3061 1032 3145 episcopum
1059 3061 1158 3124 fuisse

17 3149 19 3224 ἶ
65 3153 275 3222 deferendam.
298 3193 343 3204 -—
365 3153 420 3220 Ad
434 3156 572 3220 indolem
579 3159 794 3242 poeniteutiae
817 3157 1061 3242 intelligendam
1085 3179 1158 3222 oon-

64 3251 283 3324 fenisecium
306 3275 346 3319 eo
369 3275 452 3340 quae
484 3277 516 3318 n.
544 3255 584 3318 10
608 3256 670 3318 sit:
705 3255 803 3319 Nemo
828 3255 1006 3334 arbitretur,
1022 3255 1158 3342 fratros,

63 3363 220 3438 propterea
241 3375 273 3418 se
296 3351 460 3418 masiliam
486 3349 673 3438 salutiferae
701 3354 793 3443 bajus
818 3356 1029 3438 poenitentioe
1051 3353 1159 3418 debere

65 3461 252 3530 cornitulum,
276 3452 350 3536 puio
373 3449 485 3513 multos
490 3449 578 3535 forte
593 3451 728 3514 aduertit
748 3453 876 3514 etaouit
898 3451 942 3514 aet
965 3462 1158 3516 sacramenta

66 3546 168 3614 citaris
192 3549 346 3625 accedere,
369 3569 499 3633 quorum
522 3545 602 3611 taiiu
624 3549 756 3612 crimina
778 3569 841 3612 nort
864 3551 997 3634 ipnorot.
1022 3598 1030 3613 .
1056 3597 1063 3612 .
1092 3549 1158 3614 Ple-

65 3645 140 3730 a'que
168 3647 243 3710 boui
264 3641 437 3710 Cbsietioue¹
463 3655 634 3732 propterea
667 3657 768 3710 taceret
798 3657 827 3710 ot
851 3645 1003 3732 sufferunt
1025 3647 1159 3712 aliorum

61 3755 180 3822 peccmu
203 3766 281 3830 quoe
302 3753 464 3820 mouerunt,
487 3744 563 3827 quia
584 3743 774 3807 documentis
796 3765 887 3829 saepe
912 3745 1105 3826 deseruntur,
1130 3756 1160 3809 ct

67 3859 96 3900 ec
116 3863 193 3926 puae
214 3842 280 3926 ipsi
302 3842 411 3922 sciunt,
428 3840 590 3928 judicibus
612 3838 828 3904 ecclesiasticis
847 3842 983 3926 probare
1005 3865 1067 3905 mou
1085 3865 1159 3928 pos·

67 3949 135 4000 snat.
184 3938 332 4012 Quamuis
361 3927 446 4001 ¹euim
477 3959 551 4001 uero
574 3940 637 4001 sion
660 3939 822 4023 quaedam,
849 3961 913 4002 non
936 3951 1037 4004 tamen
1053 3940 1160 4029 judici

62 4033 150 4116 facile
172 4035 328 4102 metienda
350 4047 431 4116 sunt,
456 4037 520 4100 nisi
542 4037 632 4100 certis
654 4034 782 4102 iudiciis
805 4037 1060 4102 demonstrentur.
1091 4037 1159 4101 Nos

67 4154 126 4196 cero
142 4159 162 4198 a
176 4135 384 4198 commuuione
394 4135 560 4220 probibere
575 4156 754 4220 quemquam
767 4157 1016 4220 postposuimus,
1039 4135 1157 4220 (quattu

69 4231 106 4294 u's
133 4233 204 4298 baec
229 4232 402 4320 probibitio
435 4232 572 4296 noudum
603 4234 645 4297 sit
667 4233 825 4314 mortalis,
854 4233 912 4298 'ced
935 4231 1158 4319 medicinalis),
