2936 4814
538 507 644 576 Epocba
661 505 785 560 secunda
1205 504 1238 554 le

209 655 262 720 16.
285 653 327 718 In
349 651 534 718 Occidente
557 673 636 715 vero
657 651 784 714 interea
806 659 874 713 tam
898 647 993 712 multi
1016 647 1160 728 fuerunt,
1181 647 1350 732 quisnam
1368 670 1408 710 m-

112 753 217 818 rebus
241 763 275 816 et
296 751 375 816 fatis
388 749 558 816 Ecclesiae
582 747 809 814 describendis
822 767 956 833 operam
980 745 1111 826 dedere,
1135 753 1239 809 tanta·
1304 731 1353 772 ²¹³¹

114 875 182 938 que
206 873 247 914 ac
271 861 339 914 tam
372 850 467 913 varia
500 869 598 932 opera
630 847 666 911 in
697 845 805 910 lucem
837 844 1045 932 prodierunt,
1069 853 1106 908 ut
1129 865 1238 908 neces-

115 951 243 1012 sarium
264 949 306 1012 sit
318 947 363 1012 ad
377 945 499 1010 classes
514 945 674 1031 quasdam
689 953 839 1008 auctores
853 943 1020 1023 reducere,
1036 963 1078 1006 ne
1090 941 1238 1006 taedium

114 1057 148 1110 et
181 1045 421 1110 obscuritatem
453 1045 562 1130 pariat
592 1064 683 1107 mera
715 1043 911 1126 scriptorum
944 1040 1158 1105 enumeratio.
1195 1077 1239 1086 —

115 1144 326 1208 Deam-rente
340 1153 489 1228 tempore
502 1143 614 1206 variae
629 1141 779 1205 nationes
792 1139 836 1205 ad
860 1138 1141 1203 christianismum
1165 1159 1238 1202 con·

115 1263 235 1306 versae
258 1241 368 1306 locum
399 1241 563 1324 insignem
586 1247 656 1304 tum
688 1240 774 1302 inter
802 1259 906 1322 regna
934 1234 1085 1322 politica,
1108 1244 1179 1298 tum
1203 1237 1239 1300 in

114 1339 319 1404 chrisfianae
331 1339 498 1403 societatis
519 1336 691 1424 republica
713 1345 926 1420 occuparunt,
951 1334 1115 1420 simulque
1138 1335 1238 1398 etiam

114 1437 303 1502 litterarum
328 1436 439 1502 studia
462 1436 552 1522 apud
574 1437 677 1521 ipsas,
702 1457 763 1520 ope
785 1435 966 1519 prasertim
990 1432 1237 1545 monachorum,

114 1535 345 1600 effloruerunt.
391 1535 492 1600 Brevi
527 1535 629 1618 igitur
658 1533 871 1614 factumest,
896 1541 933 1596 ut
962 1532 1149 1618 nonpauci
1173 1531 1238 1594 viri

113 1657 250 1702 accensi
240 1633 386 1698 fuerint
399 1631 507 1696 studio
519 1630 757 1696 describendae
771 1631 921 1695 historiae
932 1653 1007 1694 mae
1020 1631 1130 1716 peada.
1155 1629 1238 1694 Inde
1248 1643 1406 1696 suasum-

114 1733 314 1830 prodierant
337 1753 438 1817 opera
467 1730 560 1796 illa'
551 1731 712 1814 insignia,
738 1728 858 1815 quibus
887 1727 1090 1812 singulorum
1113 1727 1240 1814 aliquot
1273 1707 1382 1750 “mm

115 1831 316 1918 populorum
340 1851 392 1894 res
415 1838 535 1914 gestae,
561 1839 594 1892 et
617 1827 755 1892 historia
784 1837 854 1890 tum
882 1827 1020 1912 prolana
1043 1835 1113 1890 tum
1138 1825 1238 1890 eccle

115 1929 270 2009 siasticm
302 1929 499 1993 continetur.
551 1927 608 1992 Sic
643 1925 814 2012 Gregorius
852 1926 1044 1990 Tarmwasis
1080 1925 1238 1988 eximiam

115 2028 251 2112 scripsit
263 2025 444 2090 Historiam
457 2025 659 2104 Fraacomm,
675 2046 775 2109 quam
790 2045 894 2110 usque
918 2023 962 2088 ad
977 2044 1070 2088 suam
1085 2031 1237 2104 aetatem,

114 2125 160 2189 ad
179 2125 283 2188 linem
308 2122 465 2188 videlicet
487 2121 610 2186 sacculi
634 2122 683 2187 VI
706 2121 867 2208 perducit.
891 2122 985 2186 Haec
1008 2120 1146 2184 historia
1167 2121 1238 2184 uni·

116 2224 242 2286 versim
265 2219 384 2303 tidelis,
408 2243 515 2306 pauca
537 2229 666 2284 tantum
686 2223 834 2284 continet
855 2221 966 2284 minus
989 2239 1069 2283 vera
1092 2227 1124 2283 et
1138 2227 1237 2284 certa.

116 2319 262 2385 Centum
292 2329 325 2382 et
352 2320 593 2404 quinquaginta
623 2320 719 2382 annis
748 2327 821 2403 post
844 2320 953 2404 ipsum
975 2317 1076 2396 Beda,
1104 2337 1239 2386 venera·

114 2417 194 2482 bilis
225 2419 279 2481 vir
308 2426 341 2480 et
377 2417 602 2498 doctissimus,
640 2416 820 2482 Historiam
862 2416 1103 2480 ecdesiasticam
1137 2418 1238 2503 peada

116 2515 293 2604 Anylonea
324 2517 508 2601 composuit
537 2512 631 2578 libris
661 2517 824 2600 quinque,
856 2512 945 2600 quod
968 2536 1050 2598 opus
1074 2535 1237 2580 summam

117 2634 249 2698 semper
273 2611 336 2677 sibi
360 2612 504 2678 adscivit
526 2611 790 2677 admirationem.
822 2612 941 2676 Pardus
963 2611 1138 2690 Mamas,
1163 2634 1237 2676 can-

116 2711 272 2776 cellarius
295 2710 464 2797 quondam
486 2709 655 2774 Desiderii
685 2709 792 2774 ultimi
820 2712 907 2794 regis
930 2708 1237 2793 Langobardorum,

116 2821 354 2896 posteversam
375 2811 484 2893 gentis
508 2831 586 2874 suae
609 2807 859 2893 rempublicam,
882 2806 982 2872 rebus
1004 2808 1103 2894 hujus
1115 2807 1237 2872 saecidi

116 2907 292 2988 valedixit,
317 2917 350 2971 et
373 2908 408 2971 in
423 2915 534 2972 monte
549 2904 687 2972 Cassino
707 2905 889 2970 monachus
903 2907 1011 2970 lactus
1026 2909 1114 2970 circa
1137 2907 1237 2972 finem

116 3003 229 3069 sreculi
253 3003 339 3070 VIII
360 3005 536 3070 Historiam
560 3005 744 3090 composuit
763 3005 1040 3090 Loapcbardomm
1062 3003 1155 3068 libris
1179 3027 1238 3068 sex

115 3102 401 3188 comprehensam.
430 3101 522 3187 Stylo
546 3101 699 3187 simplici,
724 3123 805 3188 puro
829 3111 928 3188 atque
951 3104 1138 3186 gratissimo
1160 3123 1237 3186 geu-

115 3202 158 3264 tis
182 3222 263 3264 snae
286 3198 425 3286 gloriam
448 3223 488 3264 ac
520 3200 627 3282 lacta,
651 3209 721 3264 tum
746 3201 781 3264 in
804 3198 903 3264 rebus
926 3201 1083 3286 profanis,
1107 3211 1178 3264 tum
1202 3202 1237 3264 in

114 3297 216 3362 rebus
248 3299 371 3379 sacris,
405 3297 573 3364 describit
620 3298 665 3362 Et
697 3320 739 3362 ne
771 3299 1014 3383 septemtrionis
1045 3298 1237 3382 regionibus

115 3419 195 3460 saus
218 3407 335 3460 auctor
357 3395 495 3478 deesset,
520 3396 841 3474 Adam,Bremensis
866 3395 1023 3460 ecclesiae
1046 3398 1236 3479 canonicus,

116 3493 352 3558 Scandiaooiae
376 3505 406 3558 et
444 3496 679 3581 episcopaturum
707 3493 886 3558 Bremcasis
927 3505 957 3558 et
990 3495 1238 3581 Hambarpeasis

114 3593 280 3656 mimium
313 3591 554 3656 smlesiasticom
580 3613 686 3677 usque
715 3591 758 3656 ad
788 3591 956 3656 saeculum
985 3592 1053 3656 fere
1083 3592 1134 3656 XI
1162 3615 1237 3658 con·

113 3689 203 3754 fecit.
243 3689 343 3770 Quod
367 3712 449 3776 opus
472 3691 590 3775 quovis
613 3699 760 3775 tempore
773 3691 920 3753 maxima
943 3689 1007 3754 fuit
1030 3691 1064 3754 in
1087 3692 1236 3756 aestima·

114 3787 224 3868 tione,
259 3797 292 3850 et
324 3787 366 3852 ab
399 3787 463 3852 alio
487 3785 657 3852 Ecclesiae
688 3787 877 3851 Bremensis
909 3785 1079 3852 sacerdote
1108 3787 1236 3856 Altera

115 3883 241 3948 Κναηιι
269 3883 400 3950 labente
424 3883 555 3950 saeculo
579 3885 645 3950 XV
676 3886 905 3950 continuatum
935 3895 968 3948 et
995 3885 1039 3950 ad
1061 3882 1143 3951 alios
1167 3909 1236 3975 sep·

114 3983 302 4048 temtricnis
339 3983 547 4069 episcopatus
584 3983 648 4048 fuit
684 3993 868 4048 extensum.
921 3981 1108 4050 Addeudus
1144 3985 1237 4050 hisce

114 4089 164 4144 est
177 4091 299 4166 prater
313 4079 395 4146 alios
408 4091 559 4146 auctores
574 4082 684 4146 minus
708 4080 853 4146 celebres
868 4081 1070 4146 Hadoardus
1084 4081 1128 4171 (a.
1144 4083 1235 4170 966),

113 4177 291 4264 presbyter
304 4177 500 4244 Rbemensis
522 4178 693 4244 etelectus
715 4179 890 4265 episcopus
904 4179 1140 4264 Tornacensis3
1165 4183 1235 4268 ipse

114 4275 273 4342 videlicet
295 4275 455 4342 Ecclesiae
479 4278 662 4344 tiberiensis
685 4277 863 4342 Historiam
886 4279 1047 4346 exaravit.
