2900 4800
442 467 536 524 sutus
554 467 682 525 salesius
699 469 848 526 mertam.
1153 471 1207 527 tte

82 613 173 676 enim
198 610 314 675 eodem
339 633 425 676 anno
449 611 514 676 607
539 612 594 675 die
620 613 661 678 10
683 613 891 679 Novembris.
911 649 955 661 -
970 615 1206 680 Successernnt

82 711 162 774 dein
196 709 384 795 Bonifatius
413 709 467 774 IV
494 709 536 774 ab
560 731 647 774 anno
683 711 748 777 608
771 734 876 798 usque
905 712 948 776 ad
972 735 1097 778 annum
1120 713 1205 794 6153

81 807 263 872 Deusdedit
284 808 327 872 ab
351 827 437 871 anno
461 807 526 872 615
561 808 604 872 ad
628 831 754 874 annum
777 811 863 892 6183
899 811 1085 897 Bonifatius
1115 809 1205 874 Vah

80 927 172 970 anno
202 905 268 970 618
300 905 343 969 ad
376 925 501 969 annum
534 905 610 970 625.
660 907 866 992 Dignissima
897 910 1024 974 ratione
1057 909 1089 973 hi
1123 909 1205 983 Pon7

79 1003 192 1068 tifices
215 1001 400 1067 Ecclesiam
425 1003 662 1088 gubernarunt,
678 1025 792 1069 eorum
815 1017 907 1090 gesta
931 1006 1061 1090 singula
1084 1007 1206 1070 referre

81 1101 238 1165 hocloco
263 1123 329 1164 non
351 1111 460 1166 vacat.
506 1101 546 1165 Id
562 1123 666 1166 unum
683 1123 986 1186 commemoremus,
1002 1101 1205 1169 Bonifatium

81 1199 112 1262 V
146 1223 168 1262 a
203 1197 487 1263 Centuriatoribus
512 1197 855 1283 Magdeburgensibus
880 1200 974 1268 Oent.
1008 1201 1084 1269 VH.
1110 1225 1137 1267 c.
1165 1202 1207 1267 10

80 1299 196 1382 argui,
228 1296 317 1382 quod
348 1297 419 1381 ipse
452 1299 487 1360 in
510 1296 647 1382 epistola
677 1299 721 1362 ad
743 1298 923 1363 Edwinum
951 1321 1063 1384 regem
1086 1299 1207 1384 Anglo-

78 1417 168 1479 rum,
194 1415 294 1481 quam
317 1395 416 1458 refert
438 1393 531 1458 Beda
562 1396 601 1460 L.
627 1395 669 1459 Il.
704 1419 732 1460 c.
759 1397 799 1460 15
823 1397 909 1462 Hist.
933 1396 1128 1484 Anglorum‚
1153 1397 1206 1462 do·

80 1495 202 1574 cuerit,
233 1491 401 1558 Christum
433 1515 453 1556 a
486 1493 553 1556 solo
582 1503 717 1579 peccato
751 1495 903 1579 originali
936 1517 995 1560 nos
1018 1493 1206 1560 redemisse.

80 1592 150 1658 Sed
176 1589 260 1656 illud
284 1589 350 1654 eolo
374 1590 415 1654 de
439 1611 498 1654 suo
522 1590 724 1655 addiderunt
741 1589 996 1659 Centuriatores.
1020 1593 1207 1658 Bonifatius

80 1694 174 1755 enim
199 1687 333 1753 scribit:
379 1689 524 1754 decedito
557 1711 629 1774 erqo
661 1690 706 1752 ad
738 1691 930 1774 opnitioncm
962 1697 1043 1782 ejus,
1073 1693 1128 1780 qui
1153 1713 1208 1756 uos

79 1790 214 1866 creavit,
239 1789 294 1873 qui
314 1789 348 1852 in
372 1787 555 1851 uobisoitoe
574 1788 753 1874 insufflanit
768 1789 922 1874 spiritum,
946 1790 1001 1875 qui
1018 1811 1081 1875 pro
1104 1799 1208 1853 vestm

79 1887 298 1973 redemptione
322 1884 439 1948 Filium
461 1907 550 1948 suum
580 1887 775 1972 uuipenitum
796 1887 892 1965 misit,
916 1897 951 1950 ut
973 1908 1028 1951 uos
1050 1887 1090 1950 ub
1114 1887 1207 1972 oripi-

79 1985 155 2050 noli
173 1994 306 2070 peccato
330 1984 474 2067 eriperet.
513 2021 556 2032 -
595 1983 660 2048 Sed
694 1983 774 2049 dum
805 1981 845 2048 de
876 1983 949 2048 aliis
972 1985 1117 2069 peccatis
1140 2003 1206 2046 non

12 2099 13 2138 t
81 2083 241 2168 loquitur,
266 2089 353 2144 certe
377 2101 416 2144 ea
439 2079 628 2144 nullatenus
642 2081 799 2148 excludit.
830 2081 1073 2146 Commemorat
1096 2091 1206 2145 autem

12 2185 13 2188 ’
82 2189 259 2266 peccatum
284 2177 452 2263 originale,
477 2180 555 2264 quia
578 2179 757 2262 gentilibus
780 2179 956 2261 scribebat,
981 2179 1109 2266 hocque
1134 2199 1206 2264 pec·

82 2289 197 2342 catum
222 2277 384 2361 imprimis
407 2297 474 2340 non
508 2275 682 2361 baptizatis
711 2277 814 2342 veluti
837 2279 1008 2364 proprium
1032 2285 1082 2341 est
1105 2287 1137 2342 et
1160 2278 1206 2340 in·

82 2376 235 2456 haerens,
270 2393 438 2460 quumque
470 2375 506 2438 in
535 2375 723 2459 privatione
754 2378 880 2460 gratiae
914 2377 1071 2440 consistat
1101 2376 1208 2462 sitque

82 2473 183 2559 culpa
209 2470 829 2557 11111111111111111111111Αά111,
854 2471 897 2538 ad
922 2474 1002 2538 illud
1028 2472 1207 2537 delendum

83 2571 237 2636 Christus
262 2568 426 2634 secundus
449 2569 560 2634 Adam
583 2571 811 2656 principaliter
835 2574 936 2636 venit.
967 2609 1011 2620 --
1040 2570 1207 2635 Bonifatio

82 2669 126 2751 V,
151 2670 208 2734 die
232 2669 274 2732 22
298 2667 451 2733 Octobris
483 2670 561 2731 anni
587 2667 652 2732 625
684 2679 822 2751 mortuo,
849 2671 1005 2734 suffectus
1028 2678 1078 2732 est
1100 2669 1207 2732 Hono·

80 2771 153 2832 rius
176 2769 203 2849 l,
228 2769 284 2853 qui
308 2767 393 2831 sedit
417 2787 520 2851 usquc
544 2765 587 2830 ad
611 2787 737 2830 annum
762 2767 838 2832 638.

175 2963 207 3028 9.
232 2961 331 3026 Modo
364 2961 406 3026 de
439 2971 524 3025 statu
556 2983 666 3026 rerum
700 2963 734 3026 in
759 2962 895 3027 Oriente
923 2972 996 3049 post
1020 2960 1207 3026 Concilium

82 3061 337 3126 oecumenicum
361 3062 514 3146 quintum
544 3081 692 3144 agamus.
716 3061 926 3125 Justinianus
950 3081 1085 3145 scopum
1109 3079 1208 3144 quem

84 3165 118 3226 in
157 3159 373 3223 damnatione
409 3159 510 3221 trium
544 3155 770 3243 Capitulorum
813 3159 877 3223 sibi
910 3166 1139 3245 proposuerat,
1173 3167 1209 3220 ut

84 3255 338 3342 Menophysitas
372 3277 448 3320 cum
481 3255 632 3320 Ecclesia
668 3257 793 3336 uniret,
827 3256 916 3320 haud
949 3243 1127 3322 assecutus'
1150 3265 1377 3339 caucanam„

84 3355 143 3420 sed
159 3353 446 3438 Eutychianorum
469 3355 582 3418 variae
597 3353 757 3417 sactiones
782 3353 958 3418 subsistere
982 3364 1207 3440 perrexerunt.
1222 3350 1244 3390 ⁰²
1256 3347 1373 3452 {mi

85 3453 157 3518 Imo
183 3453 367 3537 Imperator
398 3471 514 3515 versus
544 3449 644 3516 finem
676 3453 770 3535 regni
801 3453 851 3516 sui
879 3453 949 3537 ipse
974 3451 1208 3516 1111111111-

84 3550 317 3638 rupticolarum
340 3551 489 3614 favorem
513 3571 610 3614 suum
633 3550 807 3636 praestitit.
853 3549 945 3614 Inter
959 3541 1209 3636 Menophysitas

87 3648 246 3714 videlicet
277 3647 356 3713 inde
388 3647 430 3712 ab
463 3669 551 3712 anno
583 3648 649 3712 519
682 3649 830 3733 quaestio
854 3649 979 3731 agitata
1002 3648 1074 3728 fuit,
1099 3658 1209 3712 utrum

87 3748 212 3811 Christi
237 3765 356 3831 corpus
389 3747 425 3810 in
458 3744 510 3809 his
542 3746 637 3809 terris
660 3745 798 3830 perinde
821 3764 861 3807 ac
885 3753 1031 3809 nostrum
1055 3745 1210 3810 humanis

86 3843 273 3926 affectibus,
299 3842 413 3924 dolori,
438 3843 640 3928 indigentiis,
666 3843 845 3924 1111111111,
871 3845 1071 3930 cormptioni
1096 3843 1211 3908 fuisset

88 3943 281 4008 obnoxium.
330 3941 397 4007 Alii
422 3963 497 4006 cum
525 3939 647 4006 Severo
671 3937 986 4028 pseudopatriarcha
1001 3939 1210 4006 Antiocheno

89 4041 123 4106 111
138 4037 364 4122 affirmabant,
379 4036 480 4125 hique
496 4039 538 4104 ab
555 4039 755 4104 adversariis
775 4037 1011 4126 Corrupticoloo
1026 4059 1084 4102 seu
1100 4037 1210 4102 Putar-

88 4140 226 4204 tolutroc
259 4137 340 4204 dicti
371 4147 466 4219 sunt3
494 4136 551 4201 1111
584 4159 661 4201 cum
693 4135 828 4202 Juliano
857 4135 1024 4221 quondam
1057 4136 1210 4221 episcopo

89 4237 320 4302 Halicarnensi
346 4234 522 4320 negabant,
548 4245 580 4298 et
612 4234 645 4297 hi
671 4235 937 4320 Incorruptiooloe
961 4253 1018 4295 seu
1042 4233 1211 4320 Aphtorto-
