2810 4846
491 456 517 511 S.
535 455 655 516 mimus
673 456 705 510 a
723 455 754 512 P.
1125 455 1187 507 ale·

69 601 130 666 illis
153 600 334 666 inhaerere.
379 600 469 664 Hinc
483 619 608 664 moram
631 599 818 664 ulteriorem
838 599 1083 664 concedendam
1099 596 1178 662 Coe·

69 699 158 763 lestio
184 700 321 780 censum,
346 705 378 762 et
401 697 487 762 datis
518 697 562 762 ad
590 696 766 762 Africanos
790 699 960 782 episcopos
983 697 1100 761 litteris
1123 707 1189 760 eos'

68 798 185 880 arguit,
209 795 298 881 quod
328 795 584 881 praecipitanter
610 795 781 880 Pelagium
813 805 845 858 et
868 793 1066 859 Coelestium
1090 793 1180 857 dam·

69 903 202 958 nossent
224 892 267 957 ob
290 893 484 975 doctrinam,
509 916 530 957 a
562 913 627 978 qua
660 915 715 958 eos
739 912 846 958 errore
870 893 949 956 facti
974 893 1097 956 alienos
1120 913 1179 977 pur
1232 889 1235 894 ’

69 990 168 1072 tabat,
194 1001 226 1055 et
249 990 421 1055 Pmesules
443 993 581 1072 monuit,
614 1001 650 1055 ut
673 991 811 1056 Romam
836 993 921 1055 intra
945 991 1026 1054 duos
1050 1009 1180 1054 meuses

70 1091 244 1171 mitterent,
269 1091 325 1174 qni
356 1088 529 1173 Pelagium
560 1099 594 1153 et
617 1089 816 1154 Ooeleetium
848 1088 943 1154 aliter
967 1089 1086 1152 sentire
1110 1107 1181 1172 pro-

72 1186 195 1268 balent,
220 1209 320 1272 quam
343 1187 378 1250 hi
399 1186 517 1252 litteris
541 1195 573 1250 et
595 1187 707 1251 vorbis
730 1187 867 1272 professi
891 1197 1008 1252 essent.

156 1286 211 1350 32.
235 1284 361 1350 Verum
384 1283 617 1350 Africanorum
649 1305 747 1370 opera
778 1305 856 1349 mox
879 1285 1011 1348 fraudes
1035 1283 1182 1348 detectae

70 1393 153 1448 snut.
200 1383 253 1447 Illi
278 1385 366 1448 euim
390 1393 505 1447 coacta
537 1403 623 1462 anno
656 1375 720 1447 418
746 1381 945 1466 Carthagine
974 1380 1110 1466 synodo,
1134 1379 1183 1444 lit·

71 1489 157 1545 teras
178 1480 224 1545 ad
247 1479 415 1544 Zosimum
439 1479 610 1560 dederunt,
626 1479 746 1566 quibus
769 1481 868 1544 totius
891 1482 937 1544 rei
962 1480 1094 1559 seriem,
1118 1497 1184 1542 om·

72 1600 126 1642 nes
150 1579 278 1662 Pelagii
311 1589 344 1642 et
368 1575 520 1642 Coeleslii
544 1576 676 1642 fraudes
708 1588 739 1642 et
763 1587 882 1641 cuneta
906 1599 989 1663 quae
1013 1578 1048 1640 in
1072 1595 1184 1638 eorum

73 1697 172 1740 causa
194 1683 331 1759 egerant
352 1675 506 1740 Pontifici
531 1684 763 1759 exposuerunt.
787 1675 937 1738 Zosimus
951 1674 1185 1738 Africanorum

73 1771 191 1837 litteris
213 1775 368 1858 acceptis,
381 1773 552 1837 confestim
570 1771 768 1837 Coelestium
783 1772 826 1836 ad
849 1771 1029 1857 pleniorem
1052 1771 1185 1835 audien·

72 1873 153 1935 tiam
177 1872 330 1954 vocavit3
355 1871 413 1936 sed
436 1873 464 1934 is
482 1872 553 1957 jam
569 1871 675 1935 Roma
697 1871 835 1956 fugerat.
884 1869 1186 1955 erapropterPon-

73 1971 156 2033 tifex
178 1968 351 2053 Pelagium
375 1978 408 2032 et
422 1967 621 2032 Ooelestium
646 1983 841 2054 omnemque
866 1989 978 2032 eorum
1002 1967 1186 2031 doctrinam

74 2069 106 2130 in
128 2067 269 2150 synodis
291 2067 459 2130 Africanis
483 2075 515 2128 et
537 2064 580 2129 ab
595 2065 787 2130 Innocentio
808 2067 826 2131 I
848 2068 1074 2152 proscriptam,
1099 2064 1190 2129 dam*

74 2167 178 2244 navit,
215 2165 371 2250 deditque
405 2183 444 2227 ea
480 2163 520 2228 de
555 2185 590 2227 re
624 2161 668 2228 ed
691 2163 862 2228 universos
893 2163 981 2228 orbis
1016 2161 1188 2232 christiani

74 2265 247 2348 episcopos
271 2261 443 2346 epistolam
467 2281 551 2346 quae
575 2261 780 2325 Tractatoria'
803 2261 960 2346 appellari
986 2257 1111 2345 solet¹).

164 2360 219 2424 33.
245 2359 354 2439 Quem
389 2358 475 2422 male
511 2361 534 2422 ii
570 2360 625 2444 qui
655 2356 921 2422 infallibilitatem
958 2360 996 2424 R.
1019 2357 1360 2448 Pontifloisvoapear

77 2480 118 2520 ex
142 2456 302 2521 cathedra
326 2456 514 2521 definientis
537 2467 708 2540 negantum,
733 2460 767 2521 in
791 2459 972 2522 sententiae
996 2469 1074 2521 suae
1097 2475 1191 2539 argu-
1253 2435 1308 2466 '''''''

77 2565 225 2620 mentum
253 2561 436 2639 provocent
468 2553 512 2618 ad
546 2554 667 2618 Zosimi
703 2563 793 2639 geste
816 2556 851 2618 in
887 2575 986 2618 causa
1009 2554 1134 2637 Pelagii
1159 2560 1197 2616 et'

78 2651 243 2733 Coelestii,
277 2674 320 2716 ex
349 2651 429 2716 facti
452 2654 658 2737 expositione
690 2652 862 2736 colligitur.
909 2652 948 2716 Id
972 2662 1083 2716 tamen
1105 2651 1191 2714 fece-

77 2761 153 2814 runt
175 2751 263 2814 varii
287 2760 446 2831 auctores,
471 2751 518 2814 uti
544 2749 597 2814 vel
626 2752 696 2836 ipse
718 2749 941 2836 Bessuetus²)‚
964 2751 1088 2813 recenti
1113 2766 1191 2810 vero

78 2859 224 2933 tempore
256 2846 404 2933 Jannsl).
450 2848 650 2912 Accuratius
684 2847 818 2933 quidem
842 2847 972 2933 singula
995 2867 1062 2911 non
1087 2846 1192 2909 discu-

79 2946 206 3027 tiemus,
232 2945 291 3010 sed
314 2946 456 3009 sufficiet
478 2947 594 3030 paucis
618 2946 700 3010 haec
724 2946 915 3010 advertere:
955 2947 993 3010 1⁰
1015 2943 1069 3008 Ab
1094 2941 1191 3006 Inno-

77 3045 185 3106 centio
209 3042 227 3106 1
251 3045 390 3128 pmeetio
407 3045 494 3131 juris
527 3065 583 3107 seu
614 3045 754 3128 pausatae
779 3043 955 3128 dopmotieo
979 3043 1017 3105 de
1036 3040 1193 3128 peruersi-

80 3150 139 3204 tate
163 3140 330 3204 doctrinae
354 3161 437 3225 quae
451 3143 680 3205 necessitatem
695 3143 819 3224 gratiae
843 3140 997 3225 negabat,
1022 3138 1195 3204 definitiva

79 3239 242 3303 sententia
267 3237 377 3302 decisa
400 3249 479 3320 erat,
504 3249 536 3303 et
559 3261 597 3303 eo
621 3241 785 3324 pertinent
813 3239 916 3303 verbe
940 3235 972 3301 S.
996 3237 1194 3321 Augustini:

81 3335 155 3399 Jom
180 3336 220 3400 de
243 3337 302 3399 loo
331 3359 429 3400 caneo
461 3337 522 3401 cleo
545 3335 681 3400 cacalia
713 3336 987 3423 (Carthaginense
1012 3344 1045 3398 et
1068 3333 1197 3398 Milevi·

80 3432 492 3518 conumeraremus
525 3433 635 3498 Scdem
659 3433 894 3519 Apostolieom:
926 3435 999 3496 fode
1032 3435 1127 3496 etiam
1149 3455 1196 3495 re-

78 3534 199 3618 scripta
222 3540 380 3596 emerere
432 3531 537 3596 Cama
551 3532 650 3616 finita
673 3541 734 3594 eol:
763 3533 886 3595 onnam
909 3530 1082 3615 aliquando
1097 3528 1196 3612 finio·

82 3639 130 3690 tur
152 3626 285 3711 error‘).
319 3663 360 3674 --
394 3628 460 3694 Sed
484 3632 522 3693 2⁰
549 3629 638 3694 haud
662 3628 778 3692 eadem
802 3630 928 3693 ratione
953 3628 1117 3692 sententia
1142 3626 1197 3690 ali-

79 3748 145 3810 qua
168 3725 344 3790 doctrinali
369 3727 420 3791 vel
441 3727 613 3792 definitive
637 3728 847 3812 qaaestionem
857 3726 948 3811 facti
971 3726 1009 3788 dc
1028 3722 1199 3810 personali

79 3823 282 3888 laerodooeta
306 3819 458 3891 Caelestii
483 3836 515 3888 et
534 3824 658 3908 Pelagii
682 3824 896 3888 Innocentius
920 3822 1107 3886 diremerat.
1133 3819 1199 3883 Eos

80 3921 215 4006 quidem
230 3919 271 3984 ob
296 3927 420 3988 motiva
444 3921 558 4006 solida,
574 3943 675 4008 quum
701 3919 858 3986 doctrinis
881 3916 1200 4005 periculosisEccle-

156 4091 176 4158 ¹)
195 4087 256 4141 Vid.
276 4086 413 4147 Wouters,
432 4083 459 4136 H
486 4083 517 4134 E.
537 4085 600 4134 tom.
620 4080 641 4135 1.
662 4097 685 4148 p.
706 4081 780 4156 9⁶5&

153 4167 256 4236 ¹)Def.
275 4167 383 4220 Declar.
402 4164 432 4218 L.
452 4163 499 4216 IX.
519 4177 540 4214 c.
560 4163 603 4215 35.
723 4161 745 4228 θ)
765 4157 849 4224 Papst
867 4157 921 4211 und
940 4155 1041 4210 Oorrcil.
1060 4153 1085 4208 d
1105 4155 1148 4207 7⁴.

152 4249 178 4316 ⁴)
198 4246 282 4302 Serm.
302 4246 353 4300 131
374 4261 403 4299 u.
424 4246 467 4298 10.
