2806 4848
281 467 322 522 De
340 467 484 522 abolitione
502 467 651 536 presbyteri
669 469 878 538 poenitentiarii.
1089 473 1138 528 161

59 613 95 676 rel
113 616 210 678 ctiam
234 611 275 676 ab
299 611 416 676 eliisei
441 613 730 681 denuntiabantur.
753 615 857 682 Juxta
879 615 950 700 ejus
969 615 1140 682 arbitrium

58 711 87 774 ab
104 710 309 774 Eucharistia
331 710 590 794 abstinebantur,
615 723 647 776 et
669 735 765 798 agere
789 712 954 778 debebant
976 715 1141 800 poeniten-

57 813 123 882 tiam,
146 829 244 895 quae,
267 811 295 872 si
319 821 464 893 peccata,
479 813 525 876 uti
541 831 638 896 saepe
661 812 792 893 accidit,
816 821 893 876 nota
916 821 1018 893 erant,
1042 814 1140 876 etiarn

57 907 178 990 publice,
204 906 265 970 sub
290 905 468 972 directione
502 909 714 974 diaconorum
744 908 969 995 peragebatur.
1014 910 1140 974 Passim

56 1007 131 1068 etism
153 1006 227 1070 fieri
252 1013 388 1089 poterat,
412 1015 448 1068 ut
471 1007 650 1090 exjndicio
670 1009 912 1093 poenitentiarii
937 1009 1022 1072 actio
1046 1029 1141 1092 quae-

56 1103 112 1165 dam
132 1103 316 1167 criminalis
345 1125 365 1165 a
396 1103 553 1168 tribunali
586 1105 806 1170 ecclesiastico
837 1107 871 1169 in
895 1105 1073 1188 flagitiosos
1095 1107 1141 1168 in·

54 1203 231 1266 stitueretur.
278 1200 360 1264 Tum
387 1200 506 1264 delatio
530 1200 572 1264 ad
596 1202 821 1286 presbyterum
845 1204 1140 1288 poenitentiarium,

55 1309 105 1361 tum
125 1299 330 1384 poenitentia
353 1297 408 1362 illa
431 1298 564 1384 publica
588 1307 620 1362 et
634 1298 699 1364 alia
723 1321 807 1384 quae
831 1322 905 1366 cum
930 1303 1057 1384 integra
1080 1299 1142 1364 bac

54 1395 210 1480 ‹bsciplina
234 1393 463 1478 cohaerebant,
496 1419 515 1460 a
547 1395 679 1462 Socrate
712 1397 926 1462 attenduntur
959 1401 999 1462 iis
1022 1398 1140 1480 verbis,

55 1508 78 1554 ut
88 1493 199 1576 fideles
221 1493 339 1557 delicto
361 1515 419 1558 sua
442 1496 571 1558 inbicem
594 1507 770 1580 arguerent,
801 1508 831 1560 ot
863 1497 977 1560 alienis
1002 1498 1143 1582 pcccatis

55 1613 97 1653 usu
135 1593 406 1656 wmmuaicoreat.
454 1591 559 1656 Simul
591 1593 689 1656 etiam
714 1591 776 1658 hac
808 1596 932 1658 ratione
965 1593 1073 1675 fiebat,
1107 1602 1143 1656 ut

54 1691 179 1772 quincti
207 1698 301 1752 erant
323 1689 369 1752 uti
402 1699 588 1774 peccatores
619 1711 687 1754 non
719 1691 912 1756 accederent
935 1692 978 1756 ad
1001 1713 1142 1754 commu-

54 1789 174 1868 nionem,
201 1788 266 1851 nisi
289 1787 361 1851 visa
392 1808 505 1852 eorum
537 1789 757 1872 poenitentia,
791 1799 865 1876 post
887 1789 1141 1854 satisfactionem

53 1885 267 1969 upresbytero
291 1885 540 1970 poenitentiario
563 1885 813 1950 determinatam
827 1887 966 1972 aliisque
989 1885 1141 1949 fidelibus

53 1985 210 2064 cognitam,
234 2005 274 2046 ac
297 1993 370 2067 post
391 1981 692 2046 reconciliationem
723 1984 853 2069 publice
876 1985 1007 2050 factam.
1045 1984 1140 2049 Seve-

52 2080 100 2142 rior
119 2083 233 2167 itaque
257 2079 431 2166 disciplina
463 2080 553 2145 hisce
586 2075 853 2165 constituebatur,
879 2104 1070 2168 morumque
1094 2082 1139 2144 in-

51 2179 172 2260 egnati
199 2179 305 2262 magis
328 2177 503 2242 videbatur
526 2201 595 2242 esse
618 2181 796 2264 provisum.

118 2278 170 2341 32.
196 2275 332 2340 Abolito
365 2287 474 2340 autem
507 2275 561 2341 illo
595 2278 743 2340 instituto
776 2277 1034 2362 uniuscujusque
1068 2283 1218 2340 con-tuor
1233 2285 1295 2326 liber

51 2374 187 2439 scientiae
222 2374 469 2460 relinquebatur
494 2374 633 2459 judicic,
660 2377 696 2437 1⁰
732 2385 840 2439 utrum
874 2377 1001 2461 peccati
1032 2376 1143 2458 gravis
1211 2347 1253 2390 ω’

50 2483 115 2534 esset
137 2495 225 2552 reus,
249 2471 303 2536 vel
326 2495 402 2538 non.
427 2472 461 2538 Si
481 2470 657 2557 judicabat
671 2494 705 2536 se
727 2475 854 2558 peccati
870 2473 1027 2538 mortiferi
1051 2494 1142 2536 reum

50 2589 99 2630 uon
121 2591 201 2652 esse,
227 2569 407 2634 accedebat
421 2571 491 2634 eine
512 2570 716 2634 confessione
734 2571 778 2634 ad
792 2570 1045 2650 Eucharistiam,
1070 2592 1142 2634 con-

50 2664 275 2752 fessionemque
306 2689 346 2731 ea
375 2675 481 2732 aetate
510 2669 617 2730 minus
649 2666 852 2753 frequentem
883 2667 983 2730 fuisse
1006 2667 1142 2730 inferius

49 2763 232 2832 videbimus.
277 2766 335 2832 Sin
359 2775 469 2830 autem
493 2765 531 2828 2⁰
553 2766 680 2850 peccati
710 2765 866 2828 mortiferi
892 2765 1041 2828 conscius
1064 2773 1141 2845 erat,

48 2874 118 2925 certe
140 2863 184 2928 ad
210 2863 449 2928 confessionem
482 2861 670 2945 accedebat,
704 2862 760 2928 sed
791 2862 1008 2928 confitebatur
1030 2883 1141 2946 pecca-

48 2969 102 3021 tum
124 2963 178 3026 cui
203 2959 337 3026 volebat
360 2959 531 3026 sacerdoti.
586 2959 763 3046 Quumque
785 2961 987 3046 poenitentia
1010 2958 1142 3044 publica

44 3053 98 3134 jam
126 3081 193 3124 uon
228 3058 434 3139 subsisteret,
468 3069 619 3143 suscepta
652 3081 690 3122 ac
719 3059 801 3122 forte
833 3058 981 3122 nondum
1010 3065 1143 3142 peracta

47 3155 159 3234 prevete
182 3157 387 3242 poenitentia
411 3155 589 3220 accedebat
607 3155 650 3220 ad
674 3177 800 3222 sacram
824 3156 986 3240 synaxim.
1033 3155 1141 3239 Atque

47 3251 80 3314 ita
100 3253 169 3318 fieri
194 3264 339 3341 poterat,
363 3265 400 3318 ut
422 3256 521 3318 etiam
544 3253 625 3318 tales
649 3253 705 3339 qui
729 3253 949 3317 noscebantur
972 3263 1007 3316 ut
1029 3274 1141 3338 pecca-

47 3363 115 3414 tores
136 3353 181 3416 ad
206 3354 472 3418 communionem
488 3353 648 3432 venirent,
664 3352 817 3436 quamvis
841 3371 952 3414 eorum
976 3351 1140 3435 poeniten-

46 3447 81 3510 tia
101 3472 164 3516 non
189 3461 269 3516 nota
291 3459 384 3515 esset.

119 3557 171 3616 33.
197 3550 282 3614 Fere
305 3547 420 3612 eadem
442 3547 583 3612 dicenda
606 3548 744 3612 veniunt
767 3545 808 3610 de
831 3543 941 3610 verbis
958 3543 1139 3610 Sonomcni.

46 3639 68 3704 is
90 3646 244 3712 videlicet
267 3646 400 3712 scribit:
442 3642 516 3710 stem
547 3644 694 3708 conuelli
721 3646 750 3708 oi
773 3642 953 3731 (Nectario)
977 3642 1140 3706 coensium

45 3741 200 3825 ricdissesst,
223 3757 259 3810 ot
281 3746 446 3830 micatque
464 3753 562 3830 prom
585 3743 646 3806 sibi
674 3744 813 3808 cessans
836 3751 914 3804 esset
937 3765 974 3804 oc
987 3740 1140 3824 fiduciam

44 3844 84 3904 mi
102 3843 229 3908 baberet
253 3845 297 3908 ad
320 3863 442 3906 somam
469 3843 684 3926 mysteriorum
707 3841 946 3904 commertiorum
973 3837 1141 3902 accedendi

44 3937 160 4006 liberarit
175 3942 304 4027 suaerat
321 3949 519 4026 potestatem,
544 3938 759 4025 presbyterum
790 3937 844 4023 qui
872 3937 1011 4022 uqeadaa
1028 3935 1139 4022 poeni-

44 4041 144 4104 tentioe
173 4039 379 4126 prucpoatm
411 4049 479 4102 crat
502 4036 647 4100 abolevit.
693 4035 793 4120 Atque
826 4057 865 4098 css
888 4057 922 4098 co
948 4034 1139 4118 temporarii

37 4133 147 4210 firssum
171 4161 210 4200 ac
232 4137 346 4202 stabile
362 4137 550 4224 pernoscit,
583 4144 733 4198 vetustate
757 4134 842 4217 cique
866 4132 1016 4221 adjuncta
1036 4132 1137 4216 proui-

43 4242 94 4298 tau
108 4240 183 4324 jum
196 4239 279 4313 mm,
302 4245 339 4298 at
362 4231 662 4320 opimissimos
682 4254 719 4293 ac
733 4229 918 4294 dissolutam
940 4229 1065 4292 vivendi
1086 4252 1137 4292 ra-

76 4351 203 4404 Jnmm,
218 4351 396 4394 Dinartationes.
423 4352 481 4392 rou.
498 4349 524 4392 ΙΙ.
1000 4343 1031 4398 ll

451 4525 469 4556 Ι
