<?xml version="1.0" encoding="UTF-8"?>
<!DOCTYPE html PUBLIC "-//W3C//DTD XHTML 1.0 Transitional//EN"
    "http://www.w3.org/TR/xhtml1/DTD/xhtml1-transitional.dtd">
<html xmlns="http://www.w3.org/1999/xhtml" xml:lang="en" lang="en">
 <head>
  <title>
</title>
<meta http-equiv="Content-Type" content="text/html;charset=utf-8" />
  <meta name='ocr-system' content='tesseract 3.04.00' />
  <meta name='ocr-capabilities' content='ocr_page ocr_carea ocr_par ocr_line ocrx_word'/>
</head>
<body>
  <div class='ocr_page' id='page_1' title='image "./dissertationess02junggoog_0582.png"; bbox 0 0 2806 4848; ppageno 0'>
   <div class='ocr_carea' id='block_1_1' title="bbox 410 491 1161 559">
    <p class='ocr_par' dir='ltr' id='par_1_1' title="bbox 410 491 1161 559">
     <span class='ocr_line' id='line_1_1' title="bbox 410 491 1161 559; baseline 0.005 -13"><span class='ocrx_word' id='word_1_1' title='bbox 410 491 451 546; x_wconf 87' lang='lat' dir='ltr'>De</span> <span class='ocrx_word' id='word_1_2' title='bbox 469 491 634 559; x_wconf 71' lang='lat' dir='ltr'>repressione</span> <span class='ocrx_word' id='word_1_3' title='bbox 651 491 799 548; x_wconf 69' lang='lat' dir='ltr'>hmreeum.</span> <span class='ocrx_word' id='word_1_4' title='bbox 1113 497 1161 550; x_wconf 79' lang='lat'>103</span> 
     </span>
    </p>
   </div>
   <div class='ocr_carea' id='block_1_2' title="bbox 59 634 1162 917">
    <p class='ocr_par' dir='ltr' id='par_1_2' title="bbox 59 634 1162 917">
     <span class='ocr_line' id='line_1_2' title="bbox 59 634 1162 724; baseline 0.005 -28"><span class='ocrx_word' id='word_1_5' title='bbox 59 637 123 698; x_wconf 84' lang='lat' dir='ltr'>dore</span> <span class='ocrx_word' id='word_1_6' title='bbox 151 657 297 721; x_wconf 79' lang='lat' dir='ltr'>operam,</span> <span class='ocrx_word' id='word_1_7' title='bbox 325 645 361 698; x_wconf 87' lang='lat' dir='ltr'>et</span> <span class='ocrx_word' id='word_1_8' title='bbox 389 657 428 698; x_wconf 87' lang='lat' dir='ltr'>ee</span> <span class='ocrx_word' id='word_1_9' title='bbox 445 634 526 719; x_wconf 71' lang='lat' dir='ltr'>fides</span> <span class='ocrx_word' id='word_1_10' title='bbox 554 645 701 713; x_wconf 83' lang='lat' dir='ltr'>serretur,</span> <span class='ocrx_word' id='word_1_11' title='bbox 733 657 825 720; x_wconf 81' lang='lat' dir='ltr'>quarn</span> <span class='ocrx_word' id='word_1_12' title='bbox 848 638 989 724; x_wconf 80' lang='lat' dir='ltr'>episcopi</span> <span class='ocrx_word' id='word_1_13' title='bbox 1016 637 1162 704; x_wconf 64' lang='lat' dir='ltr'>cemelici</span> 
     </span>
     <span class='ocr_line' id='line_1_3' title="bbox 59 732 1052 822; baseline 0.002 -26"><span class='ocrx_word' id='word_1_14' title='bbox 59 743 80 796; x_wconf 80' lang='lat' dir='ltr'>st</span> <span class='ocrx_word' id='word_1_15' title='bbox 95 733 270 818; x_wconf 45' lang='lat' dir='ltr'>poemiae</span> <span class='ocrx_word' id='word_1_16' title='bbox 294 755 428 796; x_wconf 86' lang='lat' dir='ltr'>summus</span> <span class='ocrx_word' id='word_1_17' title='bbox 452 732 601 819; x_wconf 67' lang='lat' dir='ltr'>Pontifea</span> <span class='ocrx_word' id='word_1_18' title='bbox 624 733 734 796; x_wconf 85' lang='lat' dir='ltr'>docent</span> <span class='ocrx_word' id='word_1_19' title='bbox 756 757 820 797; x_wconf 85' lang='lat' dir='ltr'>esse</span> <span class='ocrx_word' id='word_1_20' title='bbox 844 733 1052 822; x_wconf 82' lang='lat' dir='ltr'>tenendam¹).</span> 
     </span>
     <span class='ocr_line' id='line_1_4' title="bbox 132 829 1159 917; baseline 0.005 -25"><span class='ocrx_word' id='word_1_21' title='bbox 132 829 190 894; x_wconf 79' lang='lat'>28.</span> <span class='ocrx_word' id='word_1_22' title='bbox 215 829 255 892; x_wconf 82' lang='lat'>2⁰</span> <span class='ocrx_word' id='word_1_23' title='bbox 281 829 376 894; x_wconf 79' lang='lat' dir='ltr'>Retio</span> <span class='ocrx_word' id='word_1_24' title='bbox 399 831 580 916; x_wconf 74' lang='lat' dir='ltr'>praecipue</span> <span class='ocrx_word' id='word_1_25' title='bbox 605 829 704 915; x_wconf 86' lang='lat' dir='ltr'>hujus</span> <span class='ocrx_word' id='word_1_26' title='bbox 727 831 829 894; x_wconf 83' lang='lat' dir='ltr'>officii</span> <span class='ocrx_word' id='word_1_27' title='bbox 852 833 1039 917; x_wconf 89' lang='lat' dir='ltr'>principum</span> <span class='ocrx_word' id='word_1_28' title='bbox 1064 835 1098 897; x_wconf 90' lang='lat' dir='ltr'>in</span> <span class='ocrx_word' id='word_1_29' title='bbox 1123 855 1159 897; x_wconf 93' lang='lat' dir='ltr'>co</span> 
     </span>
    </p>
   </div>
   <div class='ocr_carea' id='block_1_3' title="bbox 56 927 1280 1012">
    <p class='ocr_par' dir='ltr' id='par_1_3' title="bbox 56 927 1280 1012">
     <span class='ocr_line' id='line_1_5' title="bbox 56 927 1280 1012; baseline 0.003 -22"><span class='ocrx_word' id='word_1_30' title='bbox 56 931 107 991; x_wconf 71' lang='lat' dir='ltr'>site</span> <span class='ocrx_word' id='word_1_31' title='bbox 121 937 185 1008; x_wconf 86' lang='lat' dir='ltr'>est,</span> <span class='ocrx_word' id='word_1_32' title='bbox 203 927 292 1012; x_wconf 90' lang='lat' dir='ltr'>quod</span> <span class='ocrx_word' id='word_1_33' title='bbox 308 929 377 991; x_wconf 87' lang='lat' dir='ltr'>vite</span> <span class='ocrx_word' id='word_1_34' title='bbox 390 927 478 992; x_wconf 86' lang='lat' dir='ltr'>bone</span> <span class='ocrx_word' id='word_1_35' title='bbox 493 938 524 990; x_wconf 86' lang='lat' dir='ltr'>ct</span> <span class='ocrx_word' id='word_1_36' title='bbox 539 927 635 992; x_wconf 84' lang='lat' dir='ltr'>beate</span> <span class='ocrx_word' id='word_1_37' title='bbox 649 927 712 991; x_wconf 83' lang='lat' dir='ltr'>hec</span> <span class='ocrx_word' id='word_1_38' title='bbox 726 929 760 992; x_wconf 89' lang='lat' dir='ltr'>in</span> <span class='ocrx_word' id='word_1_39' title='bbox 784 938 869 992; x_wconf 86' lang='lat' dir='ltr'>terre</span> <span class='ocrx_word' id='word_1_40' title='bbox 885 928 1099 994; x_wconf 81' lang='lat' dir='ltr'>subordinate</span> <span class='ocrx_word' id='word_1_41' title='bbox 1113 941 1162 994; x_wconf 88' lang='lat' dir='ltr'>est</span> <span class='ocrx_word' id='word_1_42' title='bbox 1274 963 1280 975; x_wconf 86' lang='lat'><strong>·</strong></span> 
     </span>
    </p>
   </div>
   <div class='ocr_carea' id='block_1_4' title="bbox 6 1024 1162 3953">
    <p class='ocr_par' dir='ltr' id='par_1_4' title="bbox 6 1024 1162 3953">
     <span class='ocr_line' id='line_1_6' title="bbox 57 1024 1161 1113; baseline 0.005 -28"><span class='ocrx_word' id='word_1_43' title='bbox 57 1028 134 1089; x_wconf 80' lang='lat' dir='ltr'>n&#39;toe</span> <span class='ocrx_word' id='word_1_44' title='bbox 148 1025 282 1090; x_wconf 77' lang='lat' dir='ltr'>suturae</span> <span class='ocrx_word' id='word_1_45' title='bbox 292 1024 408 1090; x_wconf 76' lang='lat' dir='ltr'>beatae</span> <span class='ocrx_word' id='word_1_46' title='bbox 422 1024 655 1111; x_wconf 79' lang='lat' dir='ltr'>assequendae,</span> <span class='ocrx_word' id='word_1_47' title='bbox 670 1026 818 1111; x_wconf 85' lang='lat' dir='ltr'>adeoque</span> <span class='ocrx_word' id='word_1_48' title='bbox 833 1028 932 1090; x_wconf 86' lang='lat' dir='ltr'>etiam</span> <span class='ocrx_word' id='word_1_49' title='bbox 947 1029 1099 1113; x_wconf 87' lang='lat' dir='ltr'>princeps</span> <span class='ocrx_word' id='word_1_50' title='bbox 1116 1030 1161 1091; x_wconf 86' lang='lat' dir='ltr'>ite</span> 
     </span>
     <span class='ocr_line' id='line_1_7' title="bbox 6 1122 1162 1210; baseline 0.003 -24"><span class='ocrx_word' id='word_1_51' title='bbox 6 1180 9 1196; x_wconf 84' lang='lat'><strong><em>‚</em></strong></span> <span class='ocrx_word' id='word_1_52' title='bbox 55 1145 223 1208; x_wconf 77' lang='lat' dir='ltr'>procurare</span> <span class='ocrx_word' id='word_1_53' title='bbox 239 1122 337 1188; x_wconf 86' lang='lat' dir='ltr'>debet</span> <span class='ocrx_word' id='word_1_54' title='bbox 351 1125 454 1187; x_wconf 82' lang='lat' dir='ltr'>vitem</span> <span class='ocrx_word' id='word_1_55' title='bbox 469 1123 589 1188; x_wconf 80' lang='lat' dir='ltr'>bonam</span> <span class='ocrx_word' id='word_1_56' title='bbox 605 1123 703 1210; x_wconf 88' lang='lat' dir='ltr'>hujus</span> <span class='ocrx_word' id='word_1_57' title='bbox 717 1127 882 1210; x_wconf 83' lang='lat' dir='ltr'>temporis,</span> <span class='ocrx_word' id='word_1_58' title='bbox 903 1133 939 1187; x_wconf 88' lang='lat' dir='ltr'>ut</span> <span class='ocrx_word' id='word_1_59' title='bbox 952 1146 1096 1210; x_wconf 84' lang='lat' dir='ltr'>congrue</span> <span class='ocrx_word' id='word_1_60' title='bbox 1120 1125 1162 1189; x_wconf 85' lang='lat' dir='ltr'>sit</span> 
     </span>
     <span class='ocr_line' id='line_1_8' title="bbox 55 1220 1160 1309; baseline 0.005 -26"><span class='ocrx_word' id='word_1_61' title='bbox 55 1221 91 1284; x_wconf 87' lang='lat' dir='ltr'>illi</span> <span class='ocrx_word' id='word_1_62' title='bbox 115 1222 188 1286; x_wconf 86' lang='lat' dir='ltr'>fini.</span> <span class='ocrx_word' id='word_1_63' title='bbox 240 1220 433 1307; x_wconf 79' lang='lat' dir='ltr'>Ceicemque,</span> <span class='ocrx_word' id='word_1_64' title='bbox 457 1223 505 1285; x_wconf 89' lang='lat' dir='ltr'>eit</span> <span class='ocrx_word' id='word_1_65' title='bbox 527 1221 559 1287; x_wconf 88' lang='lat' dir='ltr'>S.</span> <span class='ocrx_word' id='word_1_66' title='bbox 583 1221 727 1286; x_wconf 84' lang='lat' dir='ltr'>Thomas</span> <span class='ocrx_word' id='word_1_67' title='bbox 755 1222 822 1309; x_wconf 82' lang='lat' dir='ltr'>(vel</span> <span class='ocrx_word' id='word_1_68' title='bbox 845 1233 960 1287; x_wconf 84' lang='lat' dir='ltr'>auctor</span> <span class='ocrx_word' id='word_1_69' title='bbox 982 1225 1088 1309; x_wconf 85' lang='lat' dir='ltr'>operis</span> <span class='ocrx_word' id='word_1_70' title='bbox 1112 1224 1160 1288; x_wconf 91' lang='lat' dir='ltr'>De</span> 
     </span>
     <span class='ocr_line' id='line_1_9' title="bbox 55 1317 1160 1408; baseline 0.004 -26"><span class='ocrx_word' id='word_1_71' title='bbox 55 1321 212 1403; x_wconf 70' lang='lat' dir='ltr'>ite-aimine</span> <span class='ocrx_word' id='word_1_72' title='bbox 235 1319 445 1406; x_wconf 73' lang='lat' dir='ltr'>Principum),</span> <span class='ocrx_word' id='word_1_73' title='bbox 469 1319 619 1384; x_wconf 78' lang='lat' dir='ltr'><strong><em>incumbit</em></strong></span> <span class='ocrx_word' id='word_1_74' title='bbox 642 1317 766 1406; x_wconf 78' lang='lat' dir='ltr'>aliquid</span> <span class='ocrx_word' id='word_1_75' title='bbox 789 1321 939 1407; x_wconf 76' lang='lat' dir='ltr'>perfluere</span> <span class='ocrx_word' id='word_1_76' title='bbox 967 1322 1050 1408; x_wconf 78' lang='lat' dir='ltr'>quod</span> <span class='ocrx_word' id='word_1_77' title='bbox 1077 1322 1160 1386; x_wconf 88' lang='lat' dir='ltr'>ordi·</span> 
     </span>
     <span class='ocr_line' id='line_1_10' title="bbox 55 1416 1162 1501; baseline 0.006 -25"><span class='ocrx_word' id='word_1_78' title='bbox 55 1429 141 1480; x_wconf 80' lang='lat' dir='ltr'>nanu·</span> <span class='ocrx_word' id='word_1_79' title='bbox 163 1419 201 1480; x_wconf 89' lang='lat' dir='ltr'>in</span> <span class='ocrx_word' id='word_1_80' title='bbox 226 1416 318 1480; x_wconf 84' lang='lat' dir='ltr'>aliud</span> <span class='ocrx_word' id='word_1_81' title='bbox 349 1418 428 1482; x_wconf 85' lang='lat' dir='ltr'>sicut</span> <span class='ocrx_word' id='word_1_82' title='bbox 450 1418 485 1480; x_wconf 89' lang='lat' dir='ltr'>in</span> <span class='ocrx_word' id='word_1_83' title='bbox 498 1418 606 1501; x_wconf 81' lang='lat' dir='ltr'>finem,</span> <span class='ocrx_word' id='word_1_84' title='bbox 629 1419 684 1481; x_wconf 85' lang='lat' dir='ltr'>boc</span> <span class='ocrx_word' id='word_1_85' title='bbox 707 1418 796 1482; x_wconf 85' lang='lat' dir='ltr'>debet</span> <span class='ocrx_word' id='word_1_86' title='bbox 825 1420 994 1496; x_wconf 86' lang='lat' dir='ltr'>attendere,</span> <span class='ocrx_word' id='word_1_87' title='bbox 1017 1430 1052 1483; x_wconf 90' lang='lat' dir='ltr'>nt</span> <span class='ocrx_word' id='word_1_88' title='bbox 1074 1443 1162 1483; x_wconf 73' lang='lat' dir='ltr'>mum</span> 
     </span>
     <span class='ocr_line' id='line_1_11' title="bbox 55 1515 1160 1603; baseline 0.003 -25"><span class='ocrx_word' id='word_1_89' title='bbox 55 1539 122 1599; x_wconf 72' lang='lat' dir='ltr'>spru</span> <span class='ocrx_word' id='word_1_90' title='bbox 146 1515 197 1578; x_wconf 82' lang='lat' dir='ltr'>rit.</span> <span class='ocrx_word' id='word_1_91' title='bbox 215 1537 382 1599; x_wconf 66' lang='lat' dir='ltr'>unaarum</span> <span class='ocrx_word' id='word_1_92' title='bbox 399 1515 470 1598; x_wconf 81' lang='lat' dir='ltr'>fini,</span> <span class='ocrx_word' id='word_1_93' title='bbox 494 1518 573 1579; x_wconf 86' lang='lat' dir='ltr'>sieut</span> <span class='ocrx_word' id='word_1_94' title='bbox 584 1515 684 1602; x_wconf 81' lang='lat' dir='ltr'>faber</span> <span class='ocrx_word' id='word_1_95' title='bbox 697 1516 786 1602; x_wconf 85' lang='lat' dir='ltr'>facit</span> <span class='ocrx_word' id='word_1_96' title='bbox 807 1516 958 1601; x_wconf 68' lang='lat' dir='ltr'>alodium,</span> <span class='ocrx_word' id='word_1_97' title='bbox 981 1527 1016 1580; x_wconf 86' lang='lat' dir='ltr'>ut</span> <span class='ocrx_word' id='word_1_98' title='bbox 1032 1539 1160 1603; x_wconf 71' lang='lat' dir='ltr'>puynoe</span> 
     </span>
     <span class='ocr_line' id='line_1_12' title="bbox 53 1612 1162 1702; baseline 0.005 -29"><span class='ocrx_word' id='word_1_99' title='bbox 53 1615 222 1690; x_wconf 71' lang='lat' dir='ltr'>rcnmniat,</span> <span class='ocrx_word' id='word_1_100' title='bbox 246 1623 276 1676; x_wconf 90' lang='lat' dir='ltr'>et</span> <span class='ocrx_word' id='word_1_101' title='bbox 299 1613 483 1697; x_wconf 81' lang='lat' dir='ltr'>aedificator</span> <span class='ocrx_word' id='word_1_102' title='bbox 506 1615 550 1677; x_wconf 84' lang='lat' dir='ltr'>sic</span> <span class='ocrx_word' id='word_1_103' title='bbox 581 1612 671 1677; x_wconf 81' lang='lat' dir='ltr'>debet</span> <span class='ocrx_word' id='word_1_104' title='bbox 701 1615 825 1678; x_wconf 84' lang='lat' dir='ltr'>domurn</span> <span class='ocrx_word' id='word_1_105' title='bbox 856 1616 1032 1702; x_wconf 83' lang='lat' dir='ltr'>disponere,</span> <span class='ocrx_word' id='word_1_106' title='bbox 1060 1625 1095 1678; x_wconf 88' lang='lat' dir='ltr'>ut</span> <span class='ocrx_word' id='word_1_107' title='bbox 1118 1616 1162 1678; x_wconf 83' lang='lat' dir='ltr'>ad</span> 
     </span>
     <span class='ocr_line' id='line_1_13' title="bbox 52 1709 1162 1798; baseline 0 -24"><span class='ocrx_word' id='word_1_108' title='bbox 52 1710 254 1774; x_wconf 66' lang='lat' dir='ltr'>habitandum</span> <span class='ocrx_word' id='word_1_109' title='bbox 286 1712 328 1774; x_wconf 86' lang='lat' dir='ltr'>eit</span> <span class='ocrx_word' id='word_1_110' title='bbox 360 1722 446 1797; x_wconf 85' lang='lat' dir='ltr'>apta.</span> <span class='ocrx_word' id='word_1_111' title='bbox 497 1709 580 1784; x_wconf 83' lang='lat' dir='ltr'>Quia</span> <span class='ocrx_word' id='word_1_112' title='bbox 611 1712 708 1796; x_wconf 62' lang='lat' dir='ltr'>icitur</span> <span class='ocrx_word' id='word_1_113' title='bbox 746 1713 829 1776; x_wconf 86' lang='lat' dir='ltr'>uitae</span> <span class='ocrx_word' id='word_1_114' title='bbox 861 1735 924 1798; x_wconf 83' lang='lat' dir='ltr'>qna</span> <span class='ocrx_word' id='word_1_115' title='bbox 945 1713 1162 1797; x_wconf 79' lang='lat' dir='ltr'>inpraesenti</span> 
     </span>
     <span class='ocr_line' id='line_1_14' title="bbox 54 1807 1160 1897; baseline 0.005 -29"><span class='ocrx_word' id='word_1_116' title='bbox 54 1807 116 1872; x_wconf 81' lang='lat' dir='ltr'>tene</span> <span class='ocrx_word' id='word_1_117' title='bbox 130 1809 338 1892; x_wconf 69' lang='lat' dir='ltr'>oioimrflnie</span> <span class='ocrx_word' id='word_1_118' title='bbox 361 1820 407 1872; x_wconf 83' lang='lat' dir='ltr'>est</span> <span class='ocrx_word' id='word_1_119' title='bbox 420 1809 579 1873; x_wconf 73' lang='lat' dir='ltr'>beatitudo</span> <span class='ocrx_word' id='word_1_120' title='bbox 597 1808 746 1888; x_wconf 84' lang='lat' dir='ltr'>coelestio,</span> <span class='ocrx_word' id='word_1_121' title='bbox 763 1809 807 1873; x_wconf 88' lang='lat' dir='ltr'>ad</span> <span class='ocrx_word' id='word_1_122' title='bbox 828 1811 910 1897; x_wconf 70' lang='lat' dir='ltr'>reyis</span> <span class='ocrx_word' id='word_1_123' title='bbox 932 1807 1069 1896; x_wconf 85' lang='lat' dir='ltr'>officium</span> <span class='ocrx_word' id='word_1_124' title='bbox 1088 1834 1160 1896; x_wconf 80' lang='lat' dir='ltr'>per-</span> 
     </span>
     <span class='ocr_line' id='line_1_15' title="bbox 52 1901 1160 1993; baseline 0.002 -24"><span class='ocrx_word' id='word_1_125' title='bbox 52 1908 119 1970; x_wconf 84' lang='lat' dir='ltr'>o&#39;net</span> <span class='ocrx_word' id='word_1_126' title='bbox 143 1908 333 1970; x_wconf 76' lang='lat' dir='ltr'>curatione</span> <span class='ocrx_word' id='word_1_127' title='bbox 357 1908 454 1970; x_wconf 85' lang='lat' dir='ltr'>citam</span> <span class='ocrx_word' id='word_1_128' title='bbox 476 1906 688 1971; x_wconf 83' lang='lat' dir='ltr'>multitudinis</span> <span class='ocrx_word' id='word_1_129' title='bbox 719 1906 831 1970; x_wconf 87' lang='lat' dir='ltr'>bonam</span> <span class='ocrx_word' id='word_1_130' title='bbox 846 1929 1032 1993; x_wconf 78' lang='lat' dir='ltr'>procurare,</span> <span class='ocrx_word' id='word_1_131' title='bbox 1057 1901 1160 1972; x_wconf 84' lang='lat' dir='ltr'>secun·</span> 
     </span>
     <span class='ocr_line' id='line_1_16' title="bbox 52 2002 1160 2090; baseline 0.005 -26"><span class='ocrx_word' id='word_1_132' title='bbox 52 2005 114 2066; x_wconf 81' lang='lat' dir='ltr'>ism</span> <span class='ocrx_word' id='word_1_133' title='bbox 139 2004 229 2090; x_wconf 80' lang='lat' dir='ltr'>quod</span> <span class='ocrx_word' id='word_1_134' title='bbox 251 2006 392 2090; x_wconf 53' lang='lat' dir='ltr'>cauerat</span> <span class='ocrx_word' id='word_1_135' title='bbox 415 2005 459 2067; x_wconf 87' lang='lat' dir='ltr'>ad</span> <span class='ocrx_word' id='word_1_136' title='bbox 481 2002 638 2068; x_wconf 83' lang='lat' dir='ltr'>coetestem</span> <span class='ocrx_word' id='word_1_137' title='bbox 661 2005 883 2068; x_wconf 78' lang='lat' dir='ltr'>beatitudinem</span> <span class='ocrx_word' id='word_1_138' title='bbox 905 2006 1160 2090; x_wconf 82' lang='lat' dir='ltr'>consequendam,</span> 
     </span>
     <span class='ocr_line' id='line_1_17' title="bbox 53 2100 1160 2190; baseline 0.003 -26"><span class='ocrx_word' id='word_1_139' title='bbox 53 2113 78 2164; x_wconf 84' lang='lat' dir='ltr'>ut</span> <span class='ocrx_word' id='word_1_140' title='bbox 99 2103 224 2166; x_wconf 76' lang='lat' dir='ltr'>scilicet</span> <span class='ocrx_word' id='word_1_141' title='bbox 245 2125 284 2168; x_wconf 89' lang='lat' dir='ltr'>ec</span> <span class='ocrx_word' id='word_1_142' title='bbox 300 2103 486 2190; x_wconf 81' lang='lat' dir='ltr'>praecipiat</span> <span class='ocrx_word' id='word_1_143' title='bbox 507 2125 585 2188; x_wconf 78' lang='lat' dir='ltr'>quae</span> <span class='ocrx_word' id='word_1_144' title='bbox 609 2103 653 2166; x_wconf 85' lang='lat' dir='ltr'>ad</span> <span class='ocrx_word' id='word_1_145' title='bbox 679 2101 838 2166; x_wconf 83' lang='lat' dir='ltr'>coelestem</span> <span class='ocrx_word' id='word_1_146' title='bbox 860 2100 1082 2166; x_wconf 81' lang='lat' dir='ltr'>beatitudinem</span> <span class='ocrx_word' id='word_1_147' title='bbox 1105 2104 1160 2168; x_wconf 84' lang='lat' dir='ltr'>dn-</span> 
     </span>
     <span class='ocr_line' id='line_1_18' title="bbox 51 2199 1159 2286; baseline 0.002 -24"><span class='ocrx_word' id='word_1_148' title='bbox 51 2213 124 2279; x_wconf 72' lang='lat' dir='ltr'>eont,</span> <span class='ocrx_word' id='word_1_149' title='bbox 140 2213 295 2265; x_wconf 86' lang='lat' dir='ltr'>eteorum</span> <span class='ocrx_word' id='word_1_150' title='bbox 317 2202 489 2278; x_wconf 82' lang='lat' dir='ltr'>contraria,</span> <span class='ocrx_word' id='word_1_151' title='bbox 513 2200 680 2264; x_wconf 86' lang='lat' dir='ltr'>secundom</span> <span class='ocrx_word' id='word_1_152' title='bbox 707 2201 790 2285; x_wconf 83' lang='lat' dir='ltr'>quod</span> <span class='ocrx_word' id='word_1_153' title='bbox 803 2200 910 2286; x_wconf 77' lang='lat' dir='ltr'>feeerit</span> <span class='ocrx_word' id='word_1_154' title='bbox 926 2199 1090 2285; x_wconf 79' lang='lat' dir='ltr'>possibile,</span> <span class='ocrx_word' id='word_1_155' title='bbox 1113 2203 1159 2264; x_wconf 88' lang='lat' dir='ltr'>in-</span> 
     </span>
     <span class='ocr_line' id='line_1_19' title="bbox 51 2297 1160 2384; baseline 0.006 -28"><span class='ocrx_word' id='word_1_156' title='bbox 51 2301 191 2363; x_wconf 79' lang='lat' dir='ltr'>terdicat.</span> <span class='ocrx_word' id='word_1_157' title='bbox 217 2297 316 2372; x_wconf 83' lang='lat' dir='ltr'>‘Quae</span> <span class='ocrx_word' id='word_1_158' title='bbox 332 2309 435 2362; x_wconf 87' lang='lat' dir='ltr'>autem</span> <span class='ocrx_word' id='word_1_159' title='bbox 458 2299 499 2362; x_wconf 83' lang='lat' dir='ltr'>sit</span> <span class='ocrx_word' id='word_1_160' title='bbox 522 2299 566 2361; x_wconf 85' lang='lat' dir='ltr'>ad</span> <span class='ocrx_word' id='word_1_161' title='bbox 588 2320 693 2361; x_wconf 87' lang='lat' dir='ltr'>veram</span> <span class='ocrx_word' id='word_1_162' title='bbox 716 2297 939 2360; x_wconf 74' lang='lat' dir='ltr'>beatitudinem</span> <span class='ocrx_word' id='word_1_163' title='bbox 961 2300 1015 2362; x_wconf 86' lang='lat' dir='ltr'>oia</span> <span class='ocrx_word' id='word_1_164' title='bbox 1037 2309 1067 2362; x_wconf 91' lang='lat' dir='ltr'>et</span> <span class='ocrx_word' id='word_1_165' title='bbox 1082 2321 1160 2384; x_wconf 81' lang='lat' dir='ltr'>quae</span> 
     </span>
     <span class='ocr_line' id='line_1_20' title="bbox 50 2394 1159 2485; baseline 0.004 -27"><span class='ocrx_word' id='word_1_166' title='bbox 50 2400 106 2459; x_wconf 72' lang='lat' dir='ltr'>rint</span> <span class='ocrx_word' id='word_1_167' title='bbox 129 2397 358 2484; x_wconf 81' lang='lat' dir='ltr'>impedimenta</span> <span class='ocrx_word' id='word_1_168' title='bbox 380 2401 460 2484; x_wconf 74' lang='lat' dir='ltr'>ejero,</span> <span class='ocrx_word' id='word_1_169' title='bbox 486 2394 598 2480; x_wconf 72' lang='lat' dir='ltr'>eaeleye</span> <span class='ocrx_word' id='word_1_170' title='bbox 621 2396 732 2458; x_wconf 82' lang='lat' dir='ltr'>diuina</span> <span class='ocrx_word' id='word_1_171' title='bbox 754 2395 955 2478; x_wconf 64' lang='lat' dir='ltr'>affluenter,</span> <span class='ocrx_word' id='word_1_172' title='bbox 980 2401 1067 2485; x_wconf 81' lang='lat' dir='ltr'>eujus</span> <span class='ocrx_word' id='word_1_173' title='bbox 1090 2397 1159 2462; x_wconf 82' lang='lat' dir='ltr'>doc·</span> 
     </span>
     <span class='ocr_line' id='line_1_21' title="bbox 49 2489 1161 2582; baseline 0.003 -27"><span class='ocrx_word' id='word_1_174' title='bbox 49 2497 127 2559; x_wconf 79' lang='lat' dir='ltr'>trina</span> <span class='ocrx_word' id='word_1_175' title='bbox 146 2496 293 2582; x_wconf 83' lang='lat' dir='ltr'>pertinet</span> <span class='ocrx_word' id='word_1_176' title='bbox 316 2495 360 2558; x_wconf 83' lang='lat' dir='ltr'>ad</span> <span class='ocrx_word' id='word_1_177' title='bbox 383 2493 578 2558; x_wconf 86' lang='lat' dir='ltr'>sacerdotum</span> <span class='ocrx_word' id='word_1_178' title='bbox 602 2489 737 2578; x_wconf 85' lang='lat' dir='ltr'>officium</span> <span class='ocrx_word' id='word_1_179' title='bbox 761 2539 794 2555; x_wconf 89' lang='lat'>..</span> <span class='ocrx_word' id='word_1_180' title='bbox 820 2541 827 2555; x_wconf 92' lang='lat'><strong>.</strong></span> <span class='ocrx_word' id='word_1_181' title='bbox 853 2493 924 2556; x_wconf 77' lang='lat' dir='ltr'>Rex</span> <span class='ocrx_word' id='word_1_182' title='bbox 946 2492 1041 2578; x_wconf 64' lang='lat' dir='ltr'>leuem</span> <span class='ocrx_word' id='word_1_183' title='bbox 1063 2495 1161 2578; x_wconf 64' lang='lat' dir='ltr'>icitur</span> 
     </span>
     <span class='ocr_line' id='line_1_22' title="bbox 48 2590 1159 2678; baseline 0.003 -27"><span class='ocrx_word' id='word_1_184' title='bbox 48 2593 184 2656; x_wconf 58' lang='lat' dir='ltr'>‘bicinam</span> <span class='ocrx_word' id='word_1_185' title='bbox 208 2592 335 2656; x_wconf 70' lang='grc' dir='ltr'>εᾶοσίιω</span> <span class='ocrx_word' id='word_1_186' title='bbox 359 2591 403 2654; x_wconf 87' lang='lat' dir='ltr'>ad</span> <span class='ocrx_word' id='word_1_187' title='bbox 424 2592 479 2655; x_wconf 87' lang='lat' dir='ltr'>boc</span> <span class='ocrx_word' id='word_1_188' title='bbox 490 2591 696 2676; x_wconf 79' lang='lat' dir='ltr'>praecipuum</span> <span class='ocrx_word' id='word_1_189' title='bbox 718 2591 854 2654; x_wconf 79' lang='lat' dir='ltr'>studium</span> <span class='ocrx_word' id='word_1_190' title='bbox 878 2590 966 2655; x_wconf 86' lang='lat' dir='ltr'>debet</span> <span class='ocrx_word' id='word_1_191' title='bbox 988 2591 1159 2678; x_wconf 78' lang='lat' dir='ltr'>intendere,</span> 
     </span>
     <span class='ocr_line' id='line_1_23' title="bbox 48 2687 1158 2774; baseline -0.001 -21"><span class='ocrx_word' id='word_1_192' title='bbox 48 2691 180 2774; x_wconf 63' lang='lat' dir='ltr'>quolam·</span> <span class='ocrx_word' id='word_1_193' title='bbox 204 2689 369 2754; x_wconf 58' lang='lat' dir='ltr'>manteia</span> <span class='ocrx_word' id='word_1_194' title='bbox 393 2687 455 2751; x_wconf 83' lang='lat' dir='ltr'>sibi</span> <span class='ocrx_word' id='word_1_195' title='bbox 477 2687 702 2752; x_wconf 84' lang='lat' dir='ltr'>subditabene</span> <span class='ocrx_word' id='word_1_196' title='bbox 725 2689 819 2767; x_wconf 87' lang='lat' dir='ltr'>oioat,</span> <span class='ocrx_word' id='word_1_197' title='bbox 845 2689 927 2774; x_wconf 82' lang='lat' dir='ltr'>quod</span> <span class='ocrx_word' id='word_1_198' title='bbox 950 2688 1073 2774; x_wconf 80' lang='lat' dir='ltr'>quidem</span> <span class='ocrx_word' id='word_1_199' title='bbox 1096 2699 1158 2752; x_wconf 89' lang='lat' dir='ltr'>sta-</span> 
     </span>
     <span class='ocr_line' id='line_1_24' title="bbox 48 2784 1159 2875; baseline -0.004 -22"><span class='ocrx_word' id='word_1_200' title='bbox 48 2789 126 2852; x_wconf 73' lang='lat' dir='ltr'>dium</span> <span class='ocrx_word' id='word_1_201' title='bbox 150 2791 188 2852; x_wconf 85' lang='lat' dir='ltr'>in</span> <span class='ocrx_word' id='word_1_202' title='bbox 213 2788 279 2852; x_wconf 88' lang='lat' dir='ltr'>tria</span> <span class='ocrx_word' id='word_1_203' title='bbox 301 2787 466 2864; x_wconf 84' lang='lat' dir='ltr'>diuiditur,</span> <span class='ocrx_word' id='word_1_204' title='bbox 498 2797 534 2850; x_wconf 88' lang='lat' dir='ltr'>ut</span> <span class='ocrx_word' id='word_1_205' title='bbox 550 2787 656 2872; x_wconf 81' lang='lat' dir='ltr'>primo</span> <span class='ocrx_word' id='word_1_206' title='bbox 689 2786 812 2872; x_wconf 79' lang='lat' dir='ltr'>quidem</span> <span class='ocrx_word' id='word_1_207' title='bbox 840 2788 875 2850; x_wconf 89' lang='lat' dir='ltr'>in</span> <span class='ocrx_word' id='word_1_208' title='bbox 898 2785 1035 2875; x_wconf 75' lang='lat' dir='ltr'>subjecta</span> <span class='ocrx_word' id='word_1_209' title='bbox 1057 2784 1159 2850; x_wconf 78' lang='lat' dir='ltr'>mote-</span> 
     </span>
     <span class='ocr_line' id='line_1_25' title="bbox 47 2884 1158 2960; baseline -0.003 -11"><span class='ocrx_word' id='word_1_210' title='bbox 47 2888 147 2952; x_wconf 78' lang='lat' dir='ltr'>tudine</span> <span class='ocrx_word' id='word_1_211' title='bbox 175 2887 289 2950; x_wconf 80' lang='lat' dir='ltr'>bmeam</span> <span class='ocrx_word' id='word_1_212' title='bbox 314 2885 409 2950; x_wconf 84' lang='lat' dir='ltr'>eitam</span> <span class='ocrx_word' id='word_1_213' title='bbox 431 2886 586 2960; x_wconf 88' lang='lat' dir='ltr'>instituat,</span> <span class='ocrx_word' id='word_1_214' title='bbox 606 2884 740 2948; x_wconf 86' lang='lat' dir='ltr'>secundo</span> <span class='ocrx_word' id='word_1_215' title='bbox 763 2895 797 2948; x_wconf 89' lang='lat' dir='ltr'>ut</span> <span class='ocrx_word' id='word_1_216' title='bbox 819 2885 1017 2948; x_wconf 79' lang='lat' dir='ltr'>constitutam</span> <span class='ocrx_word' id='word_1_217' title='bbox 1039 2905 1158 2947; x_wconf 83' lang='lat' dir='ltr'>conser-</span> 
     </span>
     <span class='ocr_line' id='line_1_26' title="bbox 46 2979 1158 3069; baseline -0.002 -22"><span class='ocrx_word' id='word_1_218' title='bbox 46 2997 96 3059; x_wconf 66' lang='grc' dir='ltr'>εει,</span> <span class='ocrx_word' id='word_1_219' title='bbox 121 2987 218 3050; x_wconf 83' lang='lat' dir='ltr'>tertio</span> <span class='ocrx_word' id='word_1_220' title='bbox 242 2996 277 3048; x_wconf 91' lang='lat' dir='ltr'>at</span> <span class='ocrx_word' id='word_1_221' title='bbox 300 2992 514 3047; x_wconf 67' lang='lat' dir='ltr'>consecrantem</span> <span class='ocrx_word' id='word_1_222' title='bbox 537 2982 581 3044; x_wconf 79' lang='lat' dir='ltr'>act</span> <span class='ocrx_word' id='word_1_223' title='bbox 603 2979 734 3045; x_wconf 84' lang='lat' dir='ltr'>meliora</span> <span class='ocrx_word' id='word_1_224' title='bbox 752 2979 976 3069; x_wconf 81' lang='lat' dir='ltr'>promoveat¹).</span> <span class='ocrx_word' id='word_1_225' title='bbox 998 3017 1041 3028; x_wconf 86' lang='lat'><em>-</em></span> <span class='ocrx_word' id='word_1_226' title='bbox 1058 2980 1158 3045; x_wconf 81' lang='lat' dir='ltr'>Hisce</span> 
     </span>
     <span class='ocr_line' id='line_1_27' title="bbox 44 3077 1156 3165; baseline -0.004 -20"><span class='ocrx_word' id='word_1_227' title='bbox 44 3087 177 3149; x_wconf 87' lang='lat' dir='ltr'>omnino</span> <span class='ocrx_word' id='word_1_228' title='bbox 192 3082 376 3146; x_wconf 85' lang='lat' dir='ltr'>conformia</span> <span class='ocrx_word' id='word_1_229' title='bbox 390 3088 466 3142; x_wconf 86' lang='lat' dir='ltr'>sunt</span> <span class='ocrx_word' id='word_1_230' title='bbox 488 3101 527 3142; x_wconf 86' lang='lat' dir='ltr'>ea</span> <span class='ocrx_word' id='word_1_231' title='bbox 550 3080 723 3164; x_wconf 84' lang='lat' dir='ltr'>principio,</span> <span class='ocrx_word' id='word_1_232' title='bbox 748 3099 832 3165; x_wconf 88' lang='lat' dir='ltr'>quse</span> <span class='ocrx_word' id='word_1_233' title='bbox 856 3080 890 3142; x_wconf 87' lang='lat' dir='ltr'>in</span> <span class='ocrx_word' id='word_1_234' title='bbox 907 3077 1057 3164; x_wconf 83' lang='lat' dir='ltr'>Gregorii</span> <span class='ocrx_word' id='word_1_235' title='bbox 1074 3077 1156 3142; x_wconf 91' lang='lat' dir='ltr'>XVI</span> 
     </span>
     <span class='ocr_line' id='line_1_28' title="bbox 45 3176 1158 3265; baseline -0.004 -21"><span class='ocrx_word' id='word_1_236' title='bbox 45 3181 227 3265; x_wconf 83' lang='lat' dir='ltr'>Encyclice</span> <span class='ocrx_word' id='word_1_237' title='bbox 260 3179 390 3256; x_wconf 56' lang='lat' dir='ltr'>rtiirari,</span> <span class='ocrx_word' id='word_1_238' title='bbox 425 3178 647 3244; x_wconf 85' lang='lat' dir='ltr'>enuntientur.</span> <span class='ocrx_word' id='word_1_239' title='bbox 707 3176 877 3257; x_wconf 86' lang='lat' dir='ltr'>Caeterum,</span> <span class='ocrx_word' id='word_1_240' title='bbox 911 3176 1019 3261; x_wconf 90' lang='lat' dir='ltr'>inquit</span> <span class='ocrx_word' id='word_1_241' title='bbox 1050 3176 1158 3240; x_wconf 89' lang='lat' dir='ltr'>Ponti·</span> 
     </span>
     <span class='ocr_line' id='line_1_29' title="bbox 43 3272 1159 3361; baseline -0.002 -21"><span class='ocrx_word' id='word_1_242' title='bbox 43 3279 103 3352; x_wconf 74' lang='lat' dir='ltr'>fex,</span> <span class='ocrx_word' id='word_1_243' title='bbox 138 3276 354 3343; x_wconf 84' lang='lat' dir='ltr'>communibus</span> <span class='ocrx_word' id='word_1_244' title='bbox 385 3277 465 3340; x_wconf 85' lang='lat' dir='ltr'>bisce</span> <span class='ocrx_word' id='word_1_245' title='bbox 497 3277 586 3352; x_wconf 71' lang='lat' dir='ltr'>cotie</span> <span class='ocrx_word' id='word_1_246' title='bbox 604 3299 668 3361; x_wconf 80' lang='lat' dir='ltr'>pro</span> <span class='ocrx_word' id='word_1_247' title='bbox 700 3276 748 3338; x_wconf 86' lang='lat' dir='ltr'>rei</span> <span class='ocrx_word' id='word_1_248' title='bbox 770 3285 800 3338; x_wconf 86' lang='lat' dir='ltr'>et</span> <span class='ocrx_word' id='word_1_249' title='bbox 827 3297 935 3339; x_wconf 90' lang='lat' dir='ltr'>sacrae</span> <span class='ocrx_word' id='word_1_250' title='bbox 963 3284 992 3338; x_wconf 92' lang='lat' dir='ltr'>et</span> <span class='ocrx_word' id='word_1_251' title='bbox 1009 3272 1159 3359; x_wconf 80' lang='lat' dir='ltr'>porbiicae</span> 
     </span>
     <span class='ocr_line' id='line_1_30' title="bbox 43 3371 1159 3457; baseline -0.004 -19"><span class='ocrx_word' id='word_1_252' title='bbox 43 3377 270 3454; x_wconf 70' lang='lat' dir='ltr'>iamiunritate,</span> <span class='ocrx_word' id='word_1_253' title='bbox 300 3374 457 3440; x_wconf 65' lang='lat' dir='ltr'>coracini</span> <span class='ocrx_word' id='word_1_254' title='bbox 478 3375 514 3437; x_wconf 90' lang='lat' dir='ltr'>in</span> <span class='ocrx_word' id='word_1_255' title='bbox 540 3372 662 3438; x_wconf 85' lang='lat' dir='ltr'>Cbrioto</span> <span class='ocrx_word' id='word_1_256' title='bbox 686 3371 754 3456; x_wconf 78' lang='lat' dir='ltr'>filii</span> <span class='ocrx_word' id='word_1_257' title='bbox 776 3373 876 3436; x_wconf 88' lang='lat' dir='ltr'>nostri</span> <span class='ocrx_word' id='word_1_258' title='bbox 907 3371 969 3434; x_wconf 86' lang='lat' dir='ltr'>oiri</span> <span class='ocrx_word' id='word_1_259' title='bbox 984 3371 1159 3457; x_wconf 65' lang='lat' dir='ltr'>&#39;ibincipeo</span> 
     </span>
     <span class='ocr_line' id='line_1_31' title="bbox 43 3466 1158 3561; baseline -0.004 -25"><span class='ocrx_word' id='word_1_260' title='bbox 43 3501 95 3538; x_wconf 76' lang='lat' dir='ltr'>sun</span> <span class='ocrx_word' id='word_1_261' title='bbox 110 3475 258 3561; x_wconf 82' lang='lat' dir='ltr'>faueant</span> <span class='ocrx_word' id='word_1_262' title='bbox 280 3495 338 3560; x_wconf 78' lang='lat' dir='ltr'>ope</span> <span class='ocrx_word' id='word_1_263' title='bbox 367 3483 396 3535; x_wconf 91' lang='lat' dir='ltr'>et</span> <span class='ocrx_word' id='word_1_264' title='bbox 423 3473 623 3549; x_wconf 87' lang='lat' dir='ltr'>auctoritate,</span> <span class='ocrx_word' id='word_1_265' title='bbox 648 3493 740 3554; x_wconf 75' lang='lat' dir='ltr'>qnam</span> <span class='ocrx_word' id='word_1_266' title='bbox 768 3469 829 3533; x_wconf 81' lang='lat' dir='ltr'>eibi</span> <span class='ocrx_word' id='word_1_267' title='bbox 851 3466 998 3532; x_wconf 85' lang='lat' dir='ltr'>collatam</span> <span class='ocrx_word' id='word_1_268' title='bbox 1021 3469 1158 3533; x_wconf 81' lang='lat' dir='ltr'>conside-</span> 
     </span>
     <span class='ocr_line' id='line_1_32' title="bbox 43 3567 1157 3653; baseline -0.004 -19"><span class='ocrx_word' id='word_1_269' title='bbox 43 3587 107 3636; x_wconf 77' lang='lat' dir='ltr'>rent</span> <span class='ocrx_word' id='word_1_270' title='bbox 125 3597 196 3637; x_wconf 83' lang='lat' dir='ltr'>non</span> <span class='ocrx_word' id='word_1_271' title='bbox 219 3569 320 3636; x_wconf 84' lang='lat' dir='ltr'>solum</span> <span class='ocrx_word' id='word_1_272' title='bbox 342 3571 387 3632; x_wconf 83' lang='lat' dir='ltr'>ad</span> <span class='ocrx_word' id='word_1_273' title='bbox 410 3569 519 3633; x_wconf 83' lang='lat' dir='ltr'>mundi</span> <span class='ocrx_word' id='word_1_274' title='bbox 540 3570 686 3653; x_wconf 65' lang='lat' dir='ltr'>recimen,</span> <span class='ocrx_word' id='word_1_275' title='bbox 707 3568 763 3632; x_wconf 85' lang='lat' dir='ltr'>sed</span> <span class='ocrx_word' id='word_1_276' title='bbox 785 3568 918 3630; x_wconf 68' lang='lat' dir='ltr'>maxim</span> <span class='ocrx_word' id='word_1_277' title='bbox 942 3567 986 3630; x_wconf 79' lang='lat' dir='ltr'>ad</span> <span class='ocrx_word' id='word_1_278' title='bbox 1000 3567 1157 3630; x_wconf 78' lang='lat' dir='ltr'>Ecclesiae</span> 
     </span>
     <span class='ocr_line' id='line_1_33' title="bbox 38 3663 1159 3757; baseline -0.007 -23"><span class='ocrx_word' id='word_1_279' title='bbox 38 3671 249 3757; x_wconf 63' lang='lat' dir='ltr'>praesidiarii</span> <span class='ocrx_word' id='word_1_280' title='bbox 296 3667 561 3732; x_wconf 81' lang='lat' dir='ltr'>Animaduertant</span> <span class='ocrx_word' id='word_1_281' title='bbox 588 3666 706 3743; x_wconf 81' lang='lat' dir='ltr'>sedulo,</span> <span class='ocrx_word' id='word_1_282' title='bbox 729 3687 793 3752; x_wconf 79' lang='lat' dir='ltr'>pro</span> <span class='ocrx_word' id='word_1_283' title='bbox 820 3663 948 3728; x_wconf 82' lang='lat' dir='ltr'>illorum</span> <span class='ocrx_word' id='word_1_284' title='bbox 974 3665 1106 3748; x_wconf 84' lang='lat' dir='ltr'>imperio</span> <span class='ocrx_word' id='word_1_285' title='bbox 1130 3674 1159 3727; x_wconf 90' lang='lat' dir='ltr'>et</span> 
     </span>
     <span class='ocr_line' id='line_1_34' title="bbox 42 3760 1157 3854; baseline -0.009 -19"><span class='ocrx_word' id='word_1_286' title='bbox 42 3773 140 3854; x_wconf 68' lang='lat' dir='ltr'>quide</span> <span class='ocrx_word' id='word_1_287' title='bbox 176 3769 253 3853; x_wconf 71' lang='lat' dir='ltr'>aeri,</span> <span class='ocrx_word' id='word_1_288' title='bbox 288 3765 442 3852; x_wconf 80' lang='lat' dir='ltr'>quidquid</span> <span class='ocrx_word' id='word_1_289' title='bbox 467 3788 532 3852; x_wconf 81' lang='lat' dir='ltr'>pro</span> <span class='ocrx_word' id='word_1_290' title='bbox 564 3762 724 3828; x_wconf 81' lang='lat' dir='ltr'>Ecclesiae</span> <span class='ocrx_word' id='word_1_291' title='bbox 756 3762 856 3826; x_wconf 77' lang='lat' dir='ltr'>eaiotte</span> <span class='ocrx_word' id='word_1_292' title='bbox 889 3760 1070 3841; x_wconf 59' lang='lat' dir='ltr'>laboratum</span> <span class='ocrx_word' id='word_1_293' title='bbox 1096 3764 1157 3825; x_wconf 87' lang='lat' dir='ltr'>imo</span> 
     </span>
     <span class='ocr_line' id='line_1_35' title="bbox 38 3858 1159 3953; baseline -0.008 -23"><span class='ocrx_word' id='word_1_294' title='bbox 38 3867 143 3953; x_wconf 62' lang='lat' dir='ltr'>[tiaris</span> <span class='ocrx_word' id='word_1_295' title='bbox 174 3866 236 3930; x_wconf 83' lang='lat' dir='ltr'>sibi</span> <span class='ocrx_word' id='word_1_296' title='bbox 263 3863 421 3929; x_wconf 84' lang='lat' dir='ltr'>suadeant</span> <span class='ocrx_word' id='word_1_297' title='bbox 438 3863 520 3947; x_wconf 77' lang='lat' dir='ltr'>fidei</span> <span class='ocrx_word' id='word_1_298' title='bbox 547 3884 674 3926; x_wconf 84' lang='lat' dir='ltr'>causam</span> <span class='ocrx_word' id='word_1_299' title='bbox 700 3884 764 3924; x_wconf 86' lang='lat' dir='ltr'>esse</span> <span class='ocrx_word' id='word_1_300' title='bbox 792 3858 911 3937; x_wconf 83' lang='lat' dir='ltr'>debere,</span> <span class='ocrx_word' id='word_1_301' title='bbox 940 3883 1032 3944; x_wconf 65' lang='lat' dir='ltr'>queam</span> <span class='ocrx_word' id='word_1_302' title='bbox 1054 3861 1159 3944; x_wconf 60' lang='lat' dir='ltr'>reyne-</span> 
     </span>
    </p>
   </div>
   <div class='ocr_carea' id='block_1_5' title="bbox 42 3955 1158 4050">
    <p class='ocr_par' dir='ltr' id='par_1_5' title="bbox 42 3955 1158 4050">
     <span class='ocr_line' id='line_1_36' title="bbox 42 3955 1158 4050; baseline -0.007 -22"><span class='ocrx_word' id='word_1_303' title='bbox 42 3987 246 4050; x_wconf 69' lang='lat' dir='ltr'>nnqrmmque</span> <span class='ocrx_word' id='word_1_304' title='bbox 271 3961 333 4026; x_wconf 87' lang='lat' dir='ltr'>sibi</span> <span class='ocrx_word' id='word_1_305' title='bbox 355 3983 420 4025; x_wconf 87' lang='lat' dir='ltr'>esee</span> <span class='ocrx_word' id='word_1_306' title='bbox 441 3959 655 4047; x_wconf 79' lang='lat' dir='ltr'>perpendant,</span> <span class='ocrx_word' id='word_1_307' title='bbox 684 3957 835 4042; x_wconf 76' lang='lat' dir='ltr'>(dicernere</span> <span class='ocrx_word' id='word_1_308' title='bbox 863 3979 930 4020; x_wconf 79' lang='lat' dir='ltr'>arm</span> <span class='ocrx_word' id='word_1_309' title='bbox 954 3955 1055 4020; x_wconf 87' lang='lat' dir='ltr'>Leone</span> <span class='ocrx_word' id='word_1_310' title='bbox 1078 3958 1158 4020; x_wconf 88' lang='lat' dir='ltr'>Pon-</span> 
     </span>
    </p>
   </div>
   <div class='ocr_carea' id='block_1_6' title="bbox 78 4117 258 4126">
    <p class='ocr_par' dir='ltr' id='par_1_6' title="bbox 78 4117 258 4126">
     <span class='ocr_line' id='line_1_37' title="bbox 78 4117 258 4126; baseline 0 -2"><span class='ocrx_word' id='word_1_311' title='bbox 78 4117 258 4126; x_wconf 43' lang='lat' dir='ltr'>.--fl—..—</span> 
     </span>
    </p>
   </div>
   <div class='ocr_carea' id='block_1_7' title="bbox 112 4180 588 4336">
    <p class='ocr_par' dir='ltr' id='par_1_7' title="bbox 112 4180 588 4336">
     <span class='ocr_line' id='line_1_38' title="bbox 114 4180 540 4253; baseline -0.012 -14"><span class='ocrx_word' id='word_1_312' title='bbox 114 4187 139 4253; x_wconf 94' lang='grc' dir='ltr'>Ι)</span> <span class='ocrx_word' id='word_1_313' title='bbox 160 4184 204 4238; x_wconf 89' lang='lat' dir='ltr'>De</span> <span class='ocrx_word' id='word_1_314' title='bbox 222 4183 319 4247; x_wconf 76' lang='lat' dir='ltr'>iaicis,</span> <span class='ocrx_word' id='word_1_315' title='bbox 339 4181 369 4235; x_wconf 82' lang='lat' dir='ltr'>L.</span> <span class='ocrx_word' id='word_1_316' title='bbox 387 4181 437 4237; x_wconf 84' lang='lat'>111.</span> <span class='ocrx_word' id='word_1_317' title='bbox 456 4197 478 4237; x_wconf 89' lang='lat' dir='ltr'>c.</span> <span class='ocrx_word' id='word_1_318' title='bbox 499 4180 540 4234; x_wconf 83' lang='lat'>18.</span> 
     </span>
     <span class='ocr_line' id='line_1_39' title="bbox 112 4260 588 4336; baseline -0.015 -17"><span class='ocrx_word' id='word_1_319' title='bbox 112 4267 135 4336; x_wconf 89' lang='lat'>¹)</span> <span class='ocrx_word' id='word_1_320' title='bbox 158 4265 202 4318; x_wconf 89' lang='lat' dir='ltr'>De</span> <span class='ocrx_word' id='word_1_321' title='bbox 219 4263 286 4332; x_wconf 78' lang='lat' dir='ltr'>Reg.</span> <span class='ocrx_word' id='word_1_322' title='bbox 307 4261 394 4315; x_wconf 88' lang='lat' dir='ltr'>Princ.</span> <span class='ocrx_word' id='word_1_323' title='bbox 413 4261 444 4314; x_wconf 86' lang='lat' dir='ltr'>L.</span> <span class='ocrx_word' id='word_1_324' title='bbox 463 4260 486 4316; x_wconf 90' lang='lat'>1.</span> <span class='ocrx_word' id='word_1_325' title='bbox 505 4275 527 4314; x_wconf 83' lang='lat' dir='ltr'>a</span> <span class='ocrx_word' id='word_1_326' title='bbox 547 4261 588 4313; x_wconf 79' lang='lat'>15.</span> 
     </span>
    </p>
   </div>
   <div class='ocr_carea' id='block_1_8' title="bbox 0 0 1408 4848">
    <p class='ocr_par' dir='ltr' id='par_1_8' title="bbox 0 0 1408 4848">
     <span class='ocr_line' id='line_1_40' title="bbox 0 0 1408 4848; baseline 0 5"><span class='ocrx_word' id='word_1_327' title='bbox 0 0 1408 4848; x_wconf 95' lang='lat' dir='ltr'> </span> 
     </span>
    </p>
   </div>
  </div>
 </body>
</html>
