2908 4828
249 407 285 464 60
603 408 643 466 De
660 407 728 465 Sede
745 405 866 465 Romana
883 407 909 465 S.
927 404 1012 467 Petri.

251 561 398 650 manem)
423 561 655 650 filadoceruot.
702 560 877 626 Manifesta
910 560 1011 627 Caius
1042 561 1098 628 bic
1122 559 1163 628 (le
1195 562 1276 649 ipsis
1299 585 1372 628 cor-

251 662 387 750 poribus
409 659 467 727 SS.
491 657 724 746 Apostolorum
755 656 901 746 loquitur
928 657 1051 725 &mae
1073 659 1219 746 sepultis.
1266 661 1371 727 Euse-

249 760 325 826 bius
348 779 387 824 ea
410 777 492 822 voce
516 753 715 844 σκηνώματα,
739 755 967 842 tabernacula,
996 757 1170 843 significat,
1194 761 1242 823 uti
1266 761 1372 824 etiam

251 857 284 925 S.
297 857 415 924 Petrus
428 857 464 920 in
482 853 621 942 epistola
635 875 695 918 sua
709 853 855 920 secunda
869 853 983 944 (1.14)
1006 855 1138 921 scribit:
1165 853 1275 923 Certus
1289 881 1371 938 mm,

250 955 333 1042 quod
354 953 447 1020 oelooo
470 964 516 1018 ost
538 953 693 1040 depositio
713 951 910 1017 tobcmouli
933 952 1167 1043 (σκηνώματος)
1189 958 1260 1036 mei,
1284 955 1374 1043 quod

251 1065 281 1118 et
303 1053 459 1118 Dantem
491 1059 598 1114 noster
626 1047 723 1114 Jeaas
759 1047 900 1114 aestu
933 1053 1120 1140 sipnifioooit
1152 1055 1236 1118 mebi.
1289 1053 1372 1140 Ipsa

251 1149 401 1237 sepulcra
423 1156 534 1213 autem
566 1145 666 1212 Caius
695 1145 751 1212 bic
784 1159 917 1236 tropaea
945 1152 1104 1232 nominat,
1128 1151 1177 1214 uti
1201 1149 1372 1216 Eusebius

251 1246 422 1328 intellexit,
446 1255 544 1309 etex
567 1253 723 1310 contextu
747 1243 922 1330 colligitur.
945 1245 1062 1334 Inepte
1075 1247 1210 1336 Lipsius
1232 1246 1372 1313 etAno·

250 1367 371 1430 nymus
394 1341 583 1409 Waldensis
614 1343 827 1426 contendunt,
858 1346 1065 1428 agitantum
1089 1345 1130 1410 de
1153 1353 1370 1411 monumento

250 1441 371 1530 aliquo,
395 1461 462 1506 non
486 1439 527 1505 de
550 1439 733 1528 sepulchris
755 1440 999 1528 Apostolorum.
1030 1482 1073 1490 —
1096 1443 1143 1508 Ut
1165 1443 1246 1510 alios
1269 1453 1372 1510 testes

251 1539 372 1606 saeculi
387 1539 475 1604 tertii
489 1547 742 1625 praetereamus,
758 1539 793 1604 id
808 1561 911 1604 unum
935 1541 1107 1606 advertere
1129 1542 1238 1610 liccat.
1262 1542 1371 1608 Mani-

250 1637 370 1702 festum
394 1645 451 1720 est,
476 1634 606 1702 saeculo
629 1639 725 1702 tertio
749 1657 815 1701 non
838 1639 949 1703 minus
972 1660 1071 1726 quam
1095 1639 1225 1705 saeculo
1249 1653 1370 1728 quarto

250 1759 363 1802 omnes
387 1736 580 1800 convenisse
604 1733 645 1800 de
669 1736 861 1823 episcopatu
875 1735 1024 1800 Romano
1047 1737 1086 1803 B.
1109 1737 1209 1824 Petri,
1233 1748 1267 1802 ct
1290 1738 1371 1804 data

250 1835 422 1900 occasione
455 1833 628 1920 scriptores
660 1831 791 1898 illorum
823 1843 1009 1920 temporum
1042 1837 1104 1899 ista
1136 1835 1177 1900 de
1206 1857 1242 1899 re
1264 1845 1303 1899 ιιι
1326 1835 1370 1899 de

250 1955 285 1997 re
308 1931 490 1998 certissima
513 1939 546 1995 et
567 1931 740 1995 notissima
761 1929 863 2018 loqui.

339 2029 393 2096 28.
416 2028 599 2094 Veniamus
631 2027 674 2094 sd
698 2030 855 2094 soeculum
887 2029 1062 2095 secusdum.
1113 2028 1223 2117 Atque
1256 2032 1370 2118 impri-

251 2132 313 2194 mis
351 2126 447 2193 nobis
479 2127 622 2191 occurrit
660 2123 692 2191 S.
727 2127 893 2208 Irenaeus,
933 2129 1072 2212 insignis
1110 2126 1165 2192 ille
1196 2127 1370 2194 Ecclesiae

249 2225 357 2310 Pater,
383 2225 439 2312 qui
463 2224 587 2289 ultimis
602 2223 772 2289 decenniis
786 2223 908 2290 saeculi
923 2223 958 2290 11
981 2247 1139 2310 magnum
1163 2247 1260 2290 suum
1285 2249 1371 2316 opus

254 2323 372 2389 Contra
410 2323 551 2386 haereses
589 2319 741 2406 confecit,
783 2323 942 2411 cujusque
980 2325 1205 2389 testimonium
1245 2330 1368 2392 summi

250 2421 408 2488 momenti
431 2417 632 2485 habendum.
678 2419 835 2485 Irenaeus
858 2423 947 2486 enim
971 2421 1005 2487 in
1029 2419 1167 2486 ecclesia
1181 2419 1369 2490 Galliarum

249 2522 313 2586 fuit
335 2520 519 2605 episcopus,
543 2515 716 2582 ecclesiam
733 2518 917 2584 Romanam
941 2521 976 2584 in
999 2521 1202 2605 gravissimis
1225 2522 1370 2605 negotiis

249 2618 341 2700 adiit,
372 2624 405 2680 et
433 2615 527 2679 novit
549 2617 672 2702 optime
701 2614 783 2682 alios
807 2616 961 2683 ecclesias
991 2618 1034 2682 ab
1058 2615 1139 2682 Asia
1162 2619 1198 2682 in
1221 2616 1369 2684 Galliam

249 2736 363 2802 usque,
387 2734 489 2800 quum
520 2713 556 2778 in
579 2712 725 2778 ecclesiis
755 2712 856 2779 Asiae
879 2714 941 2780 sub
964 2714 1140 2803 Polycarpi
1168 2713 1280 2780 adhuc
1304 2715 1369 2781 dis-

248 2812 372 2900 ciplina
396 2812 542 2877 vixisset.
588 2810 791 2898 Polycarpus
822 2834 899 2877 vero
924 2813 1054 2878 viderat
1076 2816 1164 2900 ipsos
1180 2812 1368 2900 Apostolos,

248 2911 420 2999 speciatim
443 2910 476 2976 S.
506 2909 681 2976 loannem.
728 2912 922 2999 Polycarpus
945 2922 1057 2995 ouum,
1087 2911 1202 2977 scribit
1231 2913 1302 2998 ipse
1333 2913 1368 2978 S.

247 3011 413 3091 benacus,
445 3031 510 3072 ooo
542 3008 642 3074 solum
674 3009 714 3073 ab
746 3009 910 3097 Apostolis
948 3011 1074 3076 adcensa
1106 3021 1136 3076 et
1166 3023 1370 3076 convocatas

247 3133 316 3175 mem
337 3107 445 3172 multis
468 3129 508 3172 ero
531 3108 577 3172 eis
599 3109 654 3194 qui
666 3108 837 3172 Dominum
859 3110 1168 3189 costrumot'deruot,
1192 3110 1248 3173 sed
1270 3112 1370 3175 etiam

248 3209 287 3273 ob
312 3205 475 3294 Apostolos
497 3205 533 3270 in
562 3205 653 3285 Asia,
676 3207 712 3269 io
734 3229 773 3270 ca
802 3231 881 3294 quoe
904 3217 950 3271 sat
973 3205 1117 3294 Smyrais
1143 3207 1273 3272 sedecia
1296 3232 1368 3276 ooo·

248 3309 375 3371 nauso
389 3305 570 3392 episcopan
592 3327 680 3390 wem
694 3315 724 3369 et
736 3327 794 3370 nos
807 3307 942 3370 vidimus
960 3307 995 3370 io
1002 3308 1113 3394 primo
1126 3319 1236 3371 costra
1250 3319 1367 3390 astate,

246 3404 377 3468 multum
401 3403 482 3467 enim
499 3405 715 3490 perseveravit
738 3413 769 3466 et
789 3403 882 3468 valde
897 3429 993 3470 sensa
1014 3405 1235 3493 plorfoas'asime
1260 3416 1290 3471 et
1312 3431 1367 3472 co-

247 3503 397 3568 bils'ssime
419 3502 606 3588 martyrium
619 3501 751 3589 sociem
779 3503 877 3568 excivit
904 3503 943 3568 de
965 3505 1022 3568 luto
1044 3505 1155 3590 sitast)
1208 3505 1367 3592 Ineptum

322 3780 343 3848 ¹)
364 3777 467 3834 Contra
484 3777 556 3833 haer.
576 3778 594 3834 l.
612 3777 665 3834 111.
683 3795 704 3835 c
723 3781 748 3834 8.
774 3809 808 3821 -
833 3779 893 3836 Non
920 3781 1006 3837 solnm
1030 3789 1121 3840 sutem
1138 3784 1267 3843 Irenssns
1286 3786 1366 3858 Poly·

247 3873 356 3930 carpum
380 3857 465 3912 oculis
497 3859 610 3926 vident,
634 3860 680 3914 sed
709 3859 882 3916 familiariter
909 3877 941 3916 eo
958 3867 992 3916 ιιι
1015 3865 1147 3932 ιιιιιξίιιιο
1176 3881 1240 3922 ustus
1266 3867 1364 3934 fuerat,

246 3939 289 3994 uti
313 3943 391 4007 petet
415 3951 449 3992 ex
472 3938 507 3993 iis
532 3955 601 4006 quae
625 3939 710 3994 refert
734 3940 866 3996 Eusebius
891 3942 925 3996 H.
949 3942 981 3998 u.
999 3942 1030 3997 [a.
1049 3944 1082 4000 V.
1107 3961 1127 4000 a
1155 3947 1365 4006 lesinensi

246 4017 362 4098 epistola
380 4018 412 4071 de
429 4020 588 4074 morelio
606 4021 805 4075 odFtors‘aam.
825 4021 924 4076 Scribit
943 4023 1206 4082 videlicstlrsnaens
1224 4028 1364 4097 alloquens

245 4098 398 4154 florinum:
418 4098 500 4165 „Ista
518 4099 646 4169 άοφηιαια
660 4100 814 4170 μοιιγιιιι
831 4105 879 4172 qai
900 4109 965 4157 onte
981 4119 1031 4158 nos
1047 4107 1170 4176 smne,
1190 4111 1289 4178 palpas
1305 4113 1363 4178 sae·

245 4179 514 4248 metapontum
532 4181 669 4250 dmcfpab',
687 4181 796 4236 mistim
814 4184 864 4237 tibi
882 4185 1066 4240 tradiderunt.
1090 4187 1242 4244 Vicissim
1261 4196 1287 4245 tc
1302 4208 1362 4246 oum
