2806 4848
478 1198 838 1322 Dissertatio
875 1199 1159 1348 septime.

289 1441 351 1526 lle
381 1437 624 1526 Arianismi
651 1396 965 1538 decrementis,
993 1459 1045 1520 ae
1071 1437 1124 1522 de
1151 1431 1336 1524 Concilio

544 1565 1034 1670 Constantinopolitano
1060 1565 1095 1651 1.

736 1741 899 1752 ...μ--ι-μ-

107 1917 244 1958 nemum
352 1889 382 1951 1.
406 1885 460 1950 Ad
485 1907 523 1950 es
546 1887 759 1971 pervenimus
782 1893 940 1970 tempore,
964 1884 1085 1970 quihus
1107 1885 1268 1971 paulatim
1282 1886 1358 1950 Aria·

102 1977 135 2019 ¹¹¹⁸
152 1977 242 2019 ’Μ
261 2006 378 2050 norum
410 1983 554 2048 haeresis
586 1983 734 2047 docrevit
765 2003 804 2046 ae
844 1982 978 2048 demum
1015 1983 1083 2048 iere
1121 1985 1284 2050 exstincte
1312 1993 1357 2059 est

262 2083 367 2148 donec
389 2081 498 2148 medio
522 2103 604 2146 aevo
621 2082 740 2145 iterum
754 2080 917 2166 quaedum
932 2081 1003 2167 ejus
1018 2083 1158 2167 vestigia
1184 2101 1358 2170 apparuere.

262 2180 373 2261 Quum
398 2201 475 2243 vero
500 2201 538 2242 ea
562 2180 723 2266 imprimis
755 2181 870 2265 paucis
901 2179 1098 2266 exponenda
1131 2181 1209 2261 sint,
1234 2201 1313 2266 quse
1332 2179 1356 2241 in

260 2278 399 2342 concilio
442 2277 646 2342 Ariminensi
687 2277 893 2358 acciderunt,
926 2276 1195 2343 animadvertero
1232 2275 1358 2364 juvabit,

261 2377 466 2462 specietenus
498 2373 632 2460 quidem
662 2373 727 2440 illis
759 2373 934 2438 eventibus
956 2372 1187 2444 Arianiamum
1221 2376 1264 2442 sd
1285 2375 1356 2440 faeti·

259 2476 350 2559 gium
375 2473 608 2537 dominationis
632 2494 710 2536 suae
733 2473 934 2558 pervenisse.
971 2471 1127 2536 Attamen
1151 2495 1258 2559 quum
1279 2473 1357 2538 Prae

260 2570 345 2636 eules
368 2569 493 2635 ibidem
517 2571 648 2636 nonnisi
672 2569 845 2634 fraudibus
873 2569 1002 2654 decepti
1026 2579 1060 2632 et
1080 2568 1244 2635 violentia
1265 2568 1356 2634 adacti

260 2693 377 2734 munus
401 2669 506 2732 victas
531 2667 608 2732 dere
632 2668 697 2732 visi
730 2669 810 2750 sint,
842 2668 983 2732 victoria
1005 2667 1167 2752 ejusmodi
1194 2665 1357 2734 Arianismi

259 2768 356 2854 plane
380 2767 525 2833 illusoris
548 2776 627 2850 erat,
651 2768 716 2830 imo
750 2767 843 2830 inse
878 2767 950 2852 ipsa
983 2764 1172 2829 continebat
1204 2767 1357 2832 rationem.

260 2889 318 2930 cur
340 2865 529 2930 aedificium
543 2863 625 2929 illud
641 2863 826 2930 haereticae
846 2863 1004 2949 perfidiae
1025 2861 1118 2928 brevi
1142 2864 1358 2930 collaberetur.

259 2963 355 3030 Unde
379 2985 463 3049 quae
492 2963 535 3028 ad
565 2961 741 3027 concilium
773 2961 983 3026 Ariminense
1015 2961 1181 3047 pertinent
1214 2963 1301 3028 haud
1322 2965 1358 3024 in·

258 3083 402 3148 congrue
434 3061 577 3146 adjicere
609 3062 775 3146 potuimus
807 3059 886 3124 huic
908 3059 1151 3137 Dissertationi,
1187 3057 1358 3148 inqendo

257 3159 435 3224 Ariouioma'
458 3158 657 3222 decrementis
681 3160 798 3244 agitur.
844 3157 915 3221 Nee
947 3159 1056 3222 minus
1079 3155 1212 3224 adhoc
1234 3156 1358 3245 permoti

258 3279 370 3322 sumus
393 3277 432 3321 ea
456 3266 592 3320 externe
615 3257 751 3339 ratione,
785 3254 873 3342 quod
903 3253 1114 3340 praecedenti
1138 3255 1357 3322 Dissertationi

257 3355 339 3420 haec
362 3377 428 3418 non
444 3355 527 3418 bene
541 3353 672 3418 adnecti
689 3363 830 3440 possent,
846 3375 948 3439 quum
963 3352 1089 3434 eadem,
1113 3361 1256 3420 mactato
1278 3373 1350 3441 quae

257 3455 362 3518 stione
385 3453 426 3516 de
449 3452 575 3516 Liberii
605 3451 709 3538 lapsu,
743 3453 778 3516 in
811 3472 845 3514 se
878 3461 962 3515 esset
994 3452 1072 3515 satis
1104 3449 1244 3520 definita
1272 3463 1359 3538 atque

257 3550 428 3638 complete.

345 3649 375 3714 2.
400 3649 546 3734 Agemus
586 3651 620 3712 in
654 3647 718 3712 hec
749 3647 989 3712 Dissertatione
1022 3643 1119 3712 simul
1154 3647 1196 3712 de
1233 3645 1359 3714 Coeia

259 3746 385 3813 OPtaoo
404 3747 510 3834 primo
527 3746 751 3834 (oecumenico
767 3744 935 3832 secundo),
952 3746 986 3809 in
1006 3765 1070 3830 quo
1085 3743 1274 3811 Maccdonii
1298 3745 1359 3809 hee

256 3847 336 3910 resis
359 3845 500 3931 Spiritus
524 3843 636 3909 Sancti
662 3843 869 3908 divinitatem
898 3863 1022 3928 negans
1055 3842 1275 3909 condemnata
1298 3843 1360 3908 init.

257 3943 419 4025 Quamvis
443 3943 530 4006 euim
554 3942 877 4007 Macedonieniemue
910 3941 952 4006 ab
982 3941 1170 4006 Arianismo
1193 3941 1360 4007 distinctus

255 4043 305 4122 sit,
343 4051 453 4104 tamen
490 4039 633 4104 haeresis
657 4039 711 4104 illo
736 4041 850 4104 intime
883 4061 959 4103 cum
981 4038 1181 4104 Arionorum
1203 4039 1378 4105 erroribnsl

255 4138 417 4217 cohaeret,
450 4137 493 4202 ed
516 4137 684 4202 historiam
719 4140 860 4223 pertinet
881 4137 1074 4220 Arianismi,
1099 4147 1132 4202 et
1163 4139 1233 4225 ejus
1266 4137 1358 4201 veluti

255 4235 398 4302 evolutio
430 4236 503 4302 fuit.
551 4236 648 4300 Unde
680 4235 723 4300 ad
758 4237 1010 4302 exstinctionem
1043 4235 1187 4302 haeresis
1219 4235 1358 4300 Amarae
