2902 4824
273 461 323 512 lte
513 461 553 514 De
571 461 647 516 Rom
665 462 743 516 Pont
762 463 863 518 mosali
879 463 959 532 primi
975 469 1005 517 et
1023 464 1140 519 mundi

270 622 310 664 ac
319 602 581 686 superbissimus,
597 606 642 668 ita
657 614 694 670 nt
707 604 771 669 sibi
786 626 906 670 nomen
921 606 1053 671 Domini
1075 629 1113 670 oe
1128 607 1191 672 Dei
1204 617 1391 691 arrogaret

270 699 457 766 Simulcnm
465 704 681 766 ostentatione
689 703 1392 790 cultnmnationslemRomancrnmpromo-

270 796 379 862 vebat.
425 799 622 884 Propagatio
646 801 747 883 igitur
762 798 1004 864 Christianismi
1029 803 1058 864 ei
1083 800 1300 867 vehementer
1324 801 1392 867 dis·

269 895 386 981 plicuit
417 918 454 962 so
487 897 541 960 vel
574 899 687 982 magis,
712 897 801 983 quod
833 919 876 961 ex
908 900 979 984 ipsa
1010 898 1137 962 familia
1170 899 1392 984 Imperatoris

269 992 378 1076 plures
407 991 486 1056 huic
517 995 668 1077 religioni
700 994 935 1060 adhaerebant.
991 995 1062 1061 Sibi
1096 997 1196 1060 etiam
1228 999 1391 1062 metuisse

268 1089 461 1175 perhibetur
484 1091 525 1156 de
555 1093 701 1156 adventu
726 1091 848 1157 Christi
878 1103 912 1156 et
939 1113 1041 1176 regno
1065 1095 1178 1178 ipsius,
1203 1095 1252 1158 uti
1278 1094 1392 1179 Hege-

268 1191 382 1274 sippus
405 1199 517 1252 narrat
540 1211 592 1275 ap.
616 1191 798 1254 Eusebium
831 1190 851 1256 l.
877 1211 905 1255 c.
929 1227 973 1238 -
996 1190 1051 1254 Ex
1074 1190 1268 1260 Flaviorum
1293 1193 1391 1256 lami·

267 1285 312 1350 lia
334 1285 445 1350 adhuc
469 1286 578 1372 plures
601 1287 657 1351 alii
670 1286 848 1352 Christiani
877 1288 1020 1368 fuerunt,
1043 1297 1143 1373 atque
1166 1290 1274 1372 ipsam
1290 1289 1390 1354 Pom-

268 1386 402 1469 poniam
426 1382 626 1448 Graecinum
652 1385 800 1470 ejusdem
823 1387 931 1468 gentis
954 1385 1064 1464 fuisse,
1088 1385 1222 1450 atinde
1245 1386 1289 1450 ab
1316 1388 1391 1470 ipsa

269 1478 557 1546 Christianismum
581 1484 616 1545 in
639 1504 679 1546 ea
702 1481 828 1546 familia
851 1481 990 1548 asseclas
1013 1481 1178 1560 habuisse,
1202 1503 1245 1546 ex
1270 1503 1389 1546 monu-

268 1581 387 1642 mentis
423 1581 630 1665 antiquitatis
668 1601 788 1663 magna
825 1601 901 1642 eum
939 1578 1170 1664 probabilitate
1207 1579 1389 1664 colligitur.

269 1676 340 1740 Imo
374 1679 444 1762 ipse
478 1676 630 1740 Clemens
653 1672 807 1740 Pontifex
839 1677 922 1740 forte
954 1697 997 1738 ex
1027 1674 1082 1738 illa
1114 1674 1241 1740 familia
1273 1675 1389 1742 fuiss)

268 1774 332 1839 Sed
357 1776 457 1838 etiam
487 1773 569 1838 alias
599 1775 634 1836 in
664 1772 807 1838 familias
837 1771 963 1838 nobiles
993 1794 1059 1838 non
1088 1793 1212 1857 pancas
1242 1795 1281 1836 eo
1307 1783 1387 1838 tem·

267 1893 345 1956 pore
378 1871 558 1935 christiana
589 1869 704 1953 religio
732 1871 804 1955 jam
837 1879 1077 1954 penetraverat.
1131 1868 1172 1932 Id
1203 1870 1389 1936 ostendunt

267 1968 441 2055 sepulchra
464 1968 552 2034 illins
575 1969 702 2048 aetatis,
719 1987 803 2051 quae
817 1969 853 2030 in
868 1969 1072 2031 coemeteriis
1095 1989 1153 2030 seu
1177 1967 1389 2032 catacumbis

267 2067 299 2131 S.
324 2065 473 2130 Lucinae
505 2075 537 2129 et
560 2065 593 2131 S.
619 2063 744 2128 Callisti
774 2065 939 2128 recentius
971 2066 1107 2128 inventa
1137 2064 1283 2130 fuerunt.
1333 2066 1388 2130 Ex

267 2162 317 2226 his
350 2163 438 2226 enim
472 2160 645 2245 colligitur,
679 2164 714 2226 in
746 2161 880 2226 familiis
914 2162 1046 2240 Octavii,
1074 2158 1215 2246 Caecilii,
1240 2162 1387 2238 Aeosllic',

266 2259 450 2336 Aemiliani,
462 2257 667 2323 Chritianos
689 2259 809 2340 fuisse;
836 2261 921 2324 inter
943 2269 1089 2344 posteros
1111 2280 1242 2344 quoquc
1266 2260 1385 2326 Attici.

267 2354 435 2421 Ciceronis
455 2356 564 2437 amici,
579 2365 611 2420 et
625 2356 733 2420 Asinii
749 2355 907 2421 Pollionis
918 2355 1096 2420 Christiani
1121 2365 1223 2420 erant
1248 2394 1292 2404 ——
1320 2357 1385 2422 Do·

266 2453 431 2534 mitianus,
451 2453 549 2538 juxta
573 2453 754 2538 Hegesippi
777 2453 969 2518 relationem
992 2453 1082 2537 apud
1095 2452 1281 2518 Eusebium
1306 2454 1328 2520 l.
1345 2477 1384 2534 c.,

265 2551 404 2615 Romam
438 2550 559 2614 deduci
598 2551 677 2614 fecit
708 2572 750 2614 ex
788 2551 919 2616 iudaea
949 2549 1092 2636 reliquos
1121 2550 1282 2635 quosdam
1317 2552 1384 2616 Da-

267 2647 353 2712 vidis
377 2655 521 2733 posteros
549 2657 582 2712 et
612 2646 733 2712 Christi
763 2659 931 2732 cognatos,
966 2656 1115 2714 metuens
1139 2669 1181 2712 ex
1204 2649 1286 2733 ipsis
1324 2651 1383 2714 im·

265 2748 355 2832 perio
379 2767 453 2827 suo;
491 2767 594 2830 quum
626 2767 704 2810 vero
739 2748 957 2830 comperisset,
991 2767 1045 2809 eos
1068 2766 1229 2831 pauperes
1253 2767 1326 2812 esse
1352 2757 1383 2810 et

264 2843 375 2908 labore
390 2865 547 2908 manuum
572 2845 697 2906 vietum
717 2842 780 2908 sibi
796 2865 922 2928 parare,
938 2864 1105 2929 quumque
1130 2864 1250 2908 manus
1265 2865 1381 2910 eornm

264 2941 400 3006 callosas
423 2942 656 3026 conspexisset,
680 2959 736 3004 eos
759 2940 894 3005 dimisit.

352 3039 404 3104 25.
429 3039 567 3124 Scripsit
599 3037 762 3118 Clemens,
796 3040 843 3102 uti
862 3039 934 3124 jam
965 3039 1120 3117 diximus,
1145 3039 1312 3122 epistelam
1337 3041 1383 3104 ad

266 3135 443 3202 Corinthios
466 3137 563 3200 valde
588 3137 759 3216 celebrem,
784 3135 825 3202 de
849 3138 942 3221 cujus
965 3137 1169 3220 genuinitate
1193 3157 1260 3202 non
1284 3137 1380 3202 dubi·

262 3245 359 3300 tatur.
406 3236 525 3300 Exstat
549 3237 647 3299 etiam
671 3233 773 3298 altera
796 3233 933 3319 epistola
956 3234 1028 3318 ejus
1050 3234 1093 3298 ad
1113 3233 1302 3299 Corinthios
1325 3235 1380 3300 vel

262 3336 370 3419 potius
394 3332 539 3411 homilia,
565 3342 597 3396 et
620 3332 705 3396 duae
736 3330 892 3416 epistolae
925 3332 968 3396 ad
991 3332 1108 3396 fratres
1131 3341 1164 3396 et
1186 3353 1313 3396 sorores
1338 3332 1381 3396 da

262 3430 359 3494 laude
383 3432 592 3513 virginitatis.
618 3430 748 3514 Scripta
772 3429 855 3492 haec
869 3451 911 3493 an
935 3431 1081 3513 genuina
1103 3431 1169 3494 sint
1191 3439 1380 3494 controver-

261 3531 357 3611 titur3
389 3529 616 3615 quaestionem
646 3525 835 3613 expendere
865 3527 960 3592 nobis
990 3549 1056 3591 non
1080 3525 1219 3612 vacat.²)
1243 3563 1287 3574 --
1311 3527 1380 3594 Sed

337 3735 354 3800 ¹)
374 3731 429 3787 Cir.
449 3731 489 3786 De
507 3730 585 3784 Rossi
603 3729 700 3784 Bollet
711 3729 762 3784 HL
782 3746 806 3796 p.
828 3731 868 3782 17.
884 3759 917 3768 -
928 3728 1052 3782 Habebat
1062 3727 1244 3796 Vespasianus
1263 3731 1378 3786 fratrem

261 3808 675 3876 u1.Ssninum,otqueintoc
703 3825 777 3862 ramo
797 3809 916 3864 familiae
935 3808 1090 3864 Flauiorum
1117 3807 1260 3875 praecipue
1279 3810 1377 3878 religio

261 3889 487 3944 christianarum
506 3889 621 3944 asseclas
641 3887 753 3942 invenit.

335 3971 356 4035 ²)
375 3969 459 4024 Plura
473 3969 535 4024 vide
553 3967 687 4036 epanlr,
700 3967 791 4034 Opera
811 3970 927 4022 Petrum
945 3969 1170 4035 Apostolicorum,
1181 3965 1377 4036 holegomsna

261 4047 289 4101 in
308 4046 435 4114 epistolas
454 4047 598 4102 Clementis
617 4047 739 4102 Romani.
760 4077 790 4086 -
811 4047 950 4114 Epistolae
969 4047 1047 4101 binae
1064 4045 1210 4104 Clementia
1229 4047 1264 4104 od
1283 4047 1375 4104 Corin·

262 4125 332 4181 tbios
357 4127 487 4196 vulgatae
509 4133 589 4182 arant
614 4142 647 4182 ex
673 4127 768 4181 Codice
793 4124 990 4194 Alexandriam
1025 4126 1070 4182 ssd
1098 4125 1126 4180 in
1151 4125 1239 4196 pnma
1264 4127 1376 4189 lacunas

261 4205 390 4272 quaedam
407 4204 582 4272 habebantur,
608 4207 719 4260 alterius
745 4209 853 4259 tantum
875 4205 1030 4274 fragmenta
1060 4204 1211 4260 exstabant.
1257 4207 1374 4276 ,Nuper
