2790 4812
385 467 548 524 Convocatio
566 470 680 526 Concilii
698 471 818 527 Nicaeni.
1106 475 1159 526 423

63 611 205 695 &prodam
236 613 476 700 cosspropahaat,
504 637 566 698 per
599 637 692 699 qaam
724 616 797 700 ipsa
825 617 967 680 Trinitas
1000 628 1064 680 tom
1082 619 1161 701 fidei

61 707 214 784 mahalom
244 708 388 792 dictaeis,
420 734 570 797 quamque
605 712 755 776 aduam
778 713 972 778 Asianorum
1002 716 1160 780 malitiam

62 809 229 873 canaam
247 810 471 897 promulgavit.
487 845 530 854 -
550 808 624 872 Hoc
640 831 717 873 vero
732 812 956 874 testimonium
973 834 1011 875 eo
1026 813 1159 898 majoris

62 907 201 970 momenti
239 918 307 990 est,
346 905 434 994 qnod
472 904 658 970 Concilium
691 929 817 972 oscum.
846 908 895 972 VI
925 930 968 972 ex
997 911 1159 996 episcopis
1207 995 1212 1002 .

62 999 190 1068 Orientis
213 1015 388 1072 censurat.
411 1041 456 1052 --
478 1003 519 1068 In
535 1002 683 1068 Concilio
701 1003 962 1070 Chalcedonensi
977 1008 1159 1074 retulerunt

61 1097 143 1182 legati
175 1103 209 1168 S.
242 1105 365 1168 Leonis
397 1110 607 1189 praeceptum
641 1101 787 1186 ejusdem
811 1101 991 1186 Pontificis,
1016 1109 1159 1172 vetantis

61 1219 93 1260 no
112 1199 288 1266 Dioscorus
321 1200 449 1265 sederet
480 1200 515 1264 in
540 1197 687 1263 Concilio
721 1221 796 1263 cum
825 1202 962 1265 caeteris
986 1206 1160 1290 episcopis.

61 1293 94 1358 Et
113 1297 303 1383 interrogati
327 1299 369 1364 de
393 1320 492 1362 causa
515 1295 615 1382 hujus
638 1299 815 1382 praecepti,
839 1298 1010 1382 rospondit
1032 1301 1158 1366 Lucen-

60 1394 112 1456 tius
134 1395 286 1462 Vicarius
309 1396 404 1462 Sedis
419 1392 648 1480 Apostolicae:
678 1395 804 1459 ludicii
818 1398 868 1459 sai
880 1419 1001 1460 necesse
1023 1409 1069 1462 est
1092 1423 1159 1463 eam

59 1491 124 1554 dore
151 1496 318 1574 rationari,
347 1495 423 1579 qaia
455 1515 523 1556 cam
548 1515 719 1577 porsonam
734 1493 909 1580 judicandi
939 1498 1158 1576 mechabaal,

56 1593 263 1676 presumpsit,
298 1602 328 1655 et
351 1589 512 1677 Synorm
543 1611 638 1652 auare
670 1600 716 1652 est
730 1589 843 1674 facere
874 1592 941 1655 siae
973 1598 1159 1660 anctoritate

61 1685 138 1750 Sedis
167 1687 382 1773 Apostolicae,
417 1686 500 1772 qnod
530 1708 690 1770 nonquam
722 1685 820 1768 licerit,
854 1711 1013 1774 nonquam
1033 1693 1160 1777 saetam

59 1787 128 1864 αν).
150 1785 245 1848 Haec
269 1785 373 1850 verba
395 1783 509 1848 saltem
534 1780 747 1846 vehementer
770 1785 950 1867 insinuant,
973 1788 1158 1869 generalem

59 1901 89 1942 eo
109 1891 253 1968 tempore
276 1883 378 1946 luisse
392 1882 647 1967 persuasionem,
664 1878 851 1945 Concilium
860 1881 1045 1946 Nicaenum
1068 1884 1157 1948 haud

59 1978 117 2042 sine
149 1982 345 2045 auctoritate
371 1979 411 2045 R
439 1977 610 2042 Pontificis
647 1987 865 2042 convocatum
902 1980 1019 2063 fuisse3
1065 2003 1159 2046 aecus

60 2077 133 2141 euim
155 2099 267 2142 coram
290 2075 515 2144 Orientalibus
542 2098 608 2139 non
632 2083 724 2140 tanta
761 2097 837 2138 cum
860 2075 983 2141 fiducia
1007 2078 1159 2143 Vicarius

60 2171 153 2257 Papae
165 2177 215 2239 sic
230 2175 359 2239 locutus
380 2175 504 2238 luisset
524 2211 568 2222 ·-
587 2172 727 2236 Rufinus
737 2173 780 2237 H.
790 2172 830 2239 E.
840 2172 861 2239 l.
881 2174 909 2240 l.
925 2196 953 2240 c.
971 2176 987 2239 1
1012 2185 1158 2259 testatur,

62 2267 231 2336 Concilium
268 2273 454 2336 Nicacnum
490 2292 557 2335 non
593 2271 657 2333 nisi
694 2294 734 2333 ea
772 2271 968 2335 saaraoam
1005 2277 1160 2339 sententia

60 2367 144 2432 luisse
175 2379 407 2434 convocatum.
466 2370 552 2448 Tam,
586 2369 704 2453 inquit,
736 2367 791 2430 ille
824 2366 1087 2458 (Constantinus)
1120 2395 1160 2436 aa

60 2467 240 2532 ammam
261 2469 419 2532 semotio
450 2465 538 2552 apud
567 2465 674 2528 arbem
706 2466 862 2530 Nicaeam
890 2469 1067 2554 episcopale
1091 2493 1159 2534 coa-

60 2562 149 2626 siliom
170 2576 329 2630 waoocat.
371 2564 426 2628 Ex
449 2565 521 2648 ipsa
543 2571 661 2626 natura
683 2563 731 2625 rei
755 2572 788 2625 et
810 2585 852 2626 ex
875 2564 985 2629 indole
1003 2565 1159 2631 Constan-

61 2660 108 2722 tini
133 2660 194 2726 hoc
225 2685 285 2747 per
314 2683 348 2726 se
377 2659 631 2746 supponendum
661 2669 719 2741 est,
750 2661 839 2744 quod
863 2661 982 2726 diserte
1013 2663 1068 2726 hic
1095 2665 1158 2728 Ru·

60 2755 131 2822 tinus
150 2761 278 2824 asserit.
323 2758 401 2824 Jam
426 2779 503 2822 vero
527 2758 613 2822 inter
644 2756 716 2820 illos
740 2759 916 2824 sacerdotes
938 2781 1014 2824 curn
1038 2761 1158 2846 quibus

60 2850 111 2918 hac
130 2857 170 2920 de
193 2879 230 2920 re
253 2858 321 2942 egit
342 2855 589 2936 Constantinus,
614 2853 704 2919 haud
728 2855 867 2920 dubium
891 2856 1032 2940 videtur,
1057 2859 1158 2922 fuisse

60 2953 142 3017 ctiam
173 2955 361 3019 Romanum
383 2954 597 3040 Episcopum.
644 2953 777 3038 Optime
809 2953 934 3018 sciebat
964 2955 1157 3041 Imperator,

60 3051 185 3130 primmn
208 3052 318 3116 locum
341 3053 376 3116 in
399 3049 550 3116 Ecclesia
573 3049 663 3114 hunc
685 3051 879 3116 Pontificem
903 3052 1035 3135 habere,
1059 3062 1158 3138 atque

60 3148 143 3212 etism
165 3151 338 3214 occasione
361 3148 492 3214 illorum
517 3147 740 3230 conciliorum,
768 3171 854 3234 quae
876 3150 1000 3215 Romae
1024 3160 1057 3214 et
1079 3149 1157 3214 Are-

60 3239 111 3308 btc
131 3247 164 3310 in
188 3268 288 3310 causa
310 3247 561 3311 Donatistarum
586 3244 750 3310 celebrata
777 3245 917 3328 fuerant,
942 3270 1017 3312 cum
1041 3248 1156 3312 eodem

59 3336 227 3426 Imperator
241 3353 361 3427 egerat.
370 3379 414 3390 -—
425 3342 658 3428 Opportunum
673 3344 773 3406 etiam
783 3351 832 3406 est
846 3354 969 3426 notare,
987 3347 1157 3431 episcopos

61 3434 118 3501 illos
147 3444 204 3526 qui
238 3441 454 3506 Constantino
481 3431 721 3504 ‘consuluerunt
753 3448 790 3502 ut
820 3441 992 3524 Synodum
1025 3465 1157 3528 congre·

60 3549 145 3619 geret,
167 3537 260 3602 haud
282 3539 392 3620 fuisse,
415 3545 576 3622 quantum
591 3538 755 3622 conjicere
768 3558 950 3622 possumus,
975 3541 1156 3604 Eusebium

49 3629 330 3702 ·b'icomediensem
354 3636 490 3721 ejusque
522 3635 656 3698 amicos.
702 3634 748 3698 Hi
781 3637 870 3700 enim
902 3635 949 3700 nil
979 3637 1067 3724 quod
1090 3647 1157 3702 ten·

61 3727 164 3797 dentiis
186 3735 255 3798 suis
279 3733 406 3798 faveret
429 3754 472 3796 ex
496 3730 643 3796 Concilio
669 3742 859 3817 exspectare
883 3742 1042 3819 poterant.
1067 3735 1157 3800 Hinc

62 3827 196 3914 colligere
218 3830 307 3912 licet,
331 3832 436 3914 egisse
461 3827 714 3894 Constantinum
745 3830 808 3894 ista
831 3831 872 3894 de
896 3854 930 3896 re
955 3854 1030 3896 cum
1053 3833 1156 3898 Hosio

62 3929 263 4013 stepiscopis
280 3929 534 4013 praecipuarum
555 3925 698 4007 sedium,
718 3927 867 4014 adeoque
880 3931 1058 4016 praecipue
1081 3953 1156 3995 cum

62 4017 205 4112 Episcopo
229 4025 387 4090 Romano.

62 4161 253 4178 ᾖ...

121 4228 141 4293 ¹)
157 4227 235 4284 Cous.
255 4225 377 4282 cunae
396 4227 456 4282 Act.
477 4227 501 4281 1.
