2876 4814
440 504 483 560 An
496 499 665 574 mppolyan
682 507 783 560 metor.
1119 503 1173 560 24⁷

79 649 175 732 potuit,
207 655 244 712 ut
276 649 437 712 memoria
468 649 573 734 ipsius
609 649 708 714 simul
740 671 816 714 cnm
843 649 1002 714 memoria
1034 649 1067 716 S.
1090 651 1173 714 Pon-

78 749 144 810 tiani
165 745 396 828 celebraretur,
426 749 505 833 quia
534 745 713 832 aliquando
743 748 840 812 simul
864 747 1060 812 inexilium
1084 750 1173 812 missi

78 855 163 910 eant
186 844 299 926 Vides,
325 843 626 932 conjocunaselidi
650 867 744 930 posse
768 846 965 931 conjecturis
987 845 1061 910 aliis
1074 846 1174 909 etiam

78 941 345 1026 probabilioribus.

149 1039 199 1105 86.
222 1039 342 1126 Neque
374 1039 516 1104 solidum
548 1049 780 1124 argumentum
813 1040 962 1127 depromi
994 1049 1101 1127 potest
1132 1062 1174 1105 ex

79 1159 240 1202 marmoreo
274 1137 452 1224 Hippolyti
485 1139 591 1222 signo,
624 1138 713 1224 quod
736 1159 821 1203 saec.
845 1139 929 1204 XVI
952 1141 986 1202 in
1009 1161 1089 1223 agro
1112 1138 1174 1202 Ve-

79 1257 143 1298 nno
172 1257 237 1302 non
272 1238 320 1300 ita
354 1235 468 1321 procul
500 1235 543 1300 ab
567 1235 741 1322 Hippolyti
765 1236 905 1300 Romani
929 1246 1045 1322 crypta
1069 1236 1175 1301 detec·
1258 1297 1260 1300 .

79 1344 133 1396 tum
154 1343 210 1413 est,
235 1355 300 1398 neo
323 1354 367 1396 ex
391 1333 663 1418 inscriptionibus
686 1333 767 1419 ejus.
790 1332 1000 1415 Prudentius,
1024 1335 1082 1419 qui
1105 1335 1175 1398 uni·

79 1451 191 1496 versum
205 1441 509 1516 cryptaeornatum
518 1441 673 1496 accurate
687 1430 858 1512 describit,
873 1430 998 1496 nullum
1008 1430 1175 1496 simulacri

79 1531 260 1596 mentionem
284 1529 378 1594 facit
423 1528 457 1594 S.
477 1528 703 1613 Hieronymus
724 1537 845 1608 autem,
869 1530 927 1614 qui
950 1529 1031 1594 dum
1053 1531 1177 1615 scripta

79 1625 105 1692 S.
132 1626 304 1714 Hippolyti
340 1635 594 1708 commemorat,
619 1647 755 1692 censum
787 1625 924 1691 exhibet
955 1628 1125 1694 diversum
1157 1649 1177 1692 a

80 1725 207 1810 catalogo
240 1735 374 1790 statuae
398 1726 518 1806 inciso,
542 1724 597 1788 vel
621 1735 762 1789 statuam
792 1747 858 1788 non
882 1725 977 1806 vidit,
1000 1726 1064 1808 vel,
1088 1724 1177 1810 quod

80 1825 170 1887 minus
201 1821 377 1910 probabile
409 1829 471 1903 eat,
505 1843 581 1886 eum
613 1821 799 1906 catalogum
831 1820 921 1887 haud
944 1825 1056 1906 magni
1088 1823 1177 1886 fecit

81 1919 173 2000 Quare
195 1923 314 1986 merito
348 1921 562 2005 supponitur,
587 1919 718 1984 saeculo
742 1929 857 2005 quarto
882 1919 963 1986 illud
987 1942 1178 1986 monumen-

81 2029 136 2082 tum
153 2041 189 2084 eo
211 2021 246 2084 in
270 2019 345 2084 loco
369 2037 437 2082 non
460 2018 638 2084 exstitisse.
662 2055 700 2066 -
729 2017 904 2082 Praeterea
927 2018 969 2082 de
983 2020 1178 2104 antiquitate

81 2127 107 2178 et
125 2117 227 2182 indole
250 2117 342 2182 illius
366 2125 494 2182 statuae
509 2117 646 2202 ejusque
661 2117 885 2201 inscriptionis
908 2117 1080 2202 opiniones
1103 2125 1180 2182 sunt

82 2214 239 2280 admodum
262 2213 428 2280 diversae.
474 2212 632 2278 Nonnulli
661 2234 737 2277 cum
762 2213 1023 2280 Winckelmann
1045 2215 1088 2279 ad
1112 2237 1179 2280 sae-

83 2313 174 2378 culum
186 2315 321 2378 tertium
336 2329 453 2376 revera
466 2309 648 2375 retulerunt
664 2309 746 2374 illud
760 2310 983 2395 simulacrum,
1000 2311 1102 2400 (quod
1126 2335 1179 2399 po-

83 2411 188 2476 tissima
231 2410 448 2494 caeteroquin
494 2418 588 2494 parte
633 2397 718 2472 saec.
756 2407 840 2472 XVI
879 2411 1065 2476 restitutum
1103 2411 1179 2499 est);

84 2507 129 2572 alii
154 2531 224 2574 cum
258 2507 483 2592 d'Agincourt
512 2506 555 2570 ad
585 2505 752 2572 saeculum
776 2515 945 2591 quartum.
992 2509 1057 2576 Sed
1081 2513 1181 2576 etiam

85 2609 130 2690 qui
142 2617 270 2674 oemunt
284 2605 364 2672 'esse
378 2613 629 2670 monumentum
645 2603 768 2668 saeculi
783 2605 871 2668 tertii
886 2626 953 2670 nou
968 2610 1180 2690 conveniunt,

86 2715 176 2770 utrum
198 2706 276 2771 inde
303 2704 346 2770 ab
370 2705 465 2768 initio
488 2703 591 2768 fuerit
612 2701 786 2788 Hippolyti
810 2711 929 2766 statua.
956 2702 1091 2768 Etenim
1114 2727 1181 2771 non

87 2801 185 2868 desunt
205 2806 262 2892 qui
287 2803 490 2884 existimant,
514 2801 617 2864 fuisse
645 2799 858 2864 simulacrum
881 2798 1021 2886 alicujus
1044 2800 1182 2866 rhetoris

86 2900 121 2962 ab
147 2902 266 2968 mdlice
300 2897 416 2984 gentili
449 2898 648 2980 confectum,
681 2898 760 2962 dein
792 2919 869 2962 vero
902 2899 938 2962 in
970 2899 1183 2964 simulacrum

89 2997 250 3086 Hippolyti,
261 2999 387 3066 additis
400 2995 673 3082 inscriptionibus
686 2994 927 3082 adaptamm.¹)
954 2997 1074 3062 Utrum
1088 3017 1184 3083 porro

89 3097 189 3178 privati
221 3097 368 3162 bominis
397 3093 544 3177 arbitrio,
578 3115 622 3160 an
643 3095 753 3179 potius
776 3091 934 3158 ecclesiae
957 3104 1051 3176 nutu,
1075 3103 1184 3158 utrum

89 3193 123 3256 sd
147 3196 311 3280 privatum
342 3215 448 3274 usum,
479 3214 523 3256 an
546 3211 625 3256 vero
649 3191 693 3256 ad
715 3189 886 3276 publicum
918 3191 1018 3256 fuerit
1039 3201 1184 3258 erectum

91 3289 134 3354 vel
152 3295 369 3374 immutatum,
393 3289 491 3377 plane
514 3291 677 3354 incertum
702 3299 759 3354 est.
788 3325 832 3336 -
862 3288 914 3352 Ite
938 3309 980 3351 ex
1003 3288 1066 3354 hoc
1088 3293 1186 3354 simu·

91 3385 164 3454 bero
183 3393 217 3456 in
250 3413 286 3456 se
319 3398 474 3475 spectato,
506 3389 617 3454 nescio
647 3387 729 3473 quid
758 3386 867 3471 colligi
898 3388 1010 3472 possit.
1061 3387 1118 3453 Ad
1140 3390 1187 3452 in-

91 3482 230 3572 tcriptnm
251 3509 333 3552 vero
357 3487 543 3571 catalogum
576 3494 610 3550 et
633 3484 764 3571 cyclum
787 3483 981 3550 Paschalem
1005 3486 1093 3572 quod
1116 3487 1187 3550 atti-

92 3593 147 3666 net,
167 3589 298 3654 omnino
322 3586 588 3666 controvertitur,
609 3606 674 3669 quo
689 3592 837 3669 tempore
860 3585 913 3648 isti
937 3585 1088 3669 inscripti
1112 3585 1187 3650 sint.

93 3681 246 3752 bruellini
269 3707 328 3772 pro
353 3693 442 3748 certo
465 3682 576 3764 habet,
611 3683 860 3767 inscriptionem
884 3691 991 3746 aetate
1014 3681 1188 3767 Hippolyti

94 3799 151 3844 esse
170 3785 390 3869 posteriorem.
437 3781 473 3848 Si
497 3779 655 3846 videlicet
671 3781 743 3865 jam
766 3788 913 3865 tempore
936 3777 1110 3864 Hippolyti
1135 3778 1189 3843 ba·

95 3876 129 3939 tit
148 3878 190 3945 illi
211 3881 418 3966 inscriptioni
442 3887 557 3964 parata
580 3877 705 3958 fuisset,
734 3897 810 3941 cum
834 3877 949 3940 ordine
973 3887 1006 3940 et
1028 3878 1191 3941 concinna

98 4003 242 4114 ultili.
261 4047 378 4111 Schrbdl,
406 4045 500 4101 Gescb
529 4045 554 4098 d.
579 4043 680 4112 Ptpste
708 4050 758 4098 etc.
787 4061 811 4112 p.
840 4045 901 4098 221.
930 4043 1058 4111 eremvis
1083 4043 1191 4098 Schrbdl

97 4121 227 4181 subsuibat
244 4127 350 4182 omnino
368 4126 522 4182 sentcntiae
541 4141 610 4192 quae
637 4129 721 4188 tenet,
740 4125 765 4178 S.
785 4124 962 4193 Hippolytum
981 4139 1038 4178 mse
1056 4129 1193 4179 auctorem

99 4197 359 4274 Philosopboumeuom
387 4207 437 4260 boc
458 4205 630 4260 simulacrum
654 4211 744 4258 tamen
772 4205 918 4270 existimat,
937 4203 1017 4258 initio
1037 4219 1090 4258 non
1109 4203 1193 4258 fuisse

99 4285 201 4340 “m
217 4287 365 4356 1¹³an
