2936 4814
415 485 506 543 amu
522 487 641 555 positive
658 486 855 555 expendsmtur.
1156 481 1190 546 dl

96 650 211 692 nanum
234 631 390 712 gessisset
412 634 647 717 episcopatum.
683 631 749 696 Sed
772 629 937 694 nubecula
960 629 1043 694 haec
1057 650 1190 694 evanes-

93 729 129 788 cit
149 723 250 811 plene,
274 731 302 792 si
328 739 518 793 contextum
542 728 695 794 attendis.
741 727 865 794 Paulus
891 728 1036 814 loquitur
1059 729 1093 792 in
1117 747 1189 790 oon·

93 835 170 888 textu
192 823 233 888 da
256 827 308 906 iis,
341 829 397 912 qui
422 847 532 891 coram
556 829 626 912 ipso
650 837 752 909 erant,
785 829 816 892 ei
847 825 1078 892 ministrabant
1100 835 1133 889 et
1156 825 1190 888 in

93 924 205 1004 negotio
227 922 399 1008 religionis
422 923 619 988 christianae
642 925 876 1010 propagandae
898 921 1106 988 assistebant.
1136 920 1190 986 Ex

93 1015 142 1098 his,
171 1019 285 1104 inquit,
321 1043 357 1086 ee
389 1021 473 1086 velie
506 1023 635 1086 mittere
658 1021 879 1108 Timotheum,
913 1043 951 1086 eo
975 1018 1064 1108 quod
1087 1018 1189 1084 alium

92 1137 145 1178 uon
166 1114 295 1198 habeat,
320 1121 379 1205 qui
409 1119 491 1184 adeo
522 1118 563 1183 de
596 1121 675 1205 ipsis
699 1119 856 1186 sollicitus
880 1122 932 1186 sit.
978 1117 1075 1184 Tunc
1096 1115 1191 1180 addit

90 1233 153 1275 cum
183 1214 328 1298 quadam
361 1216 624 1302 reprehensione,
657 1239 743 1304 quae
775 1227 886 1284 tamen
918 1237 985 1282 non
1017 1214 1117 1278 nimis
1139 1234 1189 1276 ur·

89 1309 182 1387 geuda
209 1323 268 1394 ast,
299 1313 406 1378 verba
429 1313 485 1380 illa
509 1316 618 1380 citata.
664 1315 718 1380 En
741 1326 828 1381 totus
852 1323 1041 1382 oontextus:
1089 1309 1188 1398 Spero

90 1417 177 1470 uatem
197 1411 232 1474 iu
254 1411 396 1476 Domino
419 1411 508 1490 Jeau,
538 1411 728 1478 Timosteum
755 1436 802 1478 mo
830 1416 891 1479 oito
914 1415 1035 1478 mittere
1058 1411 1102 1478 ad
1124 1433 1187 1487 oos,

90 1515 117 1568 ut
143 1517 170 1570 et
198 1531 252 1594 epo
286 1509 370 1574 tow
402 1511 508 1574 auimo
540 1511 608 1587 dm,
641 1512 774 1596 oopaitia
806 1533 885 1598 quae
912 1512 997 1576 oiroa
1028 1532 1083 1574 uos
1106 1519 1187 1572 atat.

90 1600 237 1668 Neminem
259 1609 346 1671 onim
368 1606 463 1672 habeo
495 1619 559 1672 tum
580 1610 769 1686 unanimem,
802 1609 857 1694 qui
879 1609 1001 1672 ainwa
1025 1605 1188 1693 affectione

87 1721 135 1781 pro
155 1700 238 1767 uobis
260 1703 420 1770 sollicitus
451 1707 502 1769 eit.
554 1705 667 1770 Omnes
697 1708 780 1770 euim
812 1727 891 1792 quae
921 1729 979 1772 sua
1002 1715 1075 1768 utut
1097 1725 1187 1789 qaae·

89 1807 157 1874 runt,
178 1821 241 1864 nou
263 1825 346 1888 quoe
371 1813 443 1866 suat
464 1802 546 1868 Jesu
562 1799 687 1868 &erista
718 1803 975 1890 Enpetimeatum
998 1813 1100 1866 uatem
1123 1805 1190 1890 ejus

88 1897 241 1978 mnata
265 1896 469 1980 (γινώσκετε),
499 1903 575 1986 quia
598 1903 679 1965 siout
705 1903 796 1988 patri
809 1899 902 1985 filius
924 1921 1041 1964 meeum
1062 1898 1190 1964 emutuit

88 1989 115 2052 t.
134 1991 313 2082 anapele‘o.
365 1995 454 2076 Quid
476 1996 560 2062 haee
590 1998 635 2064 ad
657 1999 696 2064 B.
719 1995 877 2064 Petu-um?
908 1995 1081 2083 Numquid
1104 1997 1190 2060 intes·

88 2107 133 2150 eos
152 2093 379 2160 accensendus
411 2103 490 2177 erat,
515 2115 598 2180 quos
619 2095 743 2162 Paulus
769 2093 942 2182 Philippos
974 2096 1102 2160 mittero
1134 2114 1188 2180 po·

88 2185 238 2274 tuiuetv)

161 2285 211 2350 64.
234 2288 356 2376 Neque
385 2289 511 2376 aliquid
541 2290 679 2356 extundi
708 2299 816 2378 potest
845 2313 887 2356 ex
910 2291 1022 2356 verbis
1043 2288 1079 2356 Π
1101 2288 1187 2356 Tim.

87 2379 173 2448 4,16:
196 2384 235 2448 lu
251 2388 367 2472 prima
389 2409 458 2454 mea
480 2387 662 2475 &seram
680 2411 769 2454 aomo
778 2389 855 2454 eadsi
877 2387 981 2476 affuit,
1006 2388 1061 2454 eod
1084 2409 1189 2454 omues

88 2497 124 2537 ue
151 2479 403 2570 dereliquesuot:
433 2508 498 2550 uma
527 2485 597 2551 utu
625 2489 803 2573 imputeter.
849 2487 967 2552 Petrus
991 2489 1061 2572 ipse
1083 2505 1188 2570 perse·

87 2576 202 2642 eudone
233 2581 291 2648 illa
325 2581 562 2666 afflictabatur,
596 2593 683 2649 eerte
715 2583 757 2650 de
789 2587 860 2670 ipso
892 2583 982 2650 nullo
1012 2583 1109 2650 modo
1132 2579 1188 2646 hio

87 2673 189 2752 agitur.
232 2677 304 2745 Sed
327 2679 438 2764 agites
460 2680 502 2746 de
524 2679 599 2746 eliis
627 2681 875 2768 potentioribus,
900 2684 956 2768 qui
980 2684 1043 2768 ipsi
1076 2700 1186 2746 eoram

83 2765 235 2848 judicibus
259 2787 299 2842 ut
321 2785 420 2842 testes
442 2777 544 2843 Paulo
568 2779 722 2865 prodesse
749 2781 940 2866 peusissent,
964 2787 998 2844 at
1020 2787 1110 2844 metu
1134 2777 1187 2843 de·

87 2869 175 2933 territi
197 2870 289 2940 haud
314 2895 373 2960 pro
397 2875 524 2942 viribus
547 2878 578 2940 ei
601 2876 749 2944 ederunt.
781 2877 859 2944 Huo
881 2879 1024 2965 pertinet
1046 2875 1186 2942 verbum

86 2965 372 3054 συμπαραγίγνομαι
402 2973 554 3060 (adesse),
586 2975 675 3060 quod
698 2975 838 3042 verbum
860 2974 1051 3042 techuioum
1080 2974 1186 3038 estin

87 3081 114 3122 re
129 3063 315 3146 judiciaria.
361 3069 479 3134 Adesse
503 3071 652 3136 dictentur
681 3074 776 3139 omisi
803 3084 859 3138 aut
882 3072 1029 3138 doooati
1056 3072 1092 3136 iu
1106 3069 1185 3156 foro

84 3161 335 3244 aestimantes,
360 3165 495 3253 (Donat.
519 3169 563 3234 ad
585 3168 732 3256 Terent.)

161 3257 211 3324 65.
234 3261 394 3348 Superest
415 3272 525 3330 textus
548 3265 622 3332 Aet.
638 3266 752 3352 Apoet.
777 3267 885 3350 2832,
909 3266 967 3334 ubi
980 3265 1185 3334 Judaeorum

86 3353 169 3432 primi
191 3357 317 3425 Romae
340 3384 361 3425 a
382 3361 484 3428 Paulo
517 3365 690 3429 oonvooati
723 3364 838 3430 dieunt
861 3364 970 3451 quoad
992 3363 1185 3448 religionem

87 3447 312 3522 Christianam:
336 3459 495 3544 Ropamue
519 3473 622 3526 motem
640 3487 661 3526 a
685 3473 714 3527 te
737 3462 848 3528 audire
871 3486 950 3550 puae
974 3463 1089 3528 aeona:
1110 3483 1185 3526 nom

85 3545 117 3606 te
136 3563 214 3616 oua
236 3555 295 3620 tae
317 3565 426 3620 mam
448 3567 494 3622 oet
521 3558 622 3637 eoois,
653 3561 729 3646 quta
750 3559 863 3646 etipse
893 3561 924 3627 ot
946 3557 1182 3626 manumet«.

87 3677 121 3748 ᾖ
150 3646 183 3714 Si
212 3651 341 3734 Petrus,
375 3654 529 3740 inquiunt
559 3653 752 3740 adversarii,
783 3655 908 3722 Romae
939 3655 1055 3722 fuisset
1085 3663 1184 3742 atque

88 3737 194 3846 ibidem
216 3747 391 3814 eeclesiam
421 3749 601 3834 fundasset,
635 3775 713 3820 sane
745 3755 860 3840 primis
881 3752 1021 3821 Judaeis
1047 3773 1114 3818 non
1137 3753 1183 3818 ita

87 3852 183 3918 tguota
204 3843 320 3910 fuisset
342 3845 522 3912 obiistiana
545 3848 670 3935 religio,
701 3852 749 3916 uti
772 3871 815 3916 ex
838 3849 902 3916 illis
925 3849 1090 3936 oolligitur
1112 3869 1182 3914 ver·

88 3929 275 4024 haquinus
306 3941 446 4008 Paulum
478 3957 605 4031 rogant,
638 3957 676 4012 ut
698 3946 739 4012 de
772 3945 888 4014 eadem
916 3949 997 4036 ipsis
1019 3947 1182 4034 loquetur.

88 4025 129 4092 lte
149 4039 332 4122 nnpenime
355 4039 503 4108 Soiarelli
533 4053 566 4108 et
588 4043 760 4130 Ribetti¹);
791 4043 848 4111 sod
871 4046 971 4112 etiam
995 4041 1035 4110 oi
1059 4042 1183 4112 Herbst

149 4173 169 4242 ¹)
184 4175 216 4230 V.
233 4178 408 4249 Sanguinstti
425 4195 451 4248 p.
471 4181 529 4237 137.

149 4253 340 4326 theone,
356 4275 400 4330 pn
419 4261 462 4328 ao,
483 4261 542 4316 110.

131 4361 248 4420 tus-na
262 4370 437 4414 numum.
989 4429 996 4435 ,
1058 4357 1075 4411 t
