2936 4814
441 440 615 534 Impugnatio
633 441 797 502 traditionis.
1166 449 1201 504 86

106 586 248 672 rampe
268 585 603 672 muraenarum,
627 587 682 672 qus
704 537 1010 653 admoneamur..
1032 613 1121 656 aaa
1138 593 1202 656 aa

106 707 161 746 acu
188 681 362 768 absolvitl)
407 679 543 746 Nullum
576 705 654 747 vero
687 684 864 768 vestigium
896 683 950 748 vel
982 688 1017 752 in
1048 687 1203 754 Patribus

105 779 186 864 Syris
207 791 238 842 et
261 778 449 861 Chaldaeis,
473 779 527 844 vel
550 781 586 844 in
608 779 761 865 Liturgia
790 783 943 865 occurrit,
974 784 1063 870 quod
1085 785 1203 852 Petrus

105 875 258 962 Babylone
280 877 393 943 fuerit.

180 975 229 1040 69.
255 973 352 1054 Quae
383 973 484 1038 relate
516 973 560 1038 ad
592 974 803 1040 traditionem
835 973 1017 1040 adversarii
1042 975 1204 1062 objiciunt

105 1073 291 1158 expositione
316 1081 429 1136 nostra
447 1071 519 1157 jam
534 1083 775 1158 praeoccupata
798 1083 890 1155 sunt,
914 1074 1071 1140 convenit
1093 1083 1204 1138 tamen
1290 1117 1304 1128 ·-

106 1180 134 1232 ut
153 1168 290 1234 indolem
315 1170 574 1254 impugnationis
598 1190 710 1234 eornm
733 1171 849 1254 paucis
871 1179 1054 1254 tangamus.
1089 1169 1204 1235 Plures

105 1269 191 1350 igitur
211 1266 273 1332 hac
296 1267 333 1330 in
357 1269 549 1352 quaestione
578 1277 760 1353 sequuntur
783 1267 1031 1354 Spanhemium,
1055 1269 1112 1356 qui
1135 1289 1204 1332 rem

104 1365 141 1426 ita
177 1365 353 1450 componit.
419 1363 542 1428 Statuit
579 1364 756 1452 imprimis,
799 1362 941 1452 reliquos
988 1367 1205 1452 posteriorum

103 1473 231 1526 aetatum
262 1461 382 1526 Patres
414 1459 662 1547 scriptoresque
694 1460 931 1526 ecclesiasticos
962 1462 1028 1527 lida
1058 1464 1204 1549 priorum

104 1557 243 1640 scribere,
281 1557 424 1644 Papiae,
456 1557 612 1641 Dionysii
651 1555 827 1641 Corinthii,
860 1557 1039 1624 Clementis
1062 1560 1204 1624 Alexan-

105 1655 187 1737 drini,
209 1656 377 1740 Origenis,
408 1653 546 1736 irenaei,
578 1653 783 1720 Tertulliani.
813 1655 914 1720 Porro
937 1655 998 1721 lros
1021 1659 1107 1720 inter
1129 1657 1205 1720 Ter-

104 1752 271 1834 tullianum,
305 1751 493 1834 Irenaeum,
527 1751 699 1836 Originem
732 1752 886 1838 deceptos
917 1754 1018 1818 fuisse
1050 1776 1071 1820 a
1102 1753 1206 1839 Papia

104 1862 130 1910 et
150 1847 314 1914 Clemente
339 1847 577 1930 Alexandrino,
610 1851 668 1936 qui
700 1851 849 1915 omnium
876 1852 974 1938 primi
999 1849 1086 1916 illius
1109 1851 1205 1914 tradi-

104 1949 188 2010 tionis
209 1957 363 2010 auctores
386 1947 581 2011 exstiterint.
614 1945 704 2026 Quin
728 1958 761 2010 et
782 1949 817 2012 in
849 1970 952 2012 unum
975 1947 1112 2033 Papiam
1137 1969 1206 2012 rem

105 2056 191 2108 mmm
217 2043 363 2125 refundi,
388 2066 485 2130 quem
509 2054 635 2108 constet
665 2043 834 2109 hominem
856 2045 957 2110 fuisse
980 2047 1063 2110 mira
1086 2043 1207 2130 simpli-

105 2143 189 2204 citate
217 2152 250 2204 et
282 2139 480 2205 credulitate
512 2141 733 2224 notissimum,
758 2142 847 2228 quod
869 2141 1020 2228 pluribus
1044 2146 1206 2227 congestis

106 2254 236 2302 veterum
247 2239 448 2302 testimoniis
457 2237 678 2325 Spanhamius
685 2239 825 2326 probare
834 2239 1030 2324 praetendit.
1045 2239 1206 2304 Traditio·

105 2338 147 2400 nis
161 2357 234 2400 vero
248 2337 356 2422 ipsius
370 2336 530 2420 originem
546 2357 587 2400 ex
605 2358 643 2399 eo
658 2357 728 2400 esse
742 2336 965 2424 repetendam,
977 2337 1065 2424 quod
1074 2337 1205 2422 Papias,

105 2446 131 2496 et
155 2444 223 2520 post
245 2455 325 2498 eum
350 2429 502 2497 Clemens
524 2431 781 2517 Alexandrinus,
812 2435 946 2498 nomine
974 2429 1156 2520 Babylonis
1190 2435 1206 2498 I

106 2531 180 2596 Petri
190 2531 220 2614 5,
233 2533 274 2596 13
284 2531 427 2596 Romam
442 2531 622 2615 significari
632 2533 836 2618 scripserint3
852 2531 1021 2619 tumquod
1030 2533 1065 2595 in
1076 2533 1207 2618 scriptis

106 2628 291 2716 apocryphis
318 2629 579 2693 commentitium
601 2627 690 2692 Petri
714 2650 790 2693 oum
814 2628 948 2695 Simone
970 2628 1068 2714 Mago
1083 2629 1207 2692 Romae

107 2727 242 2792 habiturn
275 2737 443 2791 certamen
475 2725 645 2792 referatur.
692 2725 781 2790 Hinc
812 2725 926 2790 Patres
958 2724 1079 2790 saeculi
1103 2725 1152 2790 lv
1175 2736 1208 2790 at

106 2826 301 2910 sequemium
326 2823 455 2910 decepti
488 2833 565 2888 sunt
596 2847 616 2887 a
639 2821 793 2888 Patribus
820 2822 942 2887 saeculi
974 2821 1027 2888 111
1050 2832 1083 2887 ot
1104 2823 1148 2904 H,
1171 2821 1207 2887 hi

106 2945 122 2984 a
142 2921 307 2988 Clemente
330 2919 427 2986 Alea
451 2930 484 2984 et
506 2921 620 3008 Papia,
645 2921 797 2986 Clemens
823 2943 902 2984 vero
926 2930 959 2983 et
980 2919 1101 3006 Papias
1124 2942 1207 2983 arra·

107 3020 237 3084 mntvel
261 3019 395 3086 inscitia
420 3017 472 3082 vel
496 3017 706 3102 credulitate,
731 3027 763 3081 et
785 3039 828 3081 en
851 3020 942 3104 origo
966 3038 1106 3102 magnae
1121 3016 1208 3081 illius

106 3115 290 3182 traditionis.

185 3215 235 3280 70.
258 3215 443 3300 Responsio
458 3213 623 3298 colligitur
646 3235 688 3276 ex
702 3211 809 3278 dictis.
832 3211 1000 3298 Imprimis
1023 3211 1105 3277 illud
1119 3213 1207 3300 quod

108 3311 226 3396 dicitur,
249 3313 367 3378 Patres
390 3310 512 3376 saeculi
526 3310 574 3375 IV
599 3307 726 3376 secutos
741 3331 811 3374 esse
835 3311 1040 3395 superiorum
1062 3320 1206 3376 aetatum

108 3413 279 3498 scriptores,
313 3409 437 3496 duplici
469 3419 576 3495 potest
607 3432 704 3473 sensu
737 3409 900 3494 usurpari.
946 3406 1112 3472 Videlicet
1144 3408 1207 3491 vel,

110 3507 189 3572 haud
216 3506 424 3593 interpellata
452 3508 713 3572 testimoniorum
738 3506 821 3570 aerio
851 3504 975 3568 factum
1005 3503 1088 3568 illud
1110 3504 1208 3568 histo-

108 3606 203 3670 ricum
234 3607 354 3694 quavis
384 3614 491 3668 aetate
524 3605 747 3691 comprobari3
781 3611 814 3666 et
844 3599 908 3666 hoo
937 3624 1015 3666 sane
1039 3602 1208 3668 verissime

109 3699 228 3768 dicitur.
275 3701 338 3766 Vel
362 3724 416 3766 eos
440 3701 543 3767 solum
568 3723 667 3765 caeca
687 3697 880 3764 credulitate
903 3699 1068 3786 prioribus
1090 3698 1198 3763 adhaa

110 3799 190 3882 sisse,
213 3799 368 3886 nullaque
390 3801 524 3885 propria
538 3797 690 3864 adhibita
714 3798 926 3884 inquisitione
950 3795 1031 3862 illud
1055 3796 1143 3882 quod
1166 3795 1209 3860 ab

112 3895 167 3960 illis
197 3907 387 3984 receperant
419 3896 583 3976 retulisse;
618 3907 651 3961 et
682 3896 745 3960 hoc
777 3893 896 3960 falsum
929 3895 1063 3958 omnino
1096 3905 1154 3976 est,
1179 3905 1211 3959 et

117 4017 134 4022 ⁸
175 4057 194 4125 ι)
211 4057 266 4111 oa.
283 4057 341 4112 rue
359 4055 489 4110 matun
508 4055 539 4109 or
554 4056 601 4110 ue
618 4055 711 4122 syrae
728 4051 834 4108 canu
852 4052 883 4106 or
898 4051 1016 4107 mauu
1033 4059 1093 4118 su,
1110 4051 1145 4120 ay
1163 4053 1210 4109 tue

73 4141 78 4152 '
112 4135 503 4286 :ppffldofypglssehnam
527 4135 622 4200 Benni,
647 4133 739 4203 Syriae
764 4131 930 4200 Archbishop
954 4131 984 4186 oi
1000 4131 1098 4186 lioaoul
1118 4134 1211 4202 (Nine-
