2924 4818
573 491 763 550 Montanistaa
1173 500 1225 555 us

94 629 283 710 traditum,
319 631 511 716 praedicare
543 637 661 720 coepit,
694 647 727 700 et
758 635 916 722 plurimos
949 638 1011 704 sibi
1046 641 1224 728 discipulos

94 727 308 804 conciliavit,
335 731 420 792 inter
434 751 515 814 quos
529 733 653 816 primas
667 745 775 818 partes
794 734 988 800 obtinebant
1002 737 1087 802 duae
1110 740 1222 804 mulie·

93 849 146 890 res
172 827 307 891 nobiles
335 849 374 888 ac
399 826 520 892 divites
543 829 656 893 Prisca
686 841 718 894 et
747 832 941 897 Maximilla.
978 834 1065 898 Istae
1088 840 1222 902 maritos

93 947 172 990 suos
209 925 446 1009 relinquentes,
481 936 517 990 ut
549 927 770 1012 prophetissas
803 951 872 994 sese
904 941 1084 1012 gesserunt.
1136 933 1220 998 Cum

94 1023 188 1086 hisce
221 1020 445 1106 adjutricibus
468 1022 646 1088 Montanus
669 1035 791 1088 sectam
823 1028 966 1091 instituit
995 1027 1077 1092 falsa
1099 1030 1221 1113 pietate

95 1133 127 1182 et
158 1121 316 1206 specioso
347 1119 454 1200 rigore
484 1118 686 1204 distinctam,
717 1123 759 1186 ad
795 1145 893 1208 quam
931 1125 1025 1189 multi
1056 1135 1125 1189 tum
1157 1131 1220 1192 viri

94 1229 167 1282 tum
188 1218 340 1280 feminae
356 1215 577 1282 desciverunt.
606 1219 650 1284 Hi
667 1219 709 1283 ab
734 1230 866 1284 auctore
877 1221 1107 1304 Montanistae,
1132 1247 1151 1288 a
1175 1247 1220 1288 rs-

94 1317 198 1396 gione
225 1315 260 1378 in
286 1335 351 1398 qua
376 1314 436 1376 orti
461 1323 494 1376 et
516 1317 720 1398 potissimum
750 1320 941 1382 commorati
959 1305 1051 1382 'sunt
1074 1321 1220 1407 Pluppes,

97 1411 334 1498 lhtaplnypes,
367 1431 387 1472 a
418 1410 551 1495 Pepuza
582 1413 748 1498 Phrygiae
780 1415 911 1500 oppido,
944 1416 1032 1502 quod
1065 1439 1122 1502 pro
1153 1420 1221 1482 auis

97 1508 344 1592 Hierosolymis
367 1505 545 1590 habebant,
570 1511 745 1597 Pepuzt‘ooi
767 1512 847 1576 dicti
871 1523 957 1578 sunt.

184 1607 245 1671 50.
270 1605 446 1688 Praecipui
470 1617 579 1671 autem
595 1609 870 1672 Montanistarum
891 1630 1015 1676 errores
1038 1622 1131 1676 erant
1154 1613 1218 1678 isti.

95 1704 298 1768 Montanum
323 1723 385 1765 ceu
399 1702 606 1769 Paracletum
631 1705 877 1771 venerabantur
899 1707 1060 1772 divinitus
1072 1711 1218 1789 missum,

95 1813 129 1863 ut
145 1801 276 1864 Christi
303 1809 336 1862 et
350 1797 580 1884 Apostolorum
605 1803 788 1868 doctrinam
813 1804 993 1888 perficeret.
1018 1806 1092 1870 Non
1114 1807 1217 1871 solum

94 1899 263 1963 mundas
278 1897 412 1981 nuptiae
425 1897 528 1962 veluti
544 1903 689 1964 maxime
704 1902 839 1964 vitiosas
857 1901 1087 1987 repudiabant,
1103 1925 1217 1967 verum

92 1997 195 2060 etiam
231 1995 518 2060 matrimoniorum
549 1997 682 2062 foedera
712 1997 893 2063 solvebant.
940 1997 1150 2080 Aeser-ebant,
1183 2003 1217 2064 in

94 2094 330 2176 persecutione
353 2113 522 2177 nunquam
544 2095 740 2178 fugiendum
755 2115 835 2178 asse,
854 2095 984 2180 jejunia
1007 2098 1140 2182 propria
1163 2098 1217 2162 ob·

95 2190 280 2254 servabant
302 2198 336 2252 et
351 2187 595 2255 Catholicorum
614 2193 753 2277 jejuniis
777 2191 879 2256 multo
903 2191 1071 2276 rigidiora.
1101 2193 1217 2260 Statio·

95 2307 153 2350 nea
183 2289 278 2352 enim
309 2285 502 2372 plerumque
537 2291 571 2354 in
601 2311 773 2376 vesperam
802 2288 1045 2375 producebant,
1077 2291 1159 2355 duas
1182 2293 1215 2356 in

96 2407 183 2448 anno
207 2383 491 2470 xerophagiarum
515 2385 740 2451 hebdomadas
754 2386 857 2450 veluti
878 2386 922 2450 ad
946 2385 1082 2451 salutem
1108 2411 1216 2452 necea

96 2485 199 2546 sarias
224 2479 459 2563 observabant,
484 2493 516 2546 et
533 2483 654 2569 jejunii
678 2482 971 2570 quadragesimalis
1000 2493 1145 2572 tempore
1170 2488 1216 2550 in·

95 2582 228 2644 coenati
263 2579 412 2644 cubitum
437 2579 538 2646 ibant.
586 2580 776 2660 Adulteros,
804 2579 1008 2662 idololatras,
1031 2581 1216 2648 homicidas

95 2676 307 2762 aliorumque
336 2688 545 2762 peccatorum
575 2680 764 2762 graviorum
794 2699 867 2744 reos
896 2681 1147 2764 inperpetuum
1172 2679 1214 2746 ab

97 2773 251 2838 Ecclesia
274 2773 506 2855 excludebant,
531 2785 712 2840 asserentes
735 2775 919 2840 Ecclesiam
944 2774 1067 2839 nullam
1092 2775 1214 2840 hahere

97 2881 295 2957 potestatem
319 2871 479 2957 ejusmodi
504 2883 640 2957 peccata
668 2871 889 2937 condonandi.
935 2872 1134 2938 Patriarchis
1158 2875 1215 2937 Pe·

97 2991 204 3053 puaae
242 2969 463 3034 residentibus
493 2972 636 3055 primum
674 2972 708 3034 in
746 2969 964 3034 conventibus
1001 2969 1215 3054 assignabant

96 3064 218 3137 locum,
244 3067 425 3130 secundum
450 3065 653 3132 coenonibns
673 3087 730 3130 seu
754 3068 950 3146 oeconomis,
974 3068 1107 3130 tertium
1132 3069 1214 3152 epis-

97 3165 207 3250 copis;
248 3163 400 3227 mulieres
423 3185 553 3249 quoque
576 3163 618 3228 ad
642 3165 868 3248 episcopatum
894 3173 926 3226 et
951 3163 1211 3249 presbyteratum

96 3259 251 3324 feruntur
272 3261 467 3346 evexisse.¹)

184 3359 242 3422 51.
267 3357 429 3422 Eusebius
452 3359 492 3422 de
508 3359 716 3422 Montanistis
739 3367 891 3421 accurate
914 3358 983 3441 agit
1005 3357 1047 3422 H.
1071 3357 1110 3422 Ε.
1134 3357 1154 3423 l.
1171 3359 1213 3426 V.

97 3477 124 3517 c.
153 3455 205 3534 lli,
229 3467 263 3518 et
286 3475 370 3539 quae
394 3477 448 3520 eos
472 3466 621 3542 spectant
643 3455 743 3519 refert
766 3476 808 3518 ex
832 3455 968 3540 antiquo
988 3465 1131 3538 auctore,
1155 3459 1210 3542 qui

99 3553 232 3616 circiter
247 3551 406 3616 tredecim
422 3556 518 3618 annis
532 3554 574 3618 ab
599 3553 691 3618 obitu
709 3549 910 3616 Maximillae
935 3552 1109 3640 scripsit.¹)
1134 3552 1211 3637 Opi·

99 3649 152 3710 nio
176 3661 288 3714 autern
312 3661 382 3713 erat
406 3649 704 3744 illistemporibus,
725 3651 919 3713 Montanum
944 3650 1079 3736 ejusque
1103 3649 1212 3734 plures

99 3783 308 3792 -----...-,.

173 3843 191 3912 ·)
210 3843 281 3898 vite
300 3843 428 3898 Woutets
445 3843 479 3897 Η.
498 3843 529 3898 E.
548 3844 607 3898 Vol.
627 3843 648 3898 I.
668 3859 693 3912 p.
713 3845 755 3894 99.

169 3927 192 3994 ¹)
210 3923 271 3990 ,Ab
301 3922 378 3978 obitu
397 3923 566 3988 Maximillae,
598 3923 694 3990 inquit.
725 3937 809 4000 usqne
828 3921 855 3976 in
874 3923 944 3978 hunc
961 3923 1031 3978 diem
1050 3921 1110 3990 plus
1131 3937 1209 3989 quam

100 4005 224 4060 tredecim
243 4005 308 4057 anni
324 4002 383 4070 jam
402 4002 484 4070 elapsi
504 4011 581 4065 snnt;
610 4017 658 4056 nec
676 4011 766 4056 tarum
787 4002 839 4070 (uti
860 4002 907 4056 illa
925 4002 1108 4070 praedixerat)
1126 4002 1210 4058 ulltuu

100 4097 144 4137 aut
169 4082 335 4153 particulare
355 4081 453 4136 bellum
481 4089 529 4136 aut
548 4081 701 4136 universale
730 4082 756 4134 iu
778 4081 857 4134 terris
876 4081 936 4134 luit.
975 4079 1030 4134 imo
1050 4079 1210 4138 Christianis

99 4165 239 4232 praecipua
263 4161 381 4229 amdam
406 4161 453 4216 Dei
481 4161 662 4216 misenoordia
686 4177 739 4228 pax
757 4159 865 4213 stabilis
890 4167 917 4212 et
937 4159 1013 4214 truie
1038 4160 1208 4228 permansit.“

101 4242 160 4298 Ιι
177 4244 193 4298 l
211 4259 234 4297 a

128 4346 251 4394 tunm,
267 4342 444 4386 mlum.
1071 4331 1106 4383 10
