2876 4814
224 495 276 548 sse
656 493 697 549 m
713 495 739 549 s.
758 495 899 563 cyprum.

227 638 295 701 Nec
326 639 361 700 in
392 639 456 716 boc,
488 637 544 718 ait,
578 637 671 722 lepom
694 639 779 718 dedi,
801 651 859 722 ¹aut
881 662 927 704 me
951 651 1106 714 auctorem
1131 653 1243 706 temere
1271 665 1345 705 con·

226 737 324 798 stitui.
372 734 435 800 Sed
458 757 525 798 cum
547 736 706 799 videretur
728 747 758 799 et
784 737 881 800 bonor
903 737 1094 825 martyribus
1116 739 1289 817 tenendus,
1315 749 1347 801 ct
1429 757 1430 780 ¹

226 855 330 904 eorum
361 840 416 920 qui
448 831 554 896 omnio
577 834 703 897 turbare
727 833 893 920 cupiebant
925 835 1058 920 impetus
1081 835 1346 922 comprimendus,

226 941 256 994 et
282 943 453 1016 praeterea
484 939 588 1001 oestro
619 932 739 1018 scripta
763 932 912 1018 lepissem,
950 957 1028 1019 quac
1060 934 1117 996 buc
1149 934 1193 997 ad
1225 933 1347 996 σὶεπωη

226 1039 366 1092 nostorum
390 1057 451 1116 per
483 1031 687 1098 Cierruntium
715 1030 963 1115 hypodiaconum
992 1054 1093 1117 nuper
1110 1030 1282 1116 feceratis,
1311 1041 1349 1093 ut

226 1127 269 1188 iis
299 1129 355 1212 qui
371 1141 447 1214 post
479 1129 602 1216 lapsum
624 1129 806 1212 infirmitate
835 1128 1157 1212 apprehenderunt,
1182 1139 1211 1190 et
1229 1129 1347 1212 poeui-

228 1233 326 1288 tentes
349 1229 655 1291 communicationem
684 1224 917 1302 desiderarent,
947 1223 1169 1303 subueniretur,
1193 1223 1349 1287 standum

222 1325 338 1406 putavi
360 1335 390 1386 et
412 1347 479 1387 cum
496 1335 600 1388 oestro
623 1323 787 1401 sententia,
802 1345 841 1386 ne
865 1333 953 1386 actus
966 1332 1081 1402 noster,
1104 1323 1159 1408 qui
1180 1321 1349 1384 marrones
1430 1399 1431 1412 χ

227 1442 291 1482 esse
324 1432 354 1483 ct
385 1423 557 1486 consentire
589 1422 673 1484 circa
697 1419 802 1483 omnia
826 1419 924 1498 debet,
949 1421 984 1483 in
1007 1417 1112 1505 aliquo
1136 1419 1347 1504 discreparet.

228 1514 326 1580 Plane
354 1530 545 1581 caeterorum
572 1539 698 1594 causas,
732 1517 872 1603 quamvis
895 1515 1001 1580 libello
1035 1540 1056 1579 a
1078 1515 1274 1602 martyribus
1298 1539 1349 1578 ac·

227 1623 324 1699 cepto,
348 1614 475 1700 differri
495 1615 655 1692 mandari,
679 1625 709 1677 et
722 1615 756 1677 in
779 1625 919 1678 nost-ram
936 1613 1153 1699 praesentiam
1174 1614 1349 1690 reseruari,

226 1721 261 1774 ut
284 1734 449 1797 cumpace
480 1737 500 1775 a
523 1713 659 1776 Domino
688 1711 778 1774 nobis
801 1712 880 1775 data
897 1712 1009 1798 plures
1026 1710 1208 1797 praepositi
1238 1732 1348 1771 conee-

227 1810 295 1871 nire
318 1809 353 1871 in
375 1831 470 1872 unum
493 1811 692 1896 coeperimus,
721 1810 944 1873 communicato
972 1810 1067 1872 etiam
1093 1807 1253 1870 uobiscum
1276 1831 1350 1870 cou-

228 1904 311 1982 siiio,
344 1905 509 1990 disponere
542 1905 667 1994 simpuio
699 1917 729 1970 et
751 1905 924 1993 reformare
943 1901 1147 1991 possimus.¹)
1175 1901 1217 1966 In
1242 1902 1350 1967 altera
1431 1949 1432 1978 t

227 2023 357 2087 quoque
381 2001 613 2102 epismla·(27)
632 2003 807 2087 significet,
823 2023 980 2086 magnum
996 2001 1059 2066 sibi
1083 2000 1349 2065 emolumentum

227 2098 352 2162 fectum
374 2099 475 2163 fuisse
499 2123 541 2164 ex
569 2099 685 2164 litteris
710 2099 797 2165 Cleri
821 2100 976 2179 Romani,
1010 2121 1111 2185 quum
1142 2097 1196 2162 hic
1227 2098 1349 2162 eadem

226 2196 390 2282 principis
412 2207 616 2282 proponeret,
641 2198 761 2282 quibus
785 2196 952 2261 nitebatur
975 2193 1172 2282 Cyprianus.

316 2293 368 2357 29.
392 2293 542 2358 Profecto
581 2287 658 2359 non'
688 2293 926 2376 contendimus,
956 2292 1161 2380 Cypriorum
1202 2291 1348 2356 Romam

227 2391 395 2474 scripsisse
425 2390 547 2456 directe
576 2413 613 2456 eo
644 2389 718 2474 fine,
744 2401 872 2454 utrem
902 2389 1027 2456 ibidem
1051 2391 1256 2454 dirimerent.
1308 2390 1347 2454 Id

227 2487 316 2549 enim
348 2485 438 2551 haud
473 2487 650 2552 videbatur
672 2489 905 2570 necessarium,
937 2511 1040 2574 quum
1064 2487 1249 2552 secundum
1276 2511 1349 2552 nor·

228 2604 298 2647 mes
332 2595 502 2648 consuetas
535 2583 722 2670 Cyprianu's
758 2595 880 2670 egeret.
936 2585 1002 2652 Sed
1034 2586 1148 2671 quenti
1183 2587 1349 2648 momenti
1432 2581 1433 2586 ’

228 2681 270 2742 sit
302 2681 380 2766 ipsi,
413 2681 619 2767 comprobari
654 2703 751 2746 suum
785 2683 905 2767 egendi
926 2683 1076 2747 'modum
1111 2705 1131 2746 e
1162 2679 1259 2745 Clero
1287 2681 1349 2745 Ro·

227 2798 335 2860 mano,
360 2781 438 2842 satis
465 2778 616 2844 ostendit.
663 2779 774 2844 Etiam
798 2778 913 2844 Olerus
936 2779 1104 2844 Romanus
1136 2781 1170 2842 in
1201 2779 1274 2842 suis
1300 2779 1349 2843 lit·

227 2875 305 2940 teris
337 2897 403 2940 non
435 2887 529 2961 urget
562 2875 696 2962 quidem
719 2878 880 2963 primatus
913 2887 1117 2963 potestatem,
1152 2878 1231 2963 quie
1262 2899 1350 2964 opus

227 2994 293 3037 non
318 2983 395 3054 eret,
421 2973 478 3038 sed
502 2995 543 3038 ex
566 2982 633 3037 toto
665 2984 822 3038 contextu
845 2973 968 3038 relucet
1000 2976 1113 3058 agnita
1146 2971 1201 3036 ille
1225 2972 1349 3038 Roma·

228 3089 345 3133 norum
361 3069 558 3135 Pontificum
575 3092 703 3135 summe
717 3073 905 3138 auctoritas.
936 3071 1026 3136 Hine
1041 3073 1142 3134 etism
1157 3071 1349 3156 presbyteri

228 3188 363 3232 causam
386 3177 538 3231 accurate
562 3168 782 3233 determinare
806 3168 971 3252 differunt,
1001 3169 1106 3232 donec
1131 3189 1240 3232 novus
1264 3169 1350 3233 Pon·

157 3255 161 3262 ⁶
227 3263 310 3328 tifex
342 3266 537 3330 constitutus
565 3267 616 3330 sit.
662 3265 753 3329 Inter
782 3265 846 3330 elie
875 3265 1039 3330 scribunt:
1086 3263 1208 3330 Sedet
1232 3268 1280 3330 ad
1303 3267 1349 3344 id,

226 3361 309 3425 unde
332 3362 491 3448 dipressus
514 3385 612 3426 sermo
640 3363 806 3426 uidebatur
826 3387 900 3442 esse,
927 3387 1037 3426 mersus
1059 3373 1247 3442 reuertatur,
1273 3389 1346 3450 qua-

229 3457 273 3522 les
296 3459 420 3523 litteras
443 3461 478 3523 in
502 3459 646 3523 Siciliam
675 3483 792 3548 quoque
815 3462 999 3538 miserimus,
1029 3458 1184 3550 subjectas
1205 3461 1347 3526 babebis.

232 3551 427 3642 Quamquam
458 3555 548 3621 nobis
570 3555 764 3644 differendae
795 3559 887 3649 bujus
909 3561 957 3622 rei
979 3560 1149 3622 necessitas
1172 3561 1278 3648 major
1302 3561 1348 3623 in·

229 3653 360 3734 cumbet,
397 3653 509 3740 quibus
535 3665 611 3740 post
640 3677 797 3718 secessum
835 3655 1050 3719 nobilissimae
1084 3657 1251 3719 raemoriae
1286 3659 1350 3720 oiri

228 3749 367 3814 Fabiani
388 3751 526 3814 nondun
555 3761 601 3814 est
631 3751 808 3837 Episcopus
830 3763 965 3838 propter
994 3775 1098 3816 rerum
1121 3763 1151 3816 ct
1174 3762 1349 3838 temporum

228 3846 434 3933 difficultates
456 3848 655 3924 constitutus,
679 3849 733 3934 qui
756 3852 861 3913 omnia
890 3851 954 3914 ista
977 3849 1163 3928 moderetur,
1187 3859 1348 3913 eteorum

228 3945 283 4029 qui
305 3943 391 4031 lapsi
413 3955 485 4008 suut
501 3946 607 4030 possit
638 3967 706 4008 cum
736 3949 924 4010 auctoritate
951 3957 982 4010 et
1004 3946 1145 4010 cormilio‘
1158 3945 1272 4010 babere
1297 3969 1347 4010 ra·

229 4043 344 4105 tionem
367 4091 374 4105 .
400 4091 408 4104 .
434 4091 441 4103 .
471 4041 718 4126 Temperamenti
745 4043 943 4107 moderamen
973 4065 1032 4107 uos
1054 4043 1103 4107 bic
1127 4053 1230 4107 tenere
1254 4067 1347 4129 quae·

304 4250 325 4318 ¹)
342 4250 392 4318 Ep.
410 4253 453 4303 20.
