2924 4818
245 473 296 527 140
486 472 526 526 De
544 471 618 524 Rom.
638 471 716 525 Pout.
735 468 835 526 saeculi
854 467 932 540 primi
952 479 980 525 et
999 467 1114 525 secundi.

242 639 316 682 rum
339 640 379 682 ae
403 619 558 681 vitiorum
583 615 801 700 demergatur.
826 653 869 662 -·
892 615 1038 681 Salutem
1057 615 1243 679 animarum
1263 616 1364 678 ratio-

243 715 369 779 nalium
393 717 427 780 in
451 737 488 778 eo
505 715 645 800 positam
662 735 732 778 esse
748 713 921 793 docebant,
939 723 975 776 ut
995 735 1014 776 a
1038 712 1181 776 vinculis
1204 722 1273 776 ete
1297 735 1365 777 ser·

244 816 349 877 vitute
364 813 527 896 demiurgi
552 833 591 874 ac
606 814 763 876 materiae
778 811 1003 890 extrahantur,
1024 819 1123 895 atque
1147 809 1189 874 ad
1212 813 1364 896 supremi

242 913 307 976 Dei
332 911 553 994 cognitionem
577 909 796 991 adducantur,
816 930 880 995 quo
900 919 974 994 post
996 910 1142 994 corporis
1164 909 1295 973 obitum
1318 909 1364 972 ad

243 1011 398 1074 amissam
426 1007 618 1070 felicitatem
649 1009 769 1070 reverti
800 1008 937 1092 possint.
985 1005 1092 1086 Quem
1124 1008 1158 1070 in
1188 1007 1289 1070 finem
1315 1007 1366 1070 di-

243 1108 347 1170 versis
370 1104 573 1190 temporibus
603 1106 637 1166 in
668 1104 757 1168 hnnc
787 1114 951 1168 terrarum
980 1104 1093 1168 orbem
1118 1104 1366 1168 descenderunt

243 1225 372 1284 aeones,
397 1226 416 1265 a
439 1204 576 1265 numine
600 1201 713 1264 divino
738 1203 841 1282 missi,
866 1204 922 1287 qui
947 1201 1121 1266 animabus
1143 1201 1367 1266 rationalibus

243 1300 488 1385 recuperandae
519 1297 680 1363 libertatis
711 1301 800 1362 viam
825 1301 1006 1385 aperirent3
1037 1321 1150 1363 eorum
1173 1311 1288 1364 tamen
1313 1321 1366 1364 oo-

244 1398 376 1462 natibus
401 1397 592 1479 demiurgus
616 1396 786 1459 obstacula
819 1398 980 1481 opposuit,
1015 1398 1150 1481 ipseque
1173 1397 1366 1482 impedivit,

244 1497 420 1581 quominus
452 1495 584 1557 animae
617 1493 772 1556 coelestes
809 1493 851 1557 ad
885 1495 1045 1577 originem
1078 1515 1171 1558 suam
1203 1495 1366 1561 redirent.

150 1664 153 1675 ,
243 1591 295 1656 De
319 1603 447 1656 caetero
472 1613 538 1654 non
562 1592 630 1654 fore
646 1591 899 1676 desperandum,
920 1591 977 1655 sed
1001 1590 1205 1656 confidenter
1227 1613 1366 1678 exspec-

243 1690 381 1754 tandum
405 1688 525 1754 nobilis
555 1688 715 1774 triumphi
745 1699 892 1775 tempus,
923 1711 988 1774 quo
1021 1711 1161 1755 aeonum
1185 1688 1284 1774 longe
1309 1713 1366 1776 po-

243 1790 446 1853 tentissimus
479 1787 642 1870 demiurgi
680 1789 854 1872 imperium
888 1787 1134 1866 destructurus,
1169 1795 1202 1849 et
1234 1799 1366 1852 mentes

243 1883 399 1949 coelestes
422 1909 442 1949 a
465 1884 657 1969 corporibus
681 1894 773 1947 esset¹
789 1883 989 1949 divulsurus.

330 1983 384 2048 42.
410 1981 522 2062 Quum
546 1980 696 2046 Gnostici
727 2003 883 2066 perversa
914 1982 996 2046 haec
1019 1982 1142 2067 placita
1165 1983 1208 2046 ad
1231 1982 1366 2067 religio-

243 2101 318 2144 nem
352 2079 565 2144 christianam
598 2079 831 2160 transferrent,
867 2081 908 2144 de
940 2083 1041 2144 variis
1074 2080 1162 2144 illiue
1195 2081 1367 2167 capitibus

243 2199 401 2263 perquam
444 2186 595 2262 corrupte
642 2177 838 2242 sentiebant.
898 2179 941 2241 Et
983 2178 1116 2264 quidem
1150 2176 1365 2262 demiurgum

243 2274 411 2340 habebant
443 2297 501 2360 pro
539 2275 664 2358 Moysis
698 2275 758 2338 deo
793 2285 825 2338 et
865 2277 987 2338 veteris
1020 2275 1177 2338 Foederis
1209 2285 1366 2353 auctore3

243 2374 382 2459 proinde
420 2373 502 2456 legis
540 2373 707 2436 Moesicae
730 2375 959 2437 auctoritatem
999 2373 1149 2437 divinam
1182 2372 1364 2457 negabant.

242 2470 355 2535 Prouti
389 2493 431 2533 ex
464 2493 529 2534 una
563 2479 654 2554 parte
679 2469 845 2534 Christum
880 2470 1127 2535 confundebant
1155 2493 1232 2535 cum
1255 2491 1364 2535 aeone

242 2569 479 2653 potentissimo,
504 2577 536 2630 et
560 2589 601 2629 ex
625 2566 726 2631 altera
750 2579 842 2653 parte
866 2570 1037 2631 materiam
1065 2589 1124 2653 per
1147 2591 1181 2632 se
1204 2569 1362 2632 vitiosam

243 2668 457 2750 omniumque
481 2664 642 2728 malorum
661 2667 784 2729 fontem
800 2688 869 2730 esse
884 2665 1079 2747 credebant3
1104 2668 1149 2729 ita
1173 2668 1271 2730 etiam
1297 2687 1363 2730 nec

244 2783 356 2827 veram
381 2761 504 2827 Christi
536 2763 744 2826 divinitatem
776 2763 1004 2845 admittebant,
1037 2764 1110 2827 Deo
1135 2784 1286 2850 supremo
1313 2765 1364 2828 in-

242 2861 394 2924 teriorem
414 2859 506 2924 illum
526 2869 715 2942 statuentes,
733 2883 795 2924 nec
816 2883 932 2925 verum
952 2861 997 2925 illi
1024 2883 1142 2946 corpus
1157 2861 1363 2944 tribuebant,

243 2956 300 3020 sed
315 2958 433 3022 umbra
447 2968 577 3020 tantum
592 2960 736 3042 corporis
752 2958 844 3023 illum
855 2961 1021 3040 vestitum,
1037 2959 1185 3044 adeoque
1198 2959 1363 3043 patiendi,

243 3056 404 3119 moriendi
445 3064 478 3119 et
515 3055 708 3138 resurgendi
732 3057 940 3141 'incapacem
971 3057 1073 3119 fnisse
1104 3055 1363 3122 contendebant.

244 3151 355 3232 Quum
380 3162 610 3238 supponerent,
644 3152 723 3217 huic
756 3154 880 3218 mundo
913 3156 1027 3238 genios
1059 3175 1211 3240 praeesse
1243 3152 1362 3232 malos,

242 3271 355 3315 omnes
380 3251 508 3333 magiae
541 3271 674 3336 operam
699 3251 949 3336 impendebant,
984 3273 1084 3338 quam
1107 3250 1224 3315 horum
1248 3254 1364 3334 genio

242 3369 314 3410 rum
339 3349 373 3410 vi
398 3349 596 3412 evertendae
621 3347 773 3412 idoneam
798 3369 867 3412 esse
891 3349 1118 3413 autumabant
1150 3348 1247 3412 Falso
1270 3351 1363 3434 prin·

242 3446 329 3530 cipio
354 3444 394 3508 de
418 3447 556 3509 materia
579 3467 683 3530 prava
707 3447 929 3526 inhaerentes,
955 3447 1062 3510 earnis
1085 3448 1362 3512 resurrectionem

243 3542 418 3625 negabant,
444 3544 654 3607 matrimonia
678 3543 891 3626 damnabant,
917 3543 1109 3628 corporibus
1130 3543 1254 3608 bellum
1278 3547 1363 3609 infe-

241 3639 368 3720 rebant,
394 3661 507 3703 omnes
530 3649 668 3704 naturae
683 3642 859 3706 instinctus
879 3661 1100 3728 sensuumque
1125 3641 1363 3708 delectationes

243 3739 391 3802 criminis
420 3737 491 3801 loco
524 3737 702 3804 habebant.
755 3739 831 3819 Qua
860 3749 970 3804 tamen
1006 3739 1041 3802 in
1070 3761 1105 3802 re
1136 3749 1204 3804 tam
1240 3761 1362 3825 parum

241 3839 328 3899 inter
351 3857 384 3899 se
409 3835 668 3916 consentiebant,
693 3849 730 3900 ut
749 3836 898 3901 nonnulli
923 3838 1160 3917 existimarent,
1185 3839 1362 3902 instinotus

242 3932 408 3997 naturales
432 3932 521 3996 haud
546 3955 616 3998 esse
641 3933 852 4014 voluntarios,
885 3945 917 3997 et
940 3936 966 3998 si
992 3935 1066 4020 quis
1089 3933 1221 3999 eosdem
1246 3957 1361 4022 seque

241 4039 341 4110 retur,
366 4051 440 4094 eum
465 4031 586 4095 nullius
615 4035 743 4116 peccati
776 4055 869 4096 reum
894 4032 974 4112 fore,
1007 4033 1070 4096 nisi
1096 4031 1184 4096 mala
1206 4031 1362 4098 voluutas

142 4207 143 4210 Ἴ
242 4130 439 4214 animusque
471 4130 620 4214 impurus
652 4132 836 4194 accesserit.
869 4167 912 4176 -
944 4129 984 4193 In
1009 4129 1172 4214 Aegypto,
1197 4130 1296 4213 Syria
1328 4141 1362 4194 et

243 4225 323 4290 Asia
347 4226 474 4288 minore
497 4226 643 4288 maxime
666 4229 874 4311 turpissimae
904 4226 978 4290 illae
993 4225 1227 4291 Gnosticorum
1250 4238 1361 4292 sectae
