2810 4846
457 471 482 526 S.
500 469 656 528 muratus
675 469 706 526 Β.
724 473 755 527 Ρ.
1110 471 1163 526 219

57 617 222 682 Pontificis
244 625 386 694 acturos,
413 613 517 680 donec
539 613 634 678 aliter
664 637 724 700 per
746 614 939 680 authentica
961 615 1166 700 exemplaria

56 715 262 780 constitisset

139 812 193 878 38.
218 812 316 876 Anno
349 810 415 876 419
450 831 563 876 mense
585 810 766 876 Novembri
801 831 844 874 ex
873 809 1008 874 Oriente
1043 819 1166 874 statuta

57 908 194 974 l'oncilil
218 909 367 990 Nicacni,
398 910 434 972 ia
455 908 567 994 quibam
597 909 651 973 illi
672 931 808 972 canones
829 930 893 972 ooo
915 907 1165 983 invadebantur,

56 1007 199 1074 adducta
222 1015 311 1088 sunt,
336 1015 368 1070 ct
391 1027 433 1070 ex
455 1005 570 1072 Africa
592 1005 635 1070 ad
651 1005 855 1070 Bonifatium
877 1006 986 1085 missa,
1011 1013 1047 1068 ut
1065 1005 1165 1068 fidem

56 1104 133 1168 lacit
157 1104 271 1170 titulos
301 1102 452 1187 Symboli
481 1104 619 1168 Nicacni
652 1105 687 1168 in
711 1102 859 1168 Concilio
883 1101 982 1186 vulgo
1007 1101 1166 1166 Africano

56 1201 112 1266 sub
138 1223 274 1266 numero
300 1199 394 1266 CIV:
417 1201 628 1288 &emptoria
653 1198 788 1266 Concilii
805 1202 944 1266 Niooeai
966 1201 1088 1264 directo
1110 1200 1168 1263 sud

56 1299 102 1364 ‘Kc
133 1297 183 1364 VI
200 1299 276 1364 Kal.
291 1297 453 1364 Decembr.
472 1309 549 1385 post
567 1295 769 1364 Consulatum
781 1299 923 1363 Hortarii
934 1299 1005 1361 XII
1022 1308 1053 1361 et
1071 1299 1166 1361 Tlteo·

56 1397 137 1460 <lorii
178 1395 262 1460 VIH
277 1395 443 1480 Bonifatio
478 1395 566 1462 urbis
588 1397 707 1460 Romae
725 1394 941 1483 'Episcopffll
987 1394 1043 1462 Sic
1066 1395 1169 1478 igitur

57 1497 112 1556 ists
136 1513 190 1556 res
214 1492 317 1556 veluti
342 1492 489 1558 indecisa
512 1492 679 1578 pendebat
703 1494 765 1557 sub
780 1493 939 1558 Bonifatii
964 1493 1167 1578 pontificatu.

57 1591 117 1656 Sed
143 1592 298 1678 quamvis
321 1593 356 1656 in
380 1590 625 1677 exemplaribus
656 1592 814 1656 Nicaenis
842 1613 884 1654 ex
908 1589 1042 1656 Oriente
1066 1599 1168 1654 trans·

58 1690 163 1753 missis
177 1687 252 1752 Afri
264 1687 336 1754 illos
359 1709 503 1754 canones
522 1709 589 1754 non
613 1690 810 1770 invenirent,
830 1699 941 1753 tamen
965 1688 1059 1752 brevi
1083 1697 1168 1773 post,

58 1807 168 1850 versans
191 1785 293 1850 finem
315 1787 531 1852 Pontificatus
556 1787 726 1868 Bonifatii,
749 1785 1004 1872 appellationem
1028 1786 1167 1850 Romam

58 1885 177 1950 direxit
200 1885 368 1948 Antonius
392 1883 596 1950 Fussalensis
626 1886 808 1969 episcopus,
838 1886 894 1969 qui
919 1884 960 1949 ob
984 1886 1094 1947 varias
1117 1907 1170 1948 uc-

58 1983 242 2049 cusatioues
264 1983 299 2046 in
324 1981 438 2046 ordine
462 1981 596 2067 quidem
618 1982 796 2068 episcopali
819 1981 961 2064 relictus,
985 1981 1043 2046 scd
1064 1982 1170 2046 admi-

58 2081 249 2144 nistratione
282 2078 443 2144 dioecesis
474 2079 670 2144 interdictus
701 2081 817 2145 fuerat.
864 2080 982 2144 Exstat
1013 2080 1171 2144 videlicet

59 2175 115 2240 hac
140 2179 176 2242 iu
200 2199 302 2240 causa
325 2176 463 2261 epistole
486 2177 519 2244 S.
543 2178 723 2262 Augustini
748 2179 841 2244 initio
858 2177 1074 2242 Pontificatus
1090 2176 1169 2241 Coe-

59 2273 164 2340 lestini
188 2273 234 2361 (a.
257 2273 338 2359 423)
361 2275 493 2360 scripta,
517 2297 583 2362 qua
606 2275 639 2342 S.
664 2276 871 2360 Augustinus
888 2274 1072 2340 Goelestino
1096 2297 1169 2360 sup·

59 2371 167 2456 plicat,
190 2393 234 2438 nc
258 2371 339 2436 velit
361 2373 396 2438 in
428 2372 575 2438 favorem
608 2372 804 2459 appellantis
835 2374 1031 2438 sententiam
1055 2374 1171 2435 immu-

58 2481 133 2552 tare,
159 2492 199 2534 co
224 2469 278 2534 vcl
301 2471 406 2554 magis
437 2470 526 2556 quod
559 2471 781 2558 imprudentia
809 2472 913 2556 ipsius
936 2471 1077 2534 fateatur
1098 2491 1172 2532 eve·

59 2571 153 2650 nisse,
179 2579 217 2634 ut
240 2568 378 2652 indigno
401 2569 610 2654 episcopatus
635 2567 878 2654 conferretur2).
917 2567 1010 2633 Nihil
1033 2589 1111 2630 vero
1135 2569 1169 2630 in

58 2665 116 2732 hac
147 2665 288 2754 epistola
319 2666 529 2750 Augustinus
561 2665 663 2730 habet
685 2675 799 2730 oontm
822 2669 930 2752 ipsum
949 2667 1005 2752 jus
1028 2665 1171 2751 appella·

59 2767 184 2830 tionum
208 2765 251 2830 ad
275 2765 460 2830 Romanum
485 2765 688 2830 Pontificem.

143 2864 199 2928 39.
225 2862 404 2948 Aliquanto
428 2873 501 2949 post
524 2861 567 2949 (a.
591 2863 657 2926 424
680 2862 734 2926 vel
756 2859 836 2948 425)
860 2861 991 2942 accidit,
1015 2871 1052 2924 ut
1071 2859 1343 2945 Apin-spartanus.

60 2961 123 3026 rius
148 2960 205 3026 ille
237 2981 399 3025 novorum
432 2961 609 3025 eriminum
641 2982 716 3024 reus
748 2960 791 3024 ab
815 2958 954 3024 ecclesia
977 2956 1172 3022 Tabracena

8 3099 9 3138 ,
60 3060 365 3124 excommunicatus
388 3067 422 3122 et
443 3058 611 3145 depositus
634 3059 742 3122 fuerit.
784 3059 910 3122 Rursus
935 3057 1074 3122 Romam
1098 3075 1172 3118 con-

60 3155 141 3240 fugit
165 3154 398 3222 etOoelestino
422 3158 467 3221 ita
491 3159 657 3242 imposuit,
682 3167 718 3220 ut
740 3155 905 3236 Pontifex,
926 3153 1100 3239 Apiarium
1126 3154 1173 3216 in·

8 3277 10 3332 a
60 3256 195 3318 noxium
219 3253 366 3334 credens,
390 3275 466 3320 eum
489 3255 525 3318 in
546 3253 696 3320 Africam
711 3254 883 3333 remiserit,
908 3274 974 3316 una
997 3273 1074 3314 cum
1089 3251 1173 3314 Fau-

60 3351 141 3414 stlno
167 3352 322 3436 episeopo
349 3352 538 3433 Potentiae,
569 3355 626 3438 qui
659 3373 735 3418 eum
768 3350 1008 3416 restituendum
1032 3358 1174 3414 curaret.

62 3447 184 3512 Verum
221 3448 380 3514 Aurelius
416 3447 687 3535 Carthaginensis
718 3461 750 3514 et
783 3449 839 3514 alii
868 3449 1012 3535 episcopi
1038 3446 1173 3511 Cartha·

59 3547 133 3628 gine
163 3548 409 3628 convenientes,
434 3547 610 3633 Apiarium
641 3558 690 3612 tot
720 3549 896 3612 eriminum
927 3568 947 3609 a
970 3544 1175 3610 Tabraccnis

59 3655 250 3708 menmium
274 3645 481 3726 invenerunt,
507 3656 543 3710 ut
574 3646 766 3726 Faustinus,
800 3646 886 3708 sicut
909 3645 971 3729 ipsi
996 3642 1038 3707 ad
1064 3640 1175 3706 Coele

61 3745 182 3808 sunum
204 3740 365 3822 sor-ibunt,
389 3763 466 3806 eum
489 3764 630 3829 purgans
654 3763 720 3808 non
743 3751 861 3828 posset.
908 3741 1053 3806 Domum
1073 3740 1174 3825 Apis·

9 3891 11 3914 ,
61 3841 125 3904 uns
147 3839 311 3904 scelerum
333 3861 467 3906 snorum
491 3842 693 3906 conscicntia
720 3839 909 3925 compulsus
931 3839 966 3904 in
989 3837 1115 3922 synodo
1139 3859 1175 3902 se

62 3959 149 4004 mum
173 3937 343 4004 confessus
366 3947 415 4002 est
430 3939 617 4020 criminum,
633 3949 765 4025 propter
779 3959 863 4023 quae
889 3937 997 4000 fuerat
1020 3933 1172 4000 condem·

133 4171 154 4238 ¹)
173 4169 205 4223 V.
225 4167 315 4222 Laobi
334 4167 399 4223 0011.
418 4169 496 4223 Cone.
514 4167 545 4222 Τ.
564 4167 598 4224 11.
618 4185 643 4236 p.
664 4167 741 4223 1674.

132 4251 152 4320 ¹)
170 4250 204 4303 V.
222 4249 248 4303 S.
268 4249 416 4318 Augustini
435 4263 476 4317 ep
495 4249 555 4302 209.
