2836 4804
358 433 477 490 Examen
496 434 633 501 Epistulae
652 434 686 488 sd
703 434 873 490 Flavianum.
1122 439 1174 490 301

78 578 160 642 fidem
183 578 313 656 mutari,
338 601 377 642 ac
401 599 434 642 se
458 585 569 642 tenere
597 579 668 642 siue
691 579 903 642 innovatione
926 580 1080 664 antiquas
1104 579 1180 644 illas

78 676 243 758 doctrinas3
269 685 300 739 et
323 696 518 760 percorum
543 674 700 740 clamores
731 678 830 741 etiam
853 676 929 740 laici
954 679 1063 740 minus
1087 676 1177 744 docti

77 775 293 838 circumveniri
328 783 488 858 poteraut.
541 772 773 858 Opportunum
810 795 874 839 non
910 785 995 855 erat,
1029 777 1077 838 uti
1104 777 1176 861 jam

76 871 215 953 diximus,
240 873 390 934 insistere
413 868 460 934 illi
484 871 658 955 principio,
677 891 736 955 per
750 893 784 935 se
808 893 850 934 ex
872 873 1067 938 auctoritato
1081 873 1180 940 Sedis

76 968 228 1034 Romanae
252 979 415 1050 constare,
440 966 611 1052 epistolam
637 968 759 1033 Leonis
783 968 981 1034 conformem
1005 993 1075 1034 esse
1098 971 1176 1036 fidei

76 1067 226 1131 Nicaenac
258 1075 290 1130 et
313 1064 476 1130 CPtanae.
524 1064 698 1130 Caeterum
722 1064 907 1130 nullatenus
931 1067 984 1131 vel
1008 1069 1069 1153 ipsi
1089 1070 1178 1154 judi-

75 1187 118 1228 ces
137 1164 213 1228 laici
238 1185 378 1228 examen
403 1161 627 1228 dubitativum
652 1162 826 1243 volebant,
851 1163 1001 1230 videntes
1024 1165 1180 1250 plurimo-

74 1285 134 1326 rum
155 1263 291 1326 Patrum
322 1261 583 1326 testificationem
618 1261 848 1346 supponebant
880 1283 971 1343 sane,
1006 1264 1179 1348 epistolam

73 1382 131 1424 esse
153 1361 368 1440 conformem,
393 1358 451 1422 sed
485 1357 640 1423 volebant
672 1367 708 1421 ut
730 1357 778 1423 illi
801 1359 946 1444 episcopi
971 1360 1180 1428 docerentur.

75 1457 149 1522 Hinc
171 1458 229 1522 illa
254 1478 366 1520 eorum
397 1455 518 1520 verba:
567 1457 643 1520 Non
665 1466 711 1519 est
738 1458 956 1535 neceesarium,
989 1479 1093 1524 ornnes
1123 1483 1182 1525 voe

72 1559 231 1620 concenire.
282 1553 345 1618 Sed
377 1556 453 1638 quia
483 1555 667 1618 conveniens
697 1563 756 1634 eat,
789 1553 929 1616 omnibus
962 1554 1180 1622 dubitantibus

18 1726 22 1747 Ι
69 1653 269 1736 peruadere,
298 1651 470 1716 Anatolina
494 1649 591 1737 elipot
622 1673 662 1714 en
684 1652 731 1715 nis
756 1652 810 1736 qui
831 1649 1079 1737 mbeerepaerunt
1103 1677 1181 1739 quoa

18 1765 22 1830 ξ
68 1752 218 1834 pmoouit
242 1749 372 1813 idorwos
397 1771 461 1812 eoae
485 1749 530 1812 od
553 1749 723 1812 docendum
747 1770 798 1811 eos
820 1750 874 1834 qui
896 1748 1051 1815 dubitant.
1089 1751 1178 1818 Dein

18 1871 19 1876 ¹
72 1849 98 1912 in
119 1849 261 1912 Actione
286 1859 405 1932 quarta
428 1869 493 1910 non
517 1847 659 1932 amplius
687 1855 796 1909 actum
820 1857 869 1910 est
892 1846 933 1910 de
956 1850 1108 1930 examine
1132 1873 1181 1914 se-

72 1947 119 2026 rio,
150 1945 275 2027 libero,
305 1944 570 2024 contradictorio,
596 1944 756 2030 juridico,
790 1942 847 2006 sed
880 1946 1089 2028 magistratus
1120 1951 1177 2034 qui

72 2054 146 2106 certe
173 2045 248 2128 jam
282 2042 524 2126 cognoscebant
559 2043 721 2106 examinis
749 2043 912 2122 effectum,
936 2044 1101 2128 petierunt
1124 2068 1178 2108 ex·

70 2140 207 2224 plicitum
233 2142 381 2204 omnium
405 2141 667 2204 testificationem
693 2139 733 2202 de
764 2139 992 2204 conformitate
1022 2143 1181 2227 epistolae

70 2261 133 2302 nnn
158 2239 227 2304 fide
244 2239 391 2303 Nicaena
411 2249 443 2302 et
464 2237 607 2303 OPtana.
654 2237 747 2301 Haec
770 2237 955 2302 testificatio
980 2239 1070 2306 utilis
1097 2251 1180 2322 erat,

69 2348 97 2399 nt
127 2345 255 2423 pateret
287 2345 358 2400 tum
389 2336 559 2402 catholicis
592 2347 661 2400 tum
697 2335 871 2400 haereticis
902 2336 999 2402 modo
1029 2339 1180 2420 solemni,

68 2437 230 2520 antiquam
255 2433 355 2498 fidem
387 2457 407 2498 a
428 2435 540 2500 Leone
561 2433 767 2520 proclamari.
812 2432 991 2498 Petebatur
1013 2437 1113 2520 igitur
1135 2436 1181 2500 ab

68 2534 224 2618 episcopis
257 2532 312 2596 ille
348 2555 492 2596 maenada
514 2531 756 2618 intellipcnta'ac,
780 2533 836 2615 qui
861 2531 1047 2597 nullatenus
1070 2535 1180 2600 exclu-

66 2628 106 2692 dit
122 2631 195 2716 jam
221 2629 472 2715 praecedentem
506 2639 539 2693 ct
567 2638 816 2715 permanentem
848 2651 1016 2695 assensum
1040 2630 1180 2696 submis-

66 2727 168 2792 sionis.
217 2727 272 2792 Sic
305 2730 403 2792 etiam
437 2725 587 2812 patebat,
621 2724 791 2811 epistolam
824 2726 865 2790 ab
890 2729 1051 2813 episcopis
1074 2731 1179 2814 recipi

66 2847 123 2890 non
157 2847 268 2908 caece,
303 2835 336 2890 et
369 2847 435 2890 non
469 2825 573 2890 solum
598 2824 709 2889 debita
743 2824 971 2905 submissione,
996 2825 1179 2890 sedetiam

65 2943 133 2988 cum
157 2947 199 2988 ee
232 2923 451 3007 intelligentia
484 2924 650 3003 veritatis,
675 2943 759 3008 quae
792 2924 949 2986 convenit
980 2923 1020 2986 iis
1053 2924 1109 3008 qui
1142 2925 1177 2988 in

66 3019 209 3088 Ecclesia
234 3029 311 3085 sont
325 3019 473 3102 Judices,
488 3019 641 3084 Pastores
664 3031 696 3083 ct
710 3019 881 3084 Doctores.
904 3057 947 3066 —
963 3019 1074 3100 Quum
1098 3043 1180 3086 vero

64 3130 212 3202 ageretur
247 3119 288 3184 de
325 3120 386 3182 isto
422 3139 558 3182 assensu
592 3117 838 3202 intelligentiae,
863 3119 982 3181 mirum
1017 3139 1082 3182 non
1118 3129 1177 3200 est,

65 3218 146 3300 quod
171 3216 282 3302 plures
305 3217 467 3280 motivum
482 3214 731 3300 subscriptionis
752 3215 886 3278 dicunt:
911 3216 986 3300 quio
1009 3216 1181 3302 conformia

65 3327 105 3378 ert
127 3338 197 3379 uena
220 3314 353 3399 anuum
366 3313 444 3396 fide.
493 3311 588 3378 Certe
603 3313 682 3377 dum
697 3311 825 3395 analysi
849 3312 1029 3376 scientifica
1053 3315 1178 3378 motiva

65 3433 213 3476 assensus
244 3410 501 3494 distinguuntur,
535 3409 600 3474 alia
632 3411 849 3474 inveniuntur
880 3432 950 3474 esse
982 3411 1016 3474 in
1041 3412 1179 3476 submis-

64 3511 151 3574 sione
176 3509 218 3574 ob
242 3510 481 3588 anctoritatem,
505 3506 571 3572 alia
593 3508 627 3570 in
649 3529 783 3572 assensn
807 3507 1053 3592 intelligentiae,
1077 3520 1177 3595 atque

65 3618 198 3694 uterque
232 3629 383 3671 assensus
413 3628 433 3668 a
455 3605 610 3670 Patribus
643 3604 799 3690 epistolae
826 3606 1062 3689 praestabatur.
1110 3606 1178 3674 Sed

64 3705 222 3790 ejusmodi
257 3703 483 3769 distinctiones
516 3713 547 3767 et
580 3702 816 3788 explicationes
848 3703 955 3768 facere
986 3704 1075 3768 hand
1108 3715 1179 3770 erat

64 3803 147 3868 illins
171 3803 234 3868 loci
259 3811 291 3866 et
314 3803 479 3887 temporis,
504 3801 651 3887 adeoque
684 3824 726 3865 ex
750 3800 859 3865 indole
883 3803 1082 3886 quaestionis
1105 3824 1179 3888 pro·

65 3900 226 3982 veniebat,
252 3907 288 3964 ut
310 3900 424 3964 Patres
448 3908 741 3964 commemorarent
763 3899 887 3962 motiva
909 3921 1061 3964 assensus
1084 3900 1177 3965 iutel-

8 4011 9 4060 l
64 3997 227 4082 ligentiac.
273 3995 329 4062 Sic
353 3997 440 4062 clare
464 3996 608 4081 patebat,
642 3996 683 4060 ab
709 3996 862 4060 omnibus
885 3999 1018 4081 agnosci
1043 3999 1179 4082 propria

8 4077 9 4112 l
63 4097 200 4160 scientia
215 4094 385 4180 epistolam
402 4104 438 4157 ut
462 4094 658 4158 concordem
681 4093 759 4157 fidei
774 4094 941 4158 Nicaenae
964 4104 997 4158 et
1012 4093 1177 4160 CPtanae.

149 4195 203 4260 54.
230 4192 309 4276 ,S’il
341 4203 389 4256 est
422 4194 555 4272 certain,
579 4192 673 4256 addit
701 4203 824 4274 auctor,
849 4215 912 4278 que
944 4191 975 4254 la
1007 4191 1100 4256 lettre
1135 4192 1177 4256 de
