2936 4814
504 475 619 552 'lempna
637 476 777 538 adveutua
1179 478 1213 543 ri

112 629 252 711 manyris
275 623 377 713 (saec.
399 624 448 713 II)
471 626 523 693 his
547 625 675 692 verbis:
699 628 752 692 Ad
774 629 849 694 haee
864 639 1013 716 tmiqaom
1027 645 1215 698 coaeterum

111 730 270 794 traditione
293 719 350 807 (ὣς
372 725 407 792 ἐκ
430 723 651 812 παραδόσεως)
679 726 779 813 refert
801 725 1022 816 (Apollonius)
1045 731 1215 796 Domiam

110 826 259 912 apostolis
282 830 351 892 mie
368 826 579 914 praecepisse,
606 847 646 887 aa
675 824 764 888 intra
792 825 955 890 duodecim
978 851 1079 892 aanor
1103 830 1214 894 Hiero-

110 926 225 1010 solymis
246 923 478 1008 eecedcreat.¹)
502 921 604 986 Paulo
619 923 805 986 accuratius
829 922 980 987 camdem
992 925 1214 992 traditionem

109 1043 144 1084 er
163 1023 336 1086 Itinerario
359 1022 448 1086 Petri
480 1019 632 1083 Clemens
663 1017 908 1084 Alexandrinus
938 1020 1072 1108 (Strom.
1102 1023 1123 1089 l.
1155 1025 1213 1092 VI.

108 1125 133 1194 ,8.
161 1119 194 1206 6)
218 1121 263 1183 ita
295 1120 407 1201 refert,
441 1125 477 1182 ut
509 1118 538 1180 ei
562 1115 661 1180 fidem
694 1137 729 1180 ss
751 1115 906 1182 habuisse
936 1121 1102 1185 ostendat:
1126 1125 1215 1188 Dicit

111 1217 216 1294 Petne,
246 1219 422 1281 Dominam
451 1214 614 1300 Apostolis
644 1215 783 1278 diriore:
819 1216 894 1280 Poet
923 1217 1085 1282 duodecim
1114 1243 1215 1286 oricoa

107 1315 279 1400 egredimini
291 1317 330 1378 ia
342 1314 510 1404 ‚mandam
535 1337 572 1375 ae
592 1314 662 1396 quis
685 1312 789 1376 dicet:
810 1335 875 1376 aaa
889 1307 1076 1381 audivimas.
1102 1316 1213 1397 Quum

109 1435 175 1475 vero
197 1413 348 1476 ascensio
368 1411 504 1475 Domini
528 1409 654 1474 incidat
677 1411 711 1473 in
735 1431 764 1474 a.
785 1411 837 1491 29,
862 1409 957 1476 vides
979 1433 1094 1476 versus
1116 1437 1146 1480 a.
1170 1416 1214 1479 42

108 1507 169 1572 illos
196 1509 376 1573 duodecim
406 1529 509 1572 annos
539 1507 686 1592 praecise
717 1505 843 1592 elapsos
873 1531 953 1575 esse.
999 1511 1109 1577 Etiam
1141 1535 1213 1576 con-

108 1608 279 1670 versionem
305 1604 452 1670 Cornelii
486 1615 518 1668 et
550 1605 711 1668 visionem
735 1605 834 1687 Petri,
867 1627 933 1691 qua
965 1607 1027 1692 ipsi
1052 1610 1212 1692 signitica-

108 1703 192 1766 batur
222 1713 357 1790 tempus
390 1705 511 1766 instare
543 1701 752 1766 admissionis
784 1703 958 1785 gentilium
991 1705 1034 1768 ad
1058 1705 1212 1770 Christia-

106 1803 246 1884 nismum,
262 1799 433 1884 colligitur
446 1799 488 1864 ab
503 1798 640 1862 eruditis
655 1819 697 1861 ex
712 1798 852 1864 Actibus
866 1800 954 1886 App.
980 1823 1093 1866 versus
1116 1827 1145 1868 a.
1169 1805 1213 1868 40

106 1899 262 1964 accidisse.

182 1999 235 2062 48.
259 1997 369 2060 Nemo
392 2015 489 2080 porro
512 1995 722 2077 antiquorum
745 1993 892 2076 tradidit,
915 1995 1050 2060 Petrum
1074 1997 1212 2062 Romam

106 2095 222 2158 venisse
245 2105 428 2178 antequam
458 2089 500 2155 ab
530 2088 662 2154 Herode
693 2088 843 2176 Agrippa
874 2100 1020 2176 tempore
1042 2094 1213 2159 Paschatis

107 2191 134 2254 in
156 2193 289 2255 vincula
315 2191 549 2275 conjiceretur3
573 2187 631 2280 sed
654 2189 717 2250 iter
730 2187 917 2251 Romanum
940 2198 1015 2273 post
1037 2189 1119 2255 haec
1140 2215 1213 2278 sup-

106 2289 226 2370 ponitur
255 2290 383 2353 factum
414 2287 524 2350 fuisse.
579 2285 737 2349 Jamvero
767 2285 830 2349 ista
869 2287 1085 2373 incarceratis
1124 2291 1212 2354 Petri

106 2385 211 2450 incidit
233 2387 268 2450 in
294 2409 326 2450 a.
349 2385 405 2449 42.
437 2383 490 2448 Ex
503 2381 649 2468 Joacpho
673 2383 761 2446 enim
778 2382 951 2468 colligitur,
975 2384 1101 2472 aliquot
1125 2409 1212 2450 men-

105 2480 184 2546 sibus
205 2489 384 2569 postquam
408 2479 567 2544 Claudius
589 2481 742 2565 pervenit
765 2479 808 2543 ad
831 2502 970 2565 regnum
994 2481 1049 2570 (21
1065 2483 1212 2570 Jan.41)

107 2579 260 2645 Herodem
285 2579 472 2665 Agrippam
495 2577 537 2642 ab
561 2579 633 2663 ipso
656 2578 756 2641 totius
774 2577 981 2644 Palaestinae
1003 2603 1114 2665 regem
1139 2603 1213 2645 con-

105 2679 241 2742 stitutum
267 2681 304 2742 in
328 2676 493 2741 Judaeam
517 2676 665 2756 venisse3
699 2674 734 2738 id
766 2697 870 2760 usque
897 2676 941 2741 ad
964 2677 1092 2742 Pascha
1115 2703 1145 2744 a.
1168 2681 1209 2743 41

106 2771 166 2838 lieri
188 2797 254 2840 non
278 2776 397 2861 potuit.
429 2773 528 2838 Unde
551 2772 654 2837 veluti
678 2793 737 2857 per
759 2795 794 2836 se
816 2773 1031 2859 perducimur
1053 2775 1095 2840 ad
1111 2799 1140 2841 a.
1156 2778 1211 2858 42,

106 2881 135 2932 ut
155 2893 379 2960 supponamus
410 2881 484 2958 post
514 2870 743 2935 liberationem
775 2892 818 2934 cx
850 2891 981 2934 carcere
1014 2873 1046 2938 S.
1078 2873 1211 2938 Petrum

107 2967 231 3036 Homam
265 2970 450 3056 profectum
484 2989 570 3049 esse3
604 2989 707 3052 eoque
738 2967 852 3030 referri
885 2979 1022 3054 possunt
1051 2970 1154 3035 verba
1178 2973 1210 3038 S.

107 3065 205 3130 Lucae
228 3069 306 3133 Act.
333 3068 384 3150 12,
411 3069 467 3130 ll:
492 3063 560 3129 Καὶ
578 3061 722 3144 ἐξελθών
737 3062 901 3152 ἐπορεύθη
916 3061 962 3143 εἷς
977 3061 1085 3152 ’ἕτερον
1098 3067 1210 3134 τόπον.

105 3161 184 3226 llors
206 3165 360 3246 Herodis,
385 3187 483 3250 quam
508 3165 542 3229 S.
562 3163 671 3227 Lucas
695 3163 771 3226 dein
796 3173 917 3245 narrat,
941 3167 1072 3248 accidit,
1096 3168 1144 3230 uti
1169 3189 1211 3230 ex

104 3259 239 3347 losepho
273 3261 448 3346 colligitur,
481 3271 659 3326 auctumno
684 3283 713 3325 a.
737 3262 790 3325 43.
828 3260 895 3327 Sed
925 3259 1003 3326 huic
1034 3286 1120 3328 anno
1145 3287 1210 3330 non

105 3369 201 3439 puteat
213 3361 451 3424 convenienter
471 3358 613 3426 adscribi
630 3361 691 3422 iter
705 3359 738 3424 S.
752 3360 842 3423 Petri
858 3359 1053 3427 Romanum.
1077 3363 1211 3427 Etenim

105 3457 278 3522 secundm
303 3459 513 3544 antiquorum
544 3467 716 3520 auctorum
739 3456 942 3538 relationem,
968 3458 1124 3524 videlicet
1146 3462 1211 3524 Eu·

105 3551 178 3616 sebii
201 3557 235 3618 iu
270 3553 434 3620 Chronico
467 3565 500 3618 et
531 3555 738 3638 Hieronymi,
771 3554 804 3620 S.
837 3557 970 3620 Marcus
1001 3557 1112 3622 adhuc
1134 3569 1210 3624 ante

107 3661 232 3715 mortem
273 3652 415 3717 Herodis
451 3677 481 3718 a.
521 3653 572 3716 lll
606 3651 736 3716 Claudii
771 3653 842 3738 jam
876 3655 993 3718 missus
1026 3666 1075 3719 est
1106 3656 1210 3721 Roma
1267 3675 1270 3682 '

106 3745 345 3830 Alexandriam,
369 3761 541 3837 postquam
551 3749 675 3814 Romae
693 3749 765 3835 jam
789 3752 964 3835 scripserat
977 3753 1208 3837 Evangeliuru.

108 3843 139 3906 ln
169 3847 304 3911 Eusebii
339 3847 502 3912 Chronico
535 3848 676 3912 habetur
698 3849 741 3912 ad
764 3871 794 3913 a.
818 3849 870 3912 lll
894 3847 1043 3914 Claudii:
1080 3854 1210 3918 Morcus

109 3941 300 4030 troadam
323 3947 477 4031 interpres
500 3947 587 4010 Petri
607 3946 747 4031 Aepypto
771 3955 801 4009 et
817 3946 1036 4011 Aleaeoadrice
1055 3946 1210 4014 C'lrriotrrm

108 4046 276 4107 ‹raaaatiat
324 4043 548 4128 Hieronymus
579 4065 656 4106 vcro
691 4042 795 4109 Catal.
830 4044 948 4130 Script.
983 4045 1043 4110 sub
1077 4049 1209 4112 nourine

124 4177 307 4189 -ψ

174 4247 193 4312 ¹)
211 4245 243 4300 Η.
264 4245 296 4304 E.
315 4246 333 4302 l.
352 4246 384 4300 V.
403 4263 424 4301 c
446 4249 487 4304 18.
