2806 4848
421 507 464 563 SS.
483 505 599 561 Basilius
617 509 646 561 ct
663 503 792 560 Hlarlns.
1113 497 1162 560 l'll

53 667 177 742 oportet
199 677 268 718 eum
291 675 331 716 etc
353 651 474 715 diverso
494 673 554 738 per
576 647 761 714 humilitatis
784 649 943 730 exercitia,
968 649 1165 734 (emarcidum

53 765 155 817 antem
180 749 368 816 numilitatis
390 759 448 827 est,
472 750 507 815 in
528 747 692 814 vilioribus
713 748 846 834 neqotiis
867 747 1039 834 occupari),
1062 747 1099 810 id
1121 749 1163 810 ei·

53 854 127 914 dam
161 851 282 914 amoris
313 847 433 934 alariae
465 869 585 924 meare,
620 895 627 910 .
662 895 668 909 .
704 894 712 909 .
746 857 776 908 et
797 847 832 908 ia
859 845 999 932 asymis»
1013 844 1164 934 ejusmodi

49 947 191 1034 peccatis
213 945 367 1010 sinnliter.
392 983 435 992 —
459 943 545 1009 Satis
568 953 658 1029 patet
681 964 723 1006 ex
746 942 866 1027 regulis
889 944 958 1007 istis
977 941 1088 1008 Sancti
1104 942 1163 1006 Ba-

53 1145 81 1207 in
110 1141 325 1207 monasteriis
356 1139 409 1204 vel
441 1141 475 1204 in
508 1161 615 1204 eremo
648 1140 822 1203 asceticam
854 1139 957 1202 vitam
990 1137 1163 1218 ducebant,

52 1241 147 1304 facile
183 1239 350 1304 redditum
383 1237 492 1319 luisse,
527 1247 563 1301 ut
600 1235 689 1322 apud
721 1235 906 1300 sacerdotes
945 1236 1165 1300 confessiones

52 1348 266 1423 peccatorum
290 1357 421 1400 suorum
445 1343 648 1424 peragerent.
693 1332 776 1398 Inde
799 1342 909 1398 autem
932 1332 1052 1397 inferre
1075 1331 1162 1416 licet,

52 1439 86 1499 iis
109 1449 249 1522 qnoque
273 1435 328 1520 qui
359 1435 393 1498 in
427 1433 557 1498 saeculo
590 1429 750 1496 vivebant
780 1439 971 1496 consuetum
994 1430 1103 1512 fuisse,
1127 1441 1165 1495 ut

52 1534 73 1597 si
97 1535 342 1598 conscientiam
364 1533 508 1620 peccatis
532 1530 690 1616 gravibus
712 1537 878 1593 oneratam
905 1527 1073 1608 haberent,
1097 1549 1162 1593 non

52 1633 153 1696 solnm
186 1633 356 1716 episcopo,
390 1630 446 1694 sed
476 1631 575 1694 etiam
605 1627 678 1693 aliis
701 1627 898 1716 presbyteris
922 1627 1068 1692 confiteri
1091 1649 1164 1712 poo-

52 1741 119 1793 cata
144 1726 329 1818 passaw).

135 1925 196 1990 46.
222 1925 322 1989 Haud
345 1927 391 1988 ita
422 1945 529 1988 raram
563 1925 648 1988 intcr
677 1924 778 1988 laicos
807 1943 937 2010 quoquc
963 1923 1065 1986 fuisso
1088 1943 1193 1995 con-s,
1210 1952 1311 1995 mum

52 2025 229 2088 sessionem
254 2031 285 2087 st
307 2023 551 2109 poenitentiam,
576 2023 674 2086 etiam
698 2024 823 2086 eruitur
850 2043 892 2086 ox
914 2021 993 2085 Vita
1016 2020 1049 2086 S.
1073 2021 1163 2085 Hila-

53 2125 86 2186 rii
102 2121 322 2202 Arelatensis,
347 2123 468 2206 scripta
491 2120 693 2184 aHonorsto
715 2120 912 2186 Massiliensi
937 2121 1006 2205 ejus
1030 2139 1162 2184 coaevo.

55 2219 321 2304 Quotiescssmque,
345 2218 467 2299 scribit,
485 2219 714 2304 poeaitentiam
746 2219 842 2296 dedit,
868 2243 959 2306 saepe
984 2219 1035 2282 die
1058 2219 1164 2282 Domi·

54 2320 116 2380 nico
142 2317 192 2381 ad
217 2339 284 2380 ame
315 2316 405 2380 turba
434 2318 528 2380 naria
550 2315 729 2406 construebat.
765 2317 817 2380 Ad
841 2322 906 2406 ejus
930 2318 1165 2401 castiqationem

52 2417 235 2501 armumque
259 2415 367 2477 adesse
389 2413 537 2478 uoluisset
567 2411 775 2500 lacrymosam
807 2436 839 2478 se
861 2413 1010 2478 imbribus
1034 2413 1165 2492 eluebat,

55 2512 238 2576 coelestibus
255 2511 375 2600 judicii
405 2511 573 2576 terroribus
596 2514 821 2600 promissisque
851 2533 1021 2575 succensus.
1073 2512 1168 2574 Tanti

54 2612 198 2695 uomitus,
224 2611 307 2674 tanti
320 2609 415 2697 fletus
447 2609 645 2673 odolamites
668 2610 884 2691 nascebantur,
913 2619 950 2673 nt
971 2611 1053 2672 uitae
1070 2631 1166 2696 prae·

55 2711 148 2774 sentis
171 2709 335 2772 donarent
365 2707 583 2771 habitaculam.
641 2705 719 2780 Quis
749 2709 796 2771 ita
811 2707 921 2794 sntmi
944 2707 1062 2796 jtsdicii
1083 2727 1166 2769 mon·

56 2809 167 2871 movit
197 2805 352 2870 mamea?
387 2803 465 2878 Quis
494 2806 542 2868 ita
575 2803 766 2868 tenebrosam
797 2803 980 2869 terribiliter
1009 2798 1167 2868 intimavit

56 2903 255 2978 incendium?
296 2899 374 2976 Quis
388 2903 434 2966 ita
448 2902 544 2990 fluvii
558 2903 715 2966 caurensis
723 2903 850 2989 polites·
873 2913 902 2965 et
923 2903 1079 2989 rapientia
1101 2925 1166 2966 aa·

55 3003 154 3065 naues
169 3001 351 3088 capressit?
377 2999 599 3064 Admonitione
616 2998 765 3086 completa
790 3023 856 3064 cnm
880 2991 1026 3088 lacunis
1049 2999 1166 3087 simpli-

1 3147 2 3176 ,
56 3101 217 3163 cationum
236 3097 375 3162 sumebat
391 3097 533 3176 exordia,
557 3107 593 3161 at
602 3101 816 3184 poenitentiae
831 3098 974 3184 fruotmn
998 3121 1084 3183 quen
1107 3119 1167 3161 mo-

56 3195 155 3261 nendo
191 3193 376 3278 contulerat,
410 3195 531 3258 orando
552 3195 706 3280 firmaret.
755 3195 841 3260 Nam
872 3195 984 3259 mulier
1014 3195 1168 3281 quaedam

1 3303 2 3372 ἶ
56 3293 124 3357 dum
148 3317 268 3356 manns
291 3297 358 3384 ejus
389 3294 588 3380 impositione
619 3293 818 3375 benedicitur,
842 3295 940 3358 visum
964 3317 994 3358 se
1016 3295 1168 3380 recepisse

1 3461 2 3472 ,
53 3390 242 3476 acclamat,
257 3388 401 3474 (aestimo
415 3391 497 3477 qnod
509 3401 604 3454 antea
616 3393 761 3454 interiori
772 3393 889 3455 homini
895 3393 1069 3478 praestitit,
1086 3391 1168 3477 quod

1 3479 2 3536 ἶ
57 3489 209 3552 soterio-ri
225 3489 424 3574 postmodam
455 3487 674 3576 impetravit').
721 3488 841 3572 Agitur
870 3488 925 3553 hio
957 3488 997 3552 de
1021 3498 1167 3574 pcccato-

1 3605 2 3612 ‘
56 3607 124 3649 rum
159 3585 367 3649 confessione
401 3593 435 3649 et
465 3583 739 3666 reconciliatione,
773 3606 871 3672 quam
895 3587 1017 3672 passim
1051 3585 1167 3650 diebus

57 3683 243 3772 Dominicis
267 3703 385 3768 magno
410 3705 485 3746 oum
506 3704 666 3746 concursu
681 3683 803 3747 lactem
820 3705 898 3765 esse,
923 3672 1036 3747 auctor
1058 3685 1166 3748 refert.

57 3779 168 3868 Neque
191 3781 277 3844 haec
291 3790 447 3868 ,spectare
471 3780 593 3844 dixeris
609 3789 805 3866 peccatores,
831 3783 885 3867 qui
911 3781 1066 3845 diuturno
1090 3791 1167 3844 tem·

61 3957 267 3968 ---——-—-—-

127 4038 149 4106 ¹)
168 4034 301 4110 Auditis
318 4041 431 4110 possum
460 4033 515 4092 alia
533 4037 619 4092 multa
646 4037 800 4094 testimonia
818 4031 938 4094 Petrum*
950 4037 1120 4092 orientalium
1139 4044 1168 4092 et

58 4115 189 4182 Syrorum,
208 4115 251 4170 nti
270 4115 320 4170 88.-
333 4115 459 4184 Ephremi
478 4123 506 4170 et
524 4117 677 4186 Aphraatis.
707 4117 761 4172 Cir.
781 4133 813 4172 aa
831 4109 899 4188 qnae
918 4117 999 4172 habet
1017 4117 1120 4175 Bis—nell
1139 4117 1167 4175 in

58 4193 254 4250 Dissertationc
270 4195 327 4264 jani
345 4193 462 4249 laudata.

126 4281 148 4348 ¹)
167 4271 806 4346 Ap.‘13011mt;sdtzl⁷.·llui;vitauffl.
826 4293 852 4334 n.
874 4279 915 4336 17.
