2810 4846
242 454 295 508 804
627 451 667 506 De
685 450 802 505 Condlio
820 447 962 520 Ephesiae.

243 595 317 658 laec
351 605 491 680 tempora
525 595 640 678 dipem
665 597 830 684 predicatur
845 595 960 680 fierit,
978 595 1178 679 promtum.
1224 595 1335 657 Eziada
1386 589 1387 600 ,

236 697 307 781 jum
330 713 452 756 neeman
475 702 654 778 tenuiorem,
664 691 893 778 presbyterium
918 690 968 754 cel
990 692 1211 778 episcopatem
1233 693 1259 754 ai
1278 713 1336 754 eun

243 789 319 853 oleri
342 814 378 854 uc
395 789 500 876 plebia
522 789 713 854 adamando
735 789 852 867 electio,
874 809 939 852 non
960 789 1111 852 immeo-lto
1135 790 1286 854 eaesae.

1386 899 1387 973 l

1386 981 1387 1032 l

334 890 384 953 17.
410 888 502 951 Haec
524 889 625 970 igitur
648 909 746 973 quum
780 888 895 972 paucis
917 896 995 950 ante
1016 889 1112 950 annis
1134 885 1268 950 Siricius
1289 885 1337 948 Hi·

244 987 379 1072 speniae
412 985 575 1070 episcopis
608 987 805 1071 scripsisset,
841 986 875 1048 in
911 983 1118 1050 ordinatione
1151 983 1184 1048 S.
1222 981 1337 1049 Paulini

244 1085 429 1149 Barcinone
451 1085 547 1164 facte,
582 1082 768 1147 nullatenus
800 1082 973 1146 observata
1004 1082 1144 1146 fuerant.
1191 1079 1223 1146 a.
1245 1081 1339 1146 Pauli·
1386 1051 1387 1132 l

244 1205 308 1248 nus
341 1179 511 1264 Burdigali
547 1183 580 1244 in
615 1180 724 1248 Gallia
756 1183 852 1244 cirea
880 1201 909 1244 a
944 1181 1009 1245 353
1033 1200 1075 1244 ex
1109 1178 1213 1244 nobili
1235 1201 1339 1266 genere

246 1289 345 1362 ortus,
382 1279 567 1364 eloquentia
602 1289 634 1343 et
656 1278 840 1343 eruditione
864 1277 983 1360 floruit,
1011 1299 1052 1340 ac
1074 1275 1198 1342 Romae
1221 1277 1260 1342 ad
1282 1280 1339 1364 dig·
1386 1287 1387 1302 ¹

246 1380 381 1441 nitatem
406 1375 609 1441 consularem
633 1387 767 1441 evectus
791 1387 848 1441 est.
894 1376 947 1439 Ex
971 1393 1073 1438 uxore
1093 1374 1253 1441 'lberasia
1271 1376 1340 1439 lilio·

244 1475 312 1539 lum
336 1475 461 1555 hebuit,
485 1475 540 1560 qui
565 1484 681 1538 octavo
705 1474 759 1537 die
782 1495 800 1537 e
823 1475 911 1537 vivis
935 1473 1082 1536 decessit.
1107 1471 1256 1538 Instante
1269 1474 1339 1538 'Phe
1386 1457 1387 1526 l

245 1575 341 1653 resia,
356 1571 513 1637 Paulinus
536 1595 565 1636 a.
588 1572 654 1636 389
668 1569 839 1655 Burdigali
855 1567 922 1656 'per
935 1569 1139 1655 Delphinum
1164 1574 1340 1658 episcopum

244 1669 445 1755 baptismum
470 1671 622 1753 suscepit,
646 1691 685 1732 ae
701 1668 776 1732 dein
798 1689 873 1732 cum
888 1689 990 1732 uxore
1013 1661 1237 1734 continentem
1258 1669 1341 1732 duxit

245 1770 349 1832 vitam
373 1789 411 1832 ac
434 1769 627 1852 piissimam.
657 1767 837 1830 Maximam
861 1765 1045 1850 ingentium
1069 1765 1263 1833 divitiarum
1282 1789 1342 1850 par

245 1875 312 1930 tem
326 1865 527 1951 pauperibus
550 1863 727 1945 distribuit,
743 1873 842 1948 atque
856 1866 889 1927 in
914 1885 1017 1948 parva
1038 1859 1120 1930 ‘villa
1145 1869 1180 1930 in
1195 1864 1341 1949 Hispania

246 1963 308 2028 sita
332 1983 407 2028 cum
430 1983 533 2026 uxore
556 1961 699 2026 solitarie
725 1963 818 2025 vixit.
855 1961 950 2025 Tunc
973 1963 1054 2026 lento
1077 1963 1268 2028 Natiuitatis
1288 1961 1342 2024 Do·

246 2062 327 2125 mini
352 2085 380 2126 a.
405 2061 469 2125 393
484 2061 669 2124 Barcinone
693 2058 847 2143 apopulo
870 2061 1048 2144 expetitus,
1064 2061 1191 2125 invitus
1215 2062 1247 2123 in
1269 2079 1342 2144 pres-

245 2159 397 2242 byterum
420 2157 590 2222 ordinatus
612 2158 674 2221 luit
701 2157 743 2220 ab
767 2157 941 2241 Eulampio
965 2151 1128 2244 episcopo.
1170 2157 1265 2222 Anno
1286 2157 1340 2220 394

245 2259 280 2320 in
302 2253 432 2320 ltaliam
462 2254 640 2339 profectus,
665 2255 842 2322 Mediolani
872 2277 891 2319 a
920 2252 952 2318 S.
977 2253 1152 2320 Ambrosio
1178 2275 1291 2339 magno
1310 2254 1340 2315 in

245 2354 368 2418 honore
391 2351 524 2417 habitus
547 2363 613 2434 est3
648 2353 703 2416 sed
727 2354 849 2417 Romae
873 2353 982 2415 minus
1005 2361 1163 2437 acceptus
1185 2353 1281 2416 fnisse
1300 2351 1337 2410 vi·

247 2451 342 2516 detur
368 2451 493 2537 aliquot
525 2452 605 2514 viris
641 2473 681 2513 ex
706 2451 810 2530 clero,
834 2451 900 2512 imo
928 2450 1027 2512 etiam
1050 2448 1171 2514 Siricio
1194 2447 1338 2515 Pontifici.
1386 2422 1387 2496 l

248 2548 345 2628 Quod
368 2549 395 2612 ei
418 2549 496 2613 inde
510 2551 671 2634 provenit,
692 2551 770 2633 qnia
784 2547 921 2612 Sinicius
936 2549 1132 2629 succensuit,
1157 2547 1341 2634 praescripta
1386 2499 1387 2594 l

247 2647 407 2711 canonica
440 2648 475 2709 in
511 2644 639 2710 Paulini
676 2647 882 2710 ordinatione
916 2663 983 2711 non
1007 2664 1076 2708 esse
1104 2657 1244 2726 servata,
1266 2639 1340 2707 hand

243 2744 340 2809 video
364 2743 441 2809 inde
463 2743 589 2829 aliquid
612 2753 725 2808 contre
747 2743 940 2807 Pontificem
975 2743 1086 2806 inferri
1118 2763 1224 2828 posse.
1247 2777 1286 2790 -
1310 2737 1338 2801 S.
1386 2738 1387 2782 l

245 2842 404 2907 Paulinus
435 2840 552 2905 Nolam
585 2841 628 2904 ad
652 2837 860 2926 sepulchrum
886 2837 917 2905 S.
942 2838 1061 2904 Felicis
1089 2840 1254 2922 secedens,
1276 2837 1338 2902 dein

246 2939 292 3003 ibi
316 2941 520 3003 sanctissime
543 2941 644 3020 vixit,
669 2961 755 3002 anno
786 2939 850 3002 409
882 2940 1054 3021 episcopus
1078 2936 1227 3001 Nolanus
1248 2937 1338 3000 factm

247 3047 303 3112 eet,
328 3047 360 3100 et
383 3057 469 3101 anno
492 3037 554 3100 431
581 3037 623 3100 ad
646 3045 779 3100 aeterna
802 3034 922 3120 gaudia
945 3034 1099 3098 evolavit.
1386 3043 1387 3110 1

78 3157 238 3207 masalmae-
338 3135 387 3198 18.
412 3133 486 3197 Non
510 3137 689 3219 incongrue
704 3133 747 3198 ad
760 3155 831 3198 rem
845 3132 966 3216 Pagius
989 3132 1098 3196 addite
1125 3133 1232 3214 „Vere
1253 3131 1338 3193 etiarn
1386 3121 1387 3180 l

118 3219 193 3260 ’Μ
245 3231 415 3296 fatendum
439 3243 499 3314 est,
516 3232 691 3298 Paulinum
716 3255 758 3295 ex
773 3231 918 3294 bumana
931 3231 1057 3294 ratione
1080 3233 1240 3315 optimum
1270 3243 1337 3289 sem·
1386 3214 1387 3308 l

245 3349 304 3414 per
326 3351 392 3393 non
415 3329 515 3393 fuisse
547 3329 717 3394 hominum
753 3339 785 3392 et
808 3327 996 3392 eorumdem
1020 3347 1147 3390 morum
1172 3326 1338 3390 aestimato·

244 3447 322 3506 rem,
348 3425 426 3490 dum
450 3425 603 3490 Sicinium
628 3427 787 3514 superbae
821 3426 1026 3491 discretionis
1049 3423 1227 3503 insimulat,
1251 3437 1334 3508 quem

243 3523 465 3607 Hieronymus
488 3525 609 3588 nimiae
633 3523 850 3608 simplicitatis
882 3533 914 3586 et
937 3523 1068 3586 innatae
1091 3521 1247 3584 bonitatis
1268 3537 1333 3602 qno·

245 3599 419 3686 dnmlnodo
434 3623 558 3706 arguit3
583 3632 616 3684 et
638 3643 837 3708 quamquam
860 3621 1032 3686 sanctitate
1056 3641 1182 3684 morum
1196 3613 1337 3682 Paulinus

243 3719 381 3800 floreret,
406 3723 514 3784 minus
537 3721 621 3784 aeris
644 3721 767 3804 ingenii
790 3720 935 3803 reputari
968 3725 1082 3802 potest,
1107 3715 1186 3782 dum
1210 3715 1250 3778 de
1271 3729 1335 3774 uno
1386 3707 1387 3794 l

242 3837 371 3904 quoque
404 3817 527 3881 bonum
561 3837 787 3902 praesumens,
823 3814 1098 3902 quemadmodum
1132 3824 1165 3878 et
1197 3811 1329 3876 Sinicius.

244 3915 342 3979 etiam
374 3915 529 3980 Rufinum
563 3915 809 4000 Aquileiensem
843 3936 859 3976 e
892 3911 1079 3976 Palaestina
1112 3931 1186 3974 cum
1215 3927 1290 3994 pace
1311 3911 1337 3965 et

243 4013 450 4100 amplexibus
478 4011 671 4098 Hieronymi
706 4011 928 4076 discedentem
958 4012 1069 4096 magni
1093 4007 1222 4088 fecerit,
1258 4001 1334 4084 vigi

243 4113 382 4178 lentium
405 4113 438 4176 in
461 4109 558 4194 longo
583 4111 820 4195 Hispaniarum
854 4109 970 4174 itinere
994 4129 1061 4172 non
1084 4125 1262 4191 agnoscens
1280 4099 1337 4162 lun·
1386 4071 1387 4134 l

244 4209 381 4288 daverit,
407 4218 439 4272 et
461 4207 640 4275 Melaniam
659 4206 921 4290 Origenistarum
936 4227 1081 4270 errorum
1104 4203 1334 4286 antesignanum
