2876 4814
414 507 455 567 De
472 505 640 568 mandene
656 463 822 584 disciplinae.
1124 517 1176 574 209

84 677 127 720 ros
136 655 186 744 qui
197 655 237 722 ab
246 653 420 721 haereticis
433 656 593 743 baptizati
607 669 709 743 erant,
720 661 820 724 etiam
830 659 893 724 hoc
902 673 1096 746 argumento
1105 686 1176 750 pre-

85 758 144 818 mit:
167 753 250 828 Quid
271 756 414 820 dictim
436 778 468 819 cs
491 755 603 836 debis,
622 759 677 844 qai
690 757 730 821 'ab
753 759 908 846 episcopos
924 763 1082 846 pessimae
1106 784 1175 826 com-

83 855 248 918 oerrotiortis
260 853 478 940 baptizantem,
495 856 664 940 quitamem
684 855 811 919 tandem
832 879 925 942 qurum
936 857 1022 922 Deus
1042 858 1176 923 uoluerit

83 953 108 1014 is
127 953 282 1016 salaribus
304 953 371 1016 sais
394 953 527 1016 convicti
550 1002 557 1016 .
583 1001 591 1016 .
617 1001 624 1016 .
650 1002 657 1016 .
677 975 813 1039 prorem
846 957 941 1019 etiam
973 959 1175 1021 commumica·

82 1052 149 1113 tione
163 1053 342 1137 privantur.
351 1049 378 1134 ¹)
425 1049 537 1130 Quum
560 1053 764 1135 temporibus
788 1049 915 1116 Callisti
938 1053 1176 1140 frequentiores

83 1149 280 1234 inepisccpos
303 1147 469 1212 ferrentur
490 1149 729 1232 accusationes,
753 1148 836 1212 illud
858 1172 1043 1236 supponere
1066 1173 1175 1239 possu-

82 1265 147 1328 nus,
168 1245 209 1310 ab
231 1269 270 1312 eo
295 1255 368 1310 tum
391 1244 542 1311 doctrina
560 1255 631 1310 tum
647 1246 815 1311 mandatis
837 1251 1041 1334 propositum
1063 1250 1174 1334 fuisse,

82 1353 108 1404 ut
134 1347 270 1431 episcopi
300 1365 368 1408 non
398 1342 643 1430 deponerentur
673 1367 736 1408 nec
759 1343 873 1410 fideles
896 1368 1009 1412 eorum
1033 1369 1176 1412 commu-

82 1442 191 1506 nionem
219 1441 455 1529 relinquerent,
488 1452 666 1528 antequam
689 1443 836 1533 juridico
864 1448 1020 1510 sementia
1043 1445 1084 1511 de
1117 1447 1174 1510 ori-

82 1540 203 1606 uiuibus
226 1542 373 1605 convicti
407 1549 440 1604 et
461 1540 602 1626 depositi
632 1550 749 1606 essent.
796 1540 902 1606 Simul
931 1565 1010 1608 vero
1033 1543 1177 1608 inculca·

82 1637 119 1700 rit
137 1661 203 1703 eam
226 1641 413 1721 veritatem,
447 1639 547 1703 etiam
580 1662 600 1702 a
630 1639 860 1725 peccatoribus
892 1651 1098 1705 sacramenta
1120 1663 1175 1705 va-

81 1733 132 1798 lide
152 1737 385 1818 administrari,
410 1745 532 1800 statum
546 1735 717 1801 Ecclesiae
740 1736 804 1800 hac
827 1737 861 1800 in
885 1745 972 1802 terra
995 1760 1071 1804 eum
1095 1761 1174 1822 esse,

81 1844 107 1896 ut
125 1845 305 1920 peccatores
330 1855 406 1898 cum
425 1835 525 1920 justis
548 1836 703 1920 permixti
727 1836 801 1916 sint,
826 1857 934 1921 neque
956 1835 1095 1921 proinde
1117 1858 1176 1921 per

80 1953 106 1992 se
124 1955 233 2018 pravos
255 1933 448 1998 sacerdotes
471 1932 642 1998 habendos
676 1955 746 1998 esse
768 1941 806 1996 ut
829 1943 974 1998 extorres
997 1934 1040 1998 ab
1063 1931 1175 1998 Eccle-

81 2030 126 2112 sia,
145 2031 198 2097 sed
219 2032 355 2097 nonnisi
380 2039 453 2116 post
470 2029 651 2116 juridicam
675 2032 881 2096 sententiam.
912 2031 989 2095 Huc
1011 2033 1175 2118 pertinere

81 2149 189 2215 quoque
209 2132 346 2196 videtur
369 2128 502 2215 querela
525 2128 680 2194 Auctoris
708 2128 750 2193 de
773 2128 884 2193 schola
909 2127 1053 2211 Callisti,
1087 2129 1174 2216 quod

82 2225 213 2292 videlicet
233 2251 299 2294 nom
327 2228 490 2292 discernant
518 2227 697 2313 quibuscum
727 2229 769 2291 sit
800 2228 1097 2308 commrmicandum,
1122 2229 1176 2293 scd

82 2329 177 2391 mods
204 2339 316 2391 umere
347 2324 461 2411 offerat
490 2325 741 2388 communionem.
795 2323 1017 2390 Adversarius
1050 2324 1174 2392 Callisti

82 2418 169 2486 furore
189 2423 348 2510 abreptus
370 2421 586 2509 sacilepotuit
602 2421 730 2486 Callisti
747 2421 837 2486 dicta
860 2431 893 2486 et
915 2423 1003 2487 facta
1032 2425 1079 2490 ita
1102 2447 1175 2488 con·

81 2526 226 2604 torquere,
264 2531 304 2584 ut
342 2521 573 2602 contenderet,
609 2540 685 2584 eum
725 2519 968 2604 dogmatizare,
1006 2523 1176 2609 episcopos

81 2615 159 2681 etiam
184 2629 319 2705 propter
347 2619 487 2683 crimina
514 2618 558 2683 ad
585 2627 722 2682 mortem
757 2639 823 2682 non
853 2639 922 2682 esse
950 2618 1174 2705 deponendos.

150 2717 198 2782 45.
220 2717 302 2783 Jam
331 2719 507 2781 veniamus
540 2715 583 2780 ad
613 2717 857 2780 accusationem
886 2715 927 2780 de
950 2717 1175 2782 sacerdotibus
1201 2738 1324 2780 ammom,

81 2809 207 2896 digamis.
253 2815 321 2880 Sub
349 2817 418 2901 r'psso
447 2811 515 2897 (irai
547 2811 674 2893 scisco)
709 2815 849 2901 episcopi
881 2815 1113 2902 sacerdotesque
1146 2828 1175 2880 ct
1219 2801 1307 2848 ‘fimi'

80 2907 267 3001 diocoeipost
292 2914 375 2978 daos
398 2923 495 2978 messa
518 2915 650 3000 nuptias
666 2915 751 2977 imter-
772 2913 901 2977 elericos
923 2912 1023 2978 mcum
1038 2915 1175 2980 obtinere

80 3024 230 3094 coaptarat.
259 3013 348 3078 Prae
363 3009 466 3076 oculis
482 3011 673 3076 habendum
689 3023 747 3092 est,
762 3033 800 3076 eo
815 3020 962 3097 tempore
976 3009 1095 3076 multos
1103 3013 1173 3098 jam

81 3105 174 3174 adulta
210 3119 319 3176 aetate
348 3112 384 3175 in
416 3109 541 3174 clerum
579 3109 752 3196 adoptatos
783 3131 868 3192 esse,
897 3109 1045 3194 adeoque
1082 3109 1176 3176 coeli-

81 3200 157 3270 batus
182 3208 289 3295 legem
321 3207 471 3272 nondum
500 3206 602 3272 fuisse
631 3227 850 3272 communem.
897 3207 1042 3294 Vigebat
1063 3217 1174 3274 tamen

80 3305 172 3386 regula
194 3329 294 3394 quam
325 3305 503 3392 Apostolus
532 3306 797 3392 praescripserat,
829 3315 864 3369 ut
891 3309 1054 3394 epiecopus
1082 3309 1176 3372 unias

81 3405 171 3466 moris
190 3408 239 3469 vir
262 3414 358 3488 esset,
383 3405 403 3469 i.
429 3426 457 3469 e.
490 3413 528 3467 ut
551 3425 618 3468 non
641 3403 734 3468 fieret
757 3404 940 3489 episcopus,
969 3405 1027 3489 qui
1050 3426 1175 3468 succes-

79 3497 135 3562 sivo
155 3503 233 3568 duas
255 3525 376 3567 uxores
399 3502 579 3567 habuisset.
626 3501 754 3566 Eadem
784 3523 863 3566 vero
886 3501 1001 3587 regula
1023 3501 1066 3566 ad
1089 3525 1175 3588 pres·

82 3591 193 3678 hyteros
215 3611 247 3666 et
270 3600 428 3667 diaconos
451 3598 691 3686 applicabatur,
707 3621 770 3664 nec
791 3601 849 3686 qui
873 3599 1011 3664 viduam
1035 3599 1176 3665 duxerat

79 3693 112 3756 sd
132 3697 255 3765 ordines
285 3700 425 3786 majores
454 3698 700 3762 admittebatur.
748 3698 815 3764 Sed
841 3698 1174 3764 animadvertendum

80 3803 129 3874 ost,
153 3797 281 3882 regulae
312 3795 412 3884 hujus
444 3798 608 3862 mitiorem
638 3806 672 3861 et
702 3797 901 3861 severiorem
924 3795 1025 3862 fuisse
1048 3799 1175 3882 exposi-

80 3888 192 3960 tionem.
235 3895 364 3961 Eadcm
394 3897 430 3960 in
461 3893 654 3960 Canonibus
677 3892 877 3980 Apostolicis
909 3893 981 3977 16⁰,
1014 3896 1086 3975 17⁰,
1113 3894 1172 3960 18⁰

82 3995 259 4077 proponitur,
284 4005 316 4059 et
338 4015 446 4059 canon
471 3993 539 4058 16¹·
558 3994 605 4058 ita
627 3991 746 4058 habet:
796 3991 860 4065 Qui
883 4004 961 4080 post
987 3993 1175 4080 baptismam

81 4083 183 4155 duabu
211 4091 383 4180 irsplr'et‘tas
406 4091 478 4178 suit
508 4092 641 4178 nuptiis,
675 4101 733 4154 aut
764 4091 968 4156 corscmbs'mom
996 4091 1113 4170 tabuit,
1146 4093 1176 4156 is

81 4185 229 4274 ‘piscopos
253 4201 310 4255 out
325 4190 505 4277 presbyter,
535 4201 592 4254 aut
620 4189 783 4268 diaeonus,
808 4201 865 4254 out
887 4191 1019 4276 denique
1042 4213 1083 4255 ee
1105 4213 1174 4254 eoa·

144 4329 160 4396 ¹]
177 4329 259 4386 Aron
277 4333 310 4386 de
328 4331 511 4400 rebaptismat
531 4349 552 4385 c
571 4331 613 4397 X..
633 4347 674 4398 ap.
694 4331 818 4384 Gallantl.
836 4331 859 4384 Τ
876 4333 927 4385 ΙΠ.
946 4347 971 4399 p.
990 4332 1043 4384 366

120 4429 236 4484 turs-nn,
248 4433 421 4477 marm.
964 4423 998 4474 14
