2876 4814
414 523 453 574 tte
471 519 626 576 remissione
644 525 820 588 peccatorum.
1122 521 1174 576 203

71 665 217 752 llitigatio
251 665 355 750 igitur
387 685 487 751 quam
521 663 675 730 Callistus
708 665 870 728 concessit
902 663 1117 750 probabiliter
1139 667 1173 729 in

69 785 99 826 eo
112 761 321 846 consistebat,
336 772 373 828 ιιι
388 763 522 850 plenam
542 774 572 827 et
584 763 759 850 perfectam
780 761 1080 828 reconciliationem
1101 773 1175 849 post

70 861 292 946 poenitentiam
317 871 484 948 peractam
506 863 547 925 iis
577 863 633 948 qui
654 859 787 924 luxuria
816 871 1037 946 peccaverant
1064 863 1173 926 statim

69 957 293 1046 concederet¹).
334 959 384 1024 Ao
403 959 559 1045 profecto,
584 961 633 1023 uti
651 960 723 1046 jam
738 960 917 1041 innuimus,
941 960 1058 1044 gravia
1081 969 1175 1024 erant

70 1059 178 1122 motiva
199 1079 239 1122 ea
263 1067 385 1140 aetate,
410 1067 447 1120 ut
470 1057 586 1144 majori
614 1055 822 1142 indulgentia
844 1055 995 1122 Ecclesia
1018 1067 1173 1123 uteretur.

70 1155 165 1236 Quum
201 1159 294 1220 enim
328 1155 400 1242 jam
437 1155 570 1242 plurimi
594 1154 672 1220 inde
698 1155 741 1219 ab
765 1153 906 1219 infantia
943 1154 996 1219 vel
1033 1157 1174 1240 pueritia

70 1252 233 1319 t'hristiani
259 1263 371 1319 essent
400 1254 443 1318 ob
467 1253 713 1318 multitudinem
744 1255 946 1338 integrarum
973 1252 1172 1318 familiarum

69 1373 139 1436 quae
159 1353 287 1417 Romae
311 1374 428 1417 veram
450 1351 550 1417 fidem
569 1361 790 1438 susceperant,
814 1350 925 1438 lapsus
947 1353 1116 1436 graviores
1139 1353 1174 1416 in

71 1452 163 1515 carnis
185 1461 327 1538 peccata
351 1451 589 1538 frequentiores
611 1450 723 1533 fnisse,
752 1450 959 1515 considerata
982 1450 1173 1515 infirmitate

71 1547 217 1614 hnmanae
241 1560 385 1614 neumae
408 1549 516 1635 colligi
549 1559 665 1636 potest.
711 1549 936 1613 Durissimum
958 1571 1036 1613 sane
1058 1549 1174 1612 fuisset

72 1645 99 1709 in
118 1669 168 1712 eos
190 1647 355 1713 adhibere
374 1669 447 1712 eam
462 1647 682 1734 disciplinam,
702 1667 802 1733 quam
817 1647 1040 1713 Tertullianus
1063 1647 1174 1712 evehit

71 1744 214 1810 scribens:
259 1747 416 1834 Dipamos
434 1747 524 1833 foria
556 1747 705 1824 metimus,
734 1745 871 1810 eamdem
899 1747 1028 1812 limitem
1055 1748 1174 1812 lintinie

73 1843 183 1908 soemo
204 1869 327 1932 qaoque
351 1843 643 1931 &fornicatoribus
656 1843 792 1930 figimus,
808 1848 940 1935 jejunos
957 1847 1052 1932 pacis
1075 1843 1174 1930 laery-

73 1963 126 2004 ιιαι
141 1942 337 2030 profusuris,
360 1965 416 2006 nec
439 1941 576 2030 amplius
592 1941 631 2004 ab
652 1941 795 2006 Ecclesia
816 1966 910 2028 qnam
926 1941 1175 2029 publicationem

74 2035 214 2105 dedecoris
242 2040 443 2126 relatariffl).
489 2039 662 2126 Ejusmodi
695 2040 808 2126 praxis
837 2062 904 2105 non
927 2049 1055 2103 tantum
1079 2037 1172 2121 dura,

74 2135 119 2199 sed
139 2139 234 2203 etiam
258 2139 448 2226 perniciosa
470 2137 595 2203 fuisset
642 2136 834 2202 Induxisset
861 2140 949 2204 enim
970 2136 1174 2202 Christianos

76 2244 103 2294 ut
121 2233 318 2322 baptismum
343 2237 449 2321 magis
472 2238 642 2327 magisque
671 2235 850 2320 differrent,
876 2237 981 2302 donee
1003 2235 1047 2300 ad
1070 2245 1174 2300 matu·

77 2352 132 2394 ram
152 2343 292 2400 aetatem
307 2333 565 2400 adolescentiam
579 2343 613 2398 et
621 2335 833 2421 juventutem
847 2337 1033 2418 traxissent,
1049 2344 1081 2398 et
1103 2356 1174 2420 pas·

78 2427 186 2495 sionnm
208 2432 424 2498 vehementia
447 2443 531 2497 esset
554 2433 688 2497 omnino
711 2431 835 2499 sedata.
871 2433 988 2521 Neque
1011 2433 1173 2520 ejusmodi

77 2531 238 2595 severitatis
270 2531 453 2595 torminum
481 2533 652 2616 rigoristee
683 2531 908 2616 refugiebant,
940 2533 987 2596 uti
1018 2541 1109 2618 patet
1131 2552 1173 2594 ex

79 2621 128 2688 illis
146 2627 341 2694 Tertulliani
372 2630 498 2694 verbis:
545 2629 607 2694 Pro
637 2635 783 2720 eay'sreque
806 2654 964 2717 personae
995 2630 1172 2694 conditione

79 2745 107 2784 oo
126 2725 339 2812 dispositione,
364 2729 458 2792 etiam
482 2739 595 2807 aetate,
625 2730 782 2792 cunctatio
806 2728 956 2816 baptismi
975 2727 1088 2791 utilior
1110 2737 1173 2805 est;

76 2825 222 2910 prcedpue
246 2835 353 2890 tamn
375 2827 459 2890 eirea
478 2825 640 2912 pannulos.
665 2875 672 2889 .
699 2875 706 2890 .
732 2875 739 2890 .
761 2827 882 2891 Norint
899 2837 1006 2913 petere
1030 2825 1172 2905 odotem,

79 2923 223 3004 mpetentr'
234 2923 362 2988 dedim
375 2923 524 2989 υίᾶοαήε.
559 2924 635 2988 Non
658 2925 776 2988 minore
791 2925 829 2989 de
839 2923 941 2990 *causa
959 2927 1087 3011 innupti
1100 2949 1171 3012 quo-

79 3020 438 3102 remanseratis
446 3019 1034 3110 qnibnstentotioproeparataesttom
1043 3025 1172 3110 cirpini-

80 3109 124 3176 lue
131 3137 185 3200 per
196 3121 421 3197 maturitatem,
431 3143 524 3206 pram
532 3119 704 3206 mdaisper
718 3123 923 3201 emotionem,
939 3123 1036 3186 ιιοιιεο
1052 3133 1108 3186 aut
1116 3145 1172 3186 nu·

81 3207 141 3275 lent
164 3227 216 3279 nat
231 3217 444 3282 continentiae
456 3217 702 3283 conroborentur.
732 3217 770 3283 Si
784 3221 839 3305 qai
847 3220 978 3306 penedos
992 3219 1174 3306 intelligant

81 3305 222 3394 ὅφιὺιιί,
248 3316 351 3401 magis
379 3315 528 3380 timebant
554 3319 797 3381 consecutionem
824 3341 917 3405 qnam
944 3317 1172 3402 ditationem).

83 3401 249 3477 Universim
273 3420 385 3478 nmen
409 3411 466 3479 SS.
490 3413 604 3479 Patres
636 3423 669 3478 et
692 3413 844 3481 Canones
867 3415 957 3480 illam
981 3414 1172 3480 dilationem

82 3497 213 3588 baptismi
238 3520 277 3574 ut
298 3509 439 3575 abusum
455 3510 667 3597 rejiciebant3
690 3511 882 3578 hinomulto
906 3513 1023 3578 melius
1045 3513 1173 3600 aliquid

84 3599 295 3694 indisciplina
318 3630 338 3673 a
362 3607 496 3674 Callisto
520 3611 708 3696 mitigatum
727 3621 784 3696 est,
808 3633 850 3677 ne
873 3635 894 3676 a
916 3612 1081 3699 baptismo
1104 3610 1173 3697 plu-

84 3699 302 3772 mthnstiani
326 3705 569 3772 deterrerentur
599 3731 637 3772 eo
668 3708 756 3794 quod
788 3711 951 3792 timerent,
974 3730 1016 3773 ue
1040 3710 1066 3772 si
1089 3709 1173 3772 forte

86 3793 226 3881 luparia
247 3814 385 3891 peccata
399 3813 513 3892 postea
526 3803 725 3889 laberentur,
742 3807 914 3895 desperata
934 3807 1078 3894 quadam
1099 3829 1173 3872 oon·

85 3889 187 3962 duone
208 3903 311 3967 vitam
334 3901 454 3989 degere
477 3901 644 3970 deberent.

156 3994 205 4064 39.
226 3997 442 4066 Accusationi
456 4001 500 4067 de
514 4003 705 4068 remissione
718 4011 931 4090 peccatorum
945 4005 1054 4070 carnis
1064 4004 1174 4092 quoad

87 4083 187 4176 fideles,
204 4097 452 4184 jungithuotor
473 4098 574 4165 aliam
597 4101 841 4166 aconmticnem
852 4100 963 4188 quoad
985 4109 1174 4188 peccatores

146 4243 165 4309 ¹)
179 4243 210 4300 V.
226 4247 266 4302 De
283 4247 364 4305 seer
380 4249 517 4306 Bolletino
535 4251 583 4306 tv.
602 4267 628 4322 p
646 4253 690 4311 29.

145 4319 568 4396 'thapndtm'tisclintlna
678 4331 1021 4405 ⁸)DeBapttsmoc18.
