2874 4812
665 497 707 558 oe
724 501 749 558 S
767 501 909 572 cyprino.

89 641 200 744 ἐξοχὴ.
320 643 373 709 81.
397 643 493 725 Quae
516 645 654 711 tdtefiue
674 647 709 711 in
732 645 795 711 hae
817 646 875 712 lite
897 649 984 712 inter
996 647 1202 734 Stephanum
1226 657 1260 713 et
1283 648 1352 733 Cy-
1432 667 1435 682 ·

230 741 386 826 priunum
406 749 499 827 gesta
521 743 711 826 sint,·haud
724 755 814 810 corto
837 745 1063 829 cognoscitm
1087 748 1353 811 controversiam

230 855 297 904 non
311 841 446 904 omnino
470 841 617 906 sedatam
639 843 750 924 fnisse,
771 844 850 908 satis
872 841 1038 927 colligitur
1050 865 1092 907 ex
1107 844 1255 930 epistolis
1270 845 1352 908 Dic

230 937 318 1020 nysii
357 937 577 1004 Alexandrini
614 940 657 1004 ad
690 940 822 1006 Sixtum
853 941 888 1004 Π
920 959 1141 1005 successorem
1174 939 1351 1026 Stephani.

231 1033 372 1100 Videtur
395 1038 618 1100 controversie
645 1037 884 1123 aliquantisper
910 1038 1018 1123 sopita
1046 1037 1148 1102 inisse
1177 1061 1233 1120 eo,
1260 1038 1352 1124 quod

230 1153 309 1196 mox
339 1152 428 1198 anno
456 1133 520 1198 tot
552 1154 640 1198 nova
663 1135 831 1200 Valeriani
861 1137 1044 1221 persecutio
1077 1137 1112 1200 in
1142 1135 1354 1200 Christianos

230 1230 468 1296 exardesceret.
500 1233 563 1296 'In
594 1229 658 1296 hac
690 1234 917 1318 persecutione
945 1233 979 1300 S.
1010 1232 1197 1318 Stephanus
1232 1251 1354 1296 mense

230 1326 380 1412 Augusto
403 1352 433 1394 a.
458 1329 533 1412 tot,
563 1332 712 1414 martyrii
735 1339 891 1396 coronans
913 1330 1053 1416 adeptus
1076 1338 1134 1396 cst.
1181 1329 1250 1394 Sed
1277 1329 1353 1414 jam

230 1425 400 1511 aliquanto
422 1437 569 1514 tompore
588 1437 668 1492 ente
698 1431 895 1512 martyrium
918 1429 990 1514 ejus
1012 1428 1282 1514 persecutionem
1305 1429 1353 1490 vi-

229 1523 349 1606 guisse,
372 1523 539 1609 colligitur
560 1547 604 1589 ex
625 1527 667 1590 iis
690 1545 776 1612 quae
798 1528 834 1590 in
853 1527 948 1590 libro
964 1525 1145 1610 Pontifleali
1165 1524 1354 1589 hahentur:

231 1618 306 1684 Seu
327 1623 519 1708 tempor-tous
547 1623 645 1687 exsilio
668 1624 853 1710 deportetur
881 1635 945 1703 ast,·
968 1634 1084 1710 posteo
1114 1631 1195 1686 oute
1216 1622 1286 1685 Dei
1311 1621 1355 1684 ed

230 1717 391 1782 eccteeem
412 1741 554 1784 reseratos
576 1733 623 1784 oet
643 1719 817 1801 incolumia,
846 1731 877 1785 at
893 1732 969 1807 poet
990 1721 1059 1784 diae
1082 1717 1226 1784 XXXIV
1247 1729 1355 1782 terum

231 1838 252 1877 o
274 1815 477 1881 Maaeiminao
498 1819 612 1882 mute
635 1829 681 1881 est
700 1819 739 1882 ia
762 1839 916 1882 carcereo
938 1839 1006 1882 nere
1027 1837 1136 1882 aonam
1152 1815 1356 1902 presbyteria

154 1923 159 1934 ”
230 1923 260 1975 et
291 1913 413 1978 duodece
442 1916 598 2002 episcopia
622 1917 765 1980 Honorio
798 1927 829 1979 et
861 1913 967 1996 Cotto,
1001 1927 1031 1980 et
1065 1915 1165 1980 tntu
1200 1913 1355 1978 diaecesis

230 2011 338 2096 Xpsto,
353 2013 508 2097 Dioeyeh
531 2024 563 2076 et
581 2011 667 2076 Gaio.
692 2013 814 2077 Ibidem
834 2015 871 2077 ie
893 2032 1016 2076 emcore
1039 2011 1083 2076 od
1104 2033 1214 2075 orcum
1228 2009 1354 2074 Stellae

221 2107 305 2192 fecit
336 2109 502 2194 aptandam
535 2122 566 2174 et
591 2113 699 2176 υπιηία
729 2127 808 2174 coeo
838 2111 986 2176 eccleciae
1009 2109 1266 2174 Archiediocoeo
1296 2129 1354 2172 areo

230 2204 328 2289 Xyeto
351 2205 387 2268 ia
403 2215 592 2291 potententem
614 2207 718 2288 dedit,
747 2207 798 2271 ool
819 2227 927 2272 omnm
943 2208 1109 2294 pecureioe,
1133 2215 1163 2270 et
1179 2216 1260 2292 poet
1284 2205 1355 2268 diae

230 2322 286 2364 eeu
309 2303 419 2366 meos
447 2304 503 2368 aot
524 2305 671 2370 nutodio
698 2308 766 2391 ipse
789 2305 884 2370 deuel
910 2303 1014 2392 eapite
1038 2313 1200 2368 torneator
1224 2313 1284 2366 cet.
1308 2339 1353 2350 -

229 2397 449 2465 Probabiliter
478 2404 577 2466 etiem
608 2405 642 2468 in
674 2404 797 2488 prirnos
827 2421 955 2468 menses
986 2403 1066 2467 anhi
1096 2399 1159 2464 25?
1193 2399 1355 2464 incidunt

231 2496 407 2560 conamina
437 2497 472 2563 S.
504 2497 659 2584 Dionysii
692 2499 930 2580 Alexandrini,
967 2508 1005 2562 ut
1034 2497 1151 2562 littaris
1182 2495 1274 2559 detis
1307 2491 1352 2558 ad

231 2579 437 2678 Stephanum
470 2603 503 2659 et
531 2596 740 2681 presbyteros
771 2597 937 2660 Romanos
960 2597 1160 2680 Dionysium
1182 2601 1217 2656 ct
1241 2591 1353 2657 Phoc

231 2711 372 2773 monem,
393 2692 588 2757 Pontificem
611 2703 769 2777 moveret,
784 2715 826 2759 ne
847 2703 981 2779 propter
1003 2687 1352 2774 moremhaptimndi

229 2787 412 2852 haereticos
428 2809 602 2856 conversos
620 2799 689 2855 tam
708 2791 828 2856 multoe
843 2793 1014 2877 episcopos
1032 2789 1353 2854 excommunicaret.

319 2887 371 2951 82.
395 2887 474 2951 Post
496 2890 690 2972 martyrium
714 2888 747 2954 S.
764 2887 923 2973 Stephani
945 2889 982 2952 in·
1003 2887 1198 2952 Pontificem
1222 2883 1353 2948 electura

230 2992 280 3048 est
310 2985 382 3070 ejus
413 2984 574 3050 diaconus
597 2985 631 3052 S.
655 2985 769 3051 Sixtue
800 2985 835 3050 Π
867 2986 936 3072 (vel
967 2983 1119 3071 Xystus).
1164 2983 1242 3068 Ipse
1274 2991 1354 3066 poet

231 3101 335 3146 unum
357 3101 493 3164 annum,
517 3081 572 3148 die
594 3083 616 3148 6
640 3083 782 3167 Augusti
806 3107 836 3148 a.
860 3084 936 3166 258,
961 3083 1101 3148 duram
1124 3078 1236 3144 udhue
1250 3078 1353 3142 Vale-

230 3180 315 3243 riani
338 3181 576 3264 pemccntionc,
600 3182 795 3265 martyrium
816 3182 942 3266 pariter
962 3181 1079 3262 subiit,
1109 3180 1157 3242 uti
1181 3175 1354 3262 colligitur

230 3297 273 3340 ex
304 3275 442 3362 epistola
473 3277 506 3342 S.
538 3275 698 3362 Cypriani
730 3278 774 3343 ad
806 3278 1020 3344 Successum:
1066 3278 1199 3361 Xystuet
1231 3285 1352 3354 m,

230 3374 360 3455 scribit,
389 3375 426 3438 io
456 3377 635 3439 eoemeorio
671 3377 923 3441 aetmcdoareom
954 3377 1064 3442 motio
1093 3381 1200 3438 oetaeo
1233 3373 1353 3437 Idaeus

229 3471 443 3557 Αυρωωηιω
473 3472 544 3551 die,
573 3483 603 3536 et
633 3495 701 3536 nam
730 3495 765 3536 ao
795 3473 945 3539 dioeoem
967 3481 1110 3560 qtmheou
1157 3469 1227 3537 Suh
1252 3469 1352 3536 Sixto

230 3571 453 3634 connerersia
488 3567 530 3632 de
564 3569 803 3634 haereticorum
839 3570 1002 3656 baptismo
1032 3569 1139 3654 magis
1173 3569 1353 3652 magisque

229 3669 336 3753 sopita
358 3677 417 3731 est.
452 3666 634 3751 Dionysius
656 3668 700 3732 ad
723 3669 842 3753 ipsum,
866 3669 914 3731 uti
937 3666 1093 3750 vidimus,
1117 3664 1231 3752 plnres
1247 3664 1352 3749 scrip

229 3766 272 3828 ait
303 3763 366 3828 hac
398 3765 433 3828 in
462 3785 498 3828 re
529 3764 692 3850 epistolas
725 3775 763 3828 ut
791 3767 867 3850 paci
889 3763 1108 3830 adlaboraret.
1154 3761 1189 3827 Ie
1211 3783 1351 3848 quoque

227 3863 424 3947 &anteum
448 3863 648 3949 quaestionis
670 3883 736 3928 non
752 3863 964 3948 perspiciens,
988 3861 1188 3926 elementum
1211 3859 1350 3945 dogma·

227 3960 330 4024 ticutn
353 3959 417 4024 hac
440 3960 476 4024 in
498 3978 535 4023 re
556 3959 660 4026 veluti
690 3960 877 4046 soporabat,
908 3960 999 4023 etin
1021 3959 1159 4046 ancipiti
1182 3957 1350 4044 relinque

228 4056 301 4138 hatq
325 4059 360 4122 in
383 4057 573 4144 quaestione
602 4075 681 4122 voro
714 4057 911 4143 disciplinae
937 4058 1133 4122 mutantem
1156 4055 1246 4120 hane
1270 4058 1351 4122 tolo

228 4155 294 4218 rari
316 4174 411 4240 posse
433 4156 641 4240 opinabatur,
674 4159 828 4243 quamvis
859 4159 929 4244 ipsc
952 4175 1078 4222 rnorem
1101 4154 1261 4220 ccclesiae
1284 4155 1349 4221 Ro

230 4270 348 4318 manao
369 4270 447 4320 cunt
470 4256 682 4322 redemtione
709 4263 910 4344 sequeretur.
946 4253 1061 4321 Sintes
1083 4253 1185 4342 igiter
1207 4252 1349 4342 ejusque
