<?xml version="1.0" encoding="UTF-8"?>
<!DOCTYPE html PUBLIC "-//W3C//DTD XHTML 1.0 Transitional//EN"
    "http://www.w3.org/TR/xhtml1/DTD/xhtml1-transitional.dtd">
<html xmlns="http://www.w3.org/1999/xhtml" xml:lang="en" lang="en">
 <head>
  <title>
</title>
<meta http-equiv="Content-Type" content="text/html;charset=utf-8" />
  <meta name='ocr-system' content='tesseract 3.04.00' />
  <meta name='ocr-capabilities' content='ocr_page ocr_carea ocr_par ocr_line ocrx_word'/>
</head>
<body>
  <div class='ocr_page' id='page_1' title='image "./dissertationess02junggoog_0579.png"; bbox 0 0 2806 4848; ppageno 0'>
   <div class='ocr_carea' id='block_1_1' title="bbox 260 463 1197 530">
    <p class='ocr_par' dir='ltr' id='par_1_1' title="bbox 260 265 1381 536">
     <span class='ocr_line' id='line_1_1' title="bbox 260 463 1197 530; baseline 0.006 -11"><span class='ocrx_word' id='word_1_1' title='bbox 260 465 311 520; x_wconf 83' lang='lat'><strong><em>100</em></strong></span> <span class='ocrx_word' id='word_1_2' title='bbox 436 465 476 520; x_wconf 90' lang='lat' dir='ltr'><strong><em>De</em></strong></span> <span class='ocrx_word' id='word_1_3' title='bbox 495 463 642 522; x_wconf 77' lang='lat' dir='ltr'><strong><em>Arianisud</em></strong></span> <span class='ocrx_word' id='word_1_4' title='bbox 660 463 835 523; x_wconf 69' lang='lat' dir='ltr'><strong><em>decrementis</em></strong></span> <span class='ocrx_word' id='word_1_5' title='bbox 853 481 884 520; x_wconf 83' lang='lat' dir='ltr'><strong><em>ac</em></strong></span> <span class='ocrx_word' id='word_1_6' title='bbox 901 466 935 520; x_wconf 80' lang='lat' dir='ltr'><strong><em>de</em></strong></span> <span class='ocrx_word' id='word_1_7' title='bbox 953 466 1031 530; x_wconf 77' lang='lat' dir='ltr'><strong><em>cone.</em></strong></span> <span class='ocrx_word' id='word_1_8' title='bbox 1050 467 1158 526; x_wconf 75' lang='lat' dir='ltr'><strong><em>couno</em></strong></span> <span class='ocrx_word' id='word_1_9' title='bbox 1175 471 1197 525; x_wconf 91' lang='lat'><strong><em>1.</em></strong></span> 
     </span>
    </p>
   </div>
   <div class='ocr_carea' id='block_1_2' title="bbox 215 605 1385 2338">
    <p class='ocr_par' dir='ltr' id='par_1_2' title="bbox 215 605 1385 2338">
     <span class='ocr_line' id='line_1_2' title="bbox 259 605 1343 702; baseline 0.002 -28"><span class='ocrx_word' id='word_1_10' title='bbox 259 621 358 674; x_wconf 85' lang='lat' dir='ltr'><strong><em>rectae</em></strong></span> <span class='ocrx_word' id='word_1_11' title='bbox 382 608 547 673; x_wconf 71' lang='lat' dir='ltr'><strong><em>tonsores</em></strong></span> <span class='ocrx_word' id='word_1_12' title='bbox 570 608 609 672; x_wconf 85' lang='lat' dir='ltr'><strong><em>de</em></strong></span> <span class='ocrx_word' id='word_1_13' title='bbox 631 605 781 692; x_wconf 74' lang='lat' dir='ltr'><strong><em>relioione</em></strong></span> <span class='ocrx_word' id='word_1_14' title='bbox 804 633 872 673; x_wconf 87' lang='lat' dir='ltr'><strong><em>com</em></strong></span> <span class='ocrx_word' id='word_1_15' title='bbox 885 632 919 676; x_wconf 89' lang='lat' dir='ltr'><strong><em>eo</em></strong></span> <span class='ocrx_word' id='word_1_16' title='bbox 941 609 1172 693; x_wconf 81' lang='lat' dir='ltr'><strong><em>disseruissent,</em></strong></span> <span class='ocrx_word' id='word_1_17' title='bbox 1193 617 1272 700; x_wconf 78' lang='lat' dir='ltr'><strong><em>eiqne</em></strong></span> <span class='ocrx_word' id='word_1_18' title='bbox 1286 613 1343 702; x_wconf 80' lang='lat' dir='ltr'><strong><em>poi-</em></strong></span> 
     </span>
     <span class='ocr_line' id='line_1_3' title="bbox 215 705 1343 800; baseline 0.003 -28"><span class='ocrx_word' id='word_1_19' title='bbox 215 731 218 738; x_wconf 84' lang='grc'><strong><em>’</em></strong></span> <span class='ocrx_word' id='word_1_20' title='bbox 260 708 340 774; x_wconf 84' lang='lat' dir='ltr'><strong><em>liciti</em></strong></span> <span class='ocrx_word' id='word_1_21' title='bbox 362 718 471 786; x_wconf 81' lang='lat' dir='ltr'><strong><em>essent,</em></strong></span> <span class='ocrx_word' id='word_1_22' title='bbox 495 730 526 770; x_wconf 82' lang='lat' dir='ltr'><strong><em>ee</em></strong></span> <span class='ocrx_word' id='word_1_23' title='bbox 551 705 737 791; x_wconf 70' lang='lat' dir='ltr'><strong><em>leontionem</em></strong></span> <span class='ocrx_word' id='word_1_24' title='bbox 762 705 850 772; x_wconf 83' lang='lat' dir='ltr'><strong><em>illius</em></strong></span> <span class='ocrx_word' id='word_1_25' title='bbox 880 709 1046 797; x_wconf 82' lang='lat' dir='ltr'><strong><em>adjuturos</em></strong></span> <span class='ocrx_word' id='word_1_26' title='bbox 1075 734 1139 774; x_wconf 84' lang='lat' dir='ltr'><strong><em>erre</em></strong></span> <span class='ocrx_word' id='word_1_27' title='bbox 1162 713 1245 800; x_wconf 79' lang='lat' dir='ltr'><strong><em>opud</em></strong></span> <span class='ocrx_word' id='word_1_28' title='bbox 1266 714 1343 798; x_wconf 71' lang='lat' dir='ltr'><strong><em>irripe-</em></strong></span> 
     </span>
     <span class='ocr_line' id='line_1_4' title="bbox 259 805 1344 890; baseline 0.002 -20"><span class='ocrx_word' id='word_1_29' title='bbox 259 817 404 884; x_wconf 88' lang='lat' dir='ltr'><strong><em>ratorem,</em></strong></span> <span class='ocrx_word' id='word_1_30' title='bbox 428 805 517 868; x_wconf 88' lang='lat' dir='ltr'><strong><em>modo</em></strong></span> <span class='ocrx_word' id='word_1_31' title='bbox 541 805 624 868; x_wconf 87' lang='lat' dir='ltr'><strong><em>ide-m</em></strong></span> <span class='ocrx_word' id='word_1_32' title='bbox 646 828 713 876; x_wconf 82' lang='lat' dir='ltr'><strong><em>cum</em></strong></span> <span class='ocrx_word' id='word_1_33' title='bbox 736 805 817 890; x_wconf 74' lang='lat' dir='ltr'><strong><em>ipsit</em></strong></span> <span class='ocrx_word' id='word_1_34' title='bbox 830 807 944 870; x_wconf 63' lang='lat' dir='ltr'><strong><em>semes</em></strong></span> <span class='ocrx_word' id='word_1_35' title='bbox 967 805 1068 884; x_wconf 78' lang='lat' dir='ltr'><strong><em>vellet,</em></strong></span> <span class='ocrx_word' id='word_1_36' title='bbox 1091 811 1265 874; x_wconf 63' lang='lat' dir='ltr'><strong><em>recessim</em></strong></span> <span class='ocrx_word' id='word_1_37' title='bbox 1283 833 1344 872; x_wconf 82' lang='lat' dir='ltr'><strong><em>eorr-</em></strong></span> 
     </span>
     <span class='ocr_line' id='line_1_5' title="bbox 253 900 1346 992; baseline 0.001 -23"><span class='ocrx_word' id='word_1_38' title='bbox 253 903 378 991; x_wconf 75' lang='lat' dir='ltr'><strong><em>puleue,</em></strong></span> <span class='ocrx_word' id='word_1_39' title='bbox 403 900 450 966; x_wconf 85' lang='lat' dir='ltr'><strong><em>cel</em></strong></span> <span class='ocrx_word' id='word_1_40' title='bbox 473 902 555 987; x_wconf 75' lang='lat' dir='ltr'><strong><em>qaod</em></strong></span> <span class='ocrx_word' id='word_1_41' title='bbox 577 925 646 966; x_wconf 86' lang='lat' dir='ltr'><strong><em>eom</em></strong></span> <span class='ocrx_word' id='word_1_42' title='bbox 674 902 713 964; x_wconf 83' lang='lat' dir='ltr'><strong><em>do</em></strong></span> <span class='ocrx_word' id='word_1_43' title='bbox 736 902 902 968; x_wconf 80' lang='lat' dir='ltr'><strong><em>diuinitate</em></strong></span> <span class='ocrx_word' id='word_1_44' title='bbox 930 905 1113 970; x_wconf 75' lang='lat' dir='ltr'><strong><em>reutmtiom</em></strong></span> <span class='ocrx_word' id='word_1_45' title='bbox 1129 909 1278 992; x_wconf 83' lang='lat' dir='ltr'><strong><em>potiorem</em></strong></span> <span class='ocrx_word' id='word_1_46' title='bbox 1297 909 1346 970; x_wconf 78' lang='lat' dir='ltr'><strong><em>eri·</em></strong></span> 
     </span>
     <span class='ocr_line' id='line_1_6' title="bbox 260 999 1345 1090; baseline 0.001 -22"><span class='ocrx_word' id='word_1_47' title='bbox 260 1003 411 1080; x_wconf 85' lang='lat' dir='ltr'><strong><em>atimoret,</em></strong></span> <span class='ocrx_word' id='word_1_48' title='bbox 434 1023 502 1064; x_wconf 83' lang='lat' dir='ltr'><strong><em>eum</em></strong></span> <span class='ocrx_word' id='word_1_49' title='bbox 517 999 651 1064; x_wconf 79' lang='lat' dir='ltr'><strong><em>Arionis</em></strong></span> <span class='ocrx_word' id='word_1_50' title='bbox 673 1000 911 1066; x_wconf 76' lang='lat' dir='ltr'><strong><em>communicatae</em></strong></span> <span class='ocrx_word' id='word_1_51' title='bbox 935 1001 1062 1080; x_wconf 80' lang='lat' dir='ltr'><strong><em>dicitur,</em></strong></span> <span class='ocrx_word' id='word_1_52' title='bbox 1086 1025 1176 1090; x_wconf 80' lang='lat' dir='ltr'><strong><em>seque</em></strong></span> <span class='ocrx_word' id='word_1_53' title='bbox 1199 1017 1227 1068; x_wconf 83' lang='lat' dir='ltr'><strong><em>et</em></strong></span> <span class='ocrx_word' id='word_1_54' title='bbox 1246 1008 1345 1069; x_wconf 72' lang='lat' dir='ltr'><strong><em>mirer-</em></strong></span> 
     </span>
     <span class='ocr_line' id='line_1_7' title="bbox 260 1093 1383 1185; baseline 0.005 -21"><span class='ocrx_word' id='word_1_55' title='bbox 260 1123 327 1166; x_wconf 87' lang='lat' dir='ltr'><strong><em>eom</em></strong></span> <span class='ocrx_word' id='word_1_56' title='bbox 349 1109 468 1184; x_wconf 69' lang='lat' dir='ltr'><strong><em>gentem</em></strong></span> <span class='ocrx_word' id='word_1_57' title='bbox 490 1096 529 1162; x_wconf 82' lang='lat' dir='ltr'><strong><em>ob</em></strong></span> <span class='ocrx_word' id='word_1_58' title='bbox 554 1095 695 1161; x_wconf 74' lang='lat' dir='ltr'><em>Ecclesia</em></span> <span class='ocrx_word' id='word_1_59' title='bbox 727 1093 880 1162; x_wconf 79' lang='lat' dir='ltr'><strong><em>crrtlrolioa</em></strong></span> <span class='ocrx_word' id='word_1_60' title='bbox 903 1097 1075 1185; x_wconf 67' lang='lat' dir='ltr'><strong><em>atmps&#39;see.</em></strong></span> <span class='ocrx_word' id='word_1_61' title='bbox 1118 1099 1211 1166; x_wconf 70' lang='lat' dir='ltr'><strong><em>Germ</em></strong></span> <span class='ocrx_word' id='word_1_62' title='bbox 1233 1104 1303 1166; x_wconf 85' lang='lat' dir='ltr'><strong><em>enim</em></strong></span> <span class='ocrx_word' id='word_1_63' title='bbox 1321 1103 1346 1164; x_wconf 85' lang='lat' dir='ltr'><strong><em>ir</em></strong></span> <span class='ocrx_word' id='word_1_64' title='bbox 1382 1130 1383 1170; x_wconf 75' lang='lat' dir='ltr'><strong><em>r</em></strong></span> 
     </span>
     <span class='ocr_line' id='line_1_8' title="bbox 260 1193 1348 1284; baseline 0 -24"><span class='ocrx_word' id='word_1_65' title='bbox 260 1200 300 1260; x_wconf 82' lang='lat' dir='ltr'><strong><em>iis</em></strong></span> <span class='ocrx_word' id='word_1_66' title='bbox 325 1221 402 1283; x_wconf 78' lang='lat' dir='ltr'><strong><em>qnae</em></strong></span> <span class='ocrx_word' id='word_1_67' title='bbox 427 1196 471 1260; x_wconf 88' lang='lat' dir='ltr'><strong><em>od</em></strong></span> <span class='ocrx_word' id='word_1_68' title='bbox 501 1193 681 1280; x_wconf 70' lang='lat' dir='ltr'><strong><em>reliqiomem</em></strong></span> <span class='ocrx_word' id='word_1_69' title='bbox 706 1195 869 1279; x_wconf 72' lang='lat' dir='ltr'><strong><em>pmtioemt</em></strong></span> <span class='ocrx_word' id='word_1_70' title='bbox 901 1199 968 1284; x_wconf 82' lang='lat' dir='ltr'><strong><em>ejus</em></strong></span> <span class='ocrx_word' id='word_1_71' title='bbox 999 1199 1178 1282; x_wconf 69' lang='lat' dir='ltr'><strong><em>muyisterio</em></strong></span> <span class='ocrx_word' id='word_1_72' title='bbox 1206 1201 1348 1264; x_wconf 74' lang='lat' dir='ltr'><strong><em>eruditio</em></strong></span> 
     </span>
     <span class='ocr_line' id='line_1_9' title="bbox 261 1290 1383 1377; baseline -0.003 -18"><span class='ocrx_word' id='word_1_73' title='bbox 261 1297 305 1359; x_wconf 85' lang='lat' dir='ltr'><strong><em>od</em></strong></span> <span class='ocrx_word' id='word_1_74' title='bbox 327 1293 564 1358; x_wconf 76' lang='lat' dir='ltr'><strong><em>mansuetiorem</em></strong></span> <span class='ocrx_word' id='word_1_75' title='bbox 596 1290 710 1356; x_wconf 81' lang='lat' dir='ltr'><strong><em>cultam</em></strong></span> <span class='ocrx_word' id='word_1_76' title='bbox 727 1316 790 1377; x_wconf 82' lang='lat' dir='ltr'><strong><em>per</em></strong></span> <span class='ocrx_word' id='word_1_77' title='bbox 821 1315 888 1358; x_wconf 83' lang='lat' dir='ltr'><strong><em>eum</em></strong></span> <span class='ocrx_word' id='word_1_78' title='bbox 912 1293 1064 1374; x_wconf 74' lang='lat' dir='ltr'><strong><em>traducti,</em></strong></span> <span class='ocrx_word' id='word_1_79' title='bbox 1087 1299 1206 1360; x_wconf 76' lang='lat' dir='ltr'><strong><em>meotis</em></strong></span> <span class='ocrx_word' id='word_1_80' title='bbox 1226 1299 1259 1360; x_wconf 80' lang='lat' dir='ltr'><strong><em>in</em></strong></span> <span class='ocrx_word' id='word_1_81' title='bbox 1279 1295 1349 1360; x_wconf 75' lang='lat' dir='ltr'><strong><em>rebec</em></strong></span> <span class='ocrx_word' id='word_1_82' title='bbox 1382 1305 1383 1356; x_wconf 63' lang='lat' dir='ltr'><strong><em>l</em></strong></span> 
     </span>
     <span class='ocr_line' id='line_1_10' title="bbox 261 1389 1350 1478; baseline 0.001 -21"><span class='ocrx_word' id='word_1_83' title='bbox 261 1395 291 1458; x_wconf 90' lang='lat' dir='ltr'><strong><em>ei</em></strong></span> <span class='ocrx_word' id='word_1_84' title='bbox 301 1392 405 1478; x_wconf 83' lang='lat' dir='ltr'><strong><em>facile</em></strong></span> <span class='ocrx_word' id='word_1_85' title='bbox 420 1389 695 1478; x_wconf 78' lang='lat' dir='ltr'><strong><em>obtemperaboot,·</em></strong></span> <span class='ocrx_word' id='word_1_86' title='bbox 711 1413 774 1476; x_wconf 86' lang='lat' dir='ltr'><strong><em>pro</em></strong></span> <span class='ocrx_word' id='word_1_87' title='bbox 798 1401 880 1454; x_wconf 87' lang='lat' dir='ltr'><strong><em>certo</em></strong></span> <span class='ocrx_word' id='word_1_88' title='bbox 894 1389 1050 1471; x_wconf 70' lang='lat' dir='ltr'><strong><em>tarmes,</em></strong></span> <span class='ocrx_word' id='word_1_89' title='bbox 1064 1389 1145 1456; x_wconf 78' lang='lat' dir='ltr'><strong><em>milii</em></strong></span> <span class='ocrx_word' id='word_1_90' title='bbox 1168 1415 1270 1458; x_wconf 78' lang='lat' dir='ltr'><strong><em>roman</em></strong></span> <span class='ocrx_word' id='word_1_91' title='bbox 1290 1415 1350 1478; x_wconf 80' lang='lat' dir='ltr'><strong><em>quoe</em></strong></span> 
     </span>
     <span class='ocr_line' id='line_1_11' title="bbox 262 1487 1352 1574; baseline -0.004 -18"><span class='ocrx_word' id='word_1_92' title='bbox 262 1492 301 1556; x_wconf 83' lang='lat' dir='ltr'><strong><em>ab</em></strong></span> <span class='ocrx_word' id='word_1_93' title='bbox 326 1489 381 1554; x_wconf 88' lang='lat' dir='ltr'><strong><em>illo</em></strong></span> <span class='ocrx_word' id='word_1_94' title='bbox 406 1499 461 1554; x_wconf 82' lang='lat' dir='ltr'><strong><em>not</em></strong></span> <span class='ocrx_word' id='word_1_95' title='bbox 485 1489 661 1554; x_wconf 74' lang='lat' dir='ltr'><strong><em>dicerentur</em></strong></span> <span class='ocrx_word' id='word_1_96' title='bbox 684 1499 739 1552; x_wconf 81' lang='lat' dir='ltr'><strong><em>out</em></strong></span> <span class='ocrx_word' id='word_1_97' title='bbox 753 1487 869 1570; x_wconf 80' lang='lat' dir='ltr'><strong><em>fierent</em></strong></span> <span class='ocrx_word' id='word_1_98' title='bbox 891 1487 1067 1574; x_wconf 74' lang='lat' dir='ltr'><strong><em>improlem</em></strong></span> <span class='ocrx_word' id='word_1_99' title='bbox 1089 1513 1164 1567; x_wconf 83' lang='lat' dir='ltr'><strong><em>ease,</em></strong></span> <span class='ocrx_word' id='word_1_100' title='bbox 1189 1491 1243 1556; x_wconf 80' lang='lat' dir='ltr'><strong><em>sed</em></strong></span> <span class='ocrx_word' id='word_1_101' title='bbox 1262 1501 1352 1554; x_wconf 75' lang='lat' dir='ltr'><strong><em>corea</em></strong></span> 
     </span>
     <span class='ocr_line' id='line_1_12' title="bbox 262 1583 1353 1673; baseline -0.004 -21"><span class='ocrx_word' id='word_1_102' title='bbox 262 1589 306 1652; x_wconf 87' lang='lat' dir='ltr'><strong><em>od</em></strong></span> <span class='ocrx_word' id='word_1_103' title='bbox 328 1586 495 1652; x_wconf 75' lang='lat' dir='ltr'><strong><em>utilitatem</em></strong></span> <span class='ocrx_word' id='word_1_104' title='bbox 518 1608 622 1651; x_wconf 80' lang='lat' dir='ltr'><strong><em>eorum</em></strong></span> <span class='ocrx_word' id='word_1_105' title='bbox 645 1587 698 1671; x_wconf 77' lang='lat' dir='ltr'><strong><em>qui</em></strong></span> <span class='ocrx_word' id='word_1_106' title='bbox 720 1583 784 1652; x_wconf 83' lang='lat' dir='ltr'><strong><em>zelo</em></strong></span> <span class='ocrx_word' id='word_1_107' title='bbox 807 1586 872 1648; x_wconf 86' lang='lat' dir='ltr'><strong><em>Dei</em></strong></span> <span class='ocrx_word' id='word_1_108' title='bbox 893 1585 1079 1650; x_wconf 64' lang='lat' dir='ltr'><strong><em>demerem</em></strong></span> <span class='ocrx_word' id='word_1_109' title='bbox 1101 1599 1251 1673; x_wconf 78' lang='lat' dir='ltr'><strong><em>spectare.</em></strong></span> <span class='ocrx_word' id='word_1_110' title='bbox 1288 1587 1353 1660; x_wconf 82' lang='lat' dir='ltr'><strong><em>Quin</em></strong></span> 
     </span>
     <span class='ocr_line' id='line_1_13' title="bbox 262 1681 1384 1774; baseline -0.004 -24"><span class='ocrx_word' id='word_1_111' title='bbox 262 1698 291 1750; x_wconf 87' lang='lat' dir='ltr'><strong><em>et</em></strong></span> <span class='ocrx_word' id='word_1_112' title='bbox 314 1686 438 1750; x_wconf 83' lang='lat' dir='ltr'><strong><em>virtutis</em></strong></span> <span class='ocrx_word' id='word_1_113' title='bbox 466 1707 540 1749; x_wconf 80' lang='lat' dir='ltr'><strong><em>moe</em></strong></span> <span class='ocrx_word' id='word_1_114' title='bbox 571 1681 737 1769; x_wconf 73' lang='lat' dir='ltr'><strong><em>multiplex</em></strong></span> <span class='ocrx_word' id='word_1_115' title='bbox 766 1684 1009 1768; x_wconf 63' lang='lat' dir='ltr'><strong><em>experimentum</em></strong></span> <span class='ocrx_word' id='word_1_116' title='bbox 1040 1683 1138 1749; x_wconf 76' lang='lat' dir='ltr'><strong><em>dedit</em></strong></span> <span class='ocrx_word' id='word_1_117' title='bbox 1177 1685 1295 1774; x_wconf 72' lang='lat' dir='ltr'><strong><em>Quippe</em></strong></span> <span class='ocrx_word' id='word_1_118' title='bbox 1314 1684 1355 1769; x_wconf 79' lang='lat' dir='ltr'><strong><em>qni</em></strong></span> <span class='ocrx_word' id='word_1_119' title='bbox 1383 1711 1384 1716; x_wconf 44' lang='lat'>¹</span> 
     </span>
     <span class='ocr_line' id='line_1_14' title="bbox 259 1779 1357 1871; baseline -0.005 -22"><span class='ocrx_word' id='word_1_120' title='bbox 259 1807 318 1871; x_wconf 82' lang='lat' dir='ltr'><strong><em>pro</em></strong></span> <span class='ocrx_word' id='word_1_121' title='bbox 350 1781 468 1848; x_wconf 72' lang='lat' dir='ltr'><strong><em>Christi</em></strong></span> <span class='ocrx_word' id='word_1_122' title='bbox 489 1781 557 1864; x_wconf 73' lang='lat' dir='ltr'><strong><em>fide</em></strong></span> <span class='ocrx_word' id='word_1_123' title='bbox 594 1782 758 1846; x_wconf 84' lang='lat' dir='ltr'><strong><em>innumero</em></strong></span> <span class='ocrx_word' id='word_1_124' title='bbox 790 1780 921 1846; x_wconf 78' lang='lat' dir='ltr'><strong><em>subierit</em></strong></span> <span class='ocrx_word' id='word_1_125' title='bbox 946 1779 1107 1867; x_wconf 70' lang='lat' dir='ltr'><strong><em>pericula,</em></strong></span> <span class='ocrx_word' id='word_1_126' title='bbox 1140 1782 1216 1848; x_wconf 79' lang='lat' dir='ltr'><strong><em>dum</em></strong></span> <span class='ocrx_word' id='word_1_127' title='bbox 1247 1783 1357 1848; x_wconf 61' lang='lat' dir='ltr'><strong><em>oenus·</em></strong></span> 
     </span>
     <span class='ocr_line' id='line_1_15' title="bbox 263 1877 1357 1968; baseline -0.005 -20"><span class='ocrx_word' id='word_1_128' title='bbox 263 1883 362 1948; x_wconf 82' lang='lat' dir='ltr'><strong><em>odlrue</em></strong></span> <span class='ocrx_word' id='word_1_129' title='bbox 383 1879 545 1966; x_wconf 70' lang='lat' dir='ltr'><strong><em>ommium</em></strong></span> <span class='ocrx_word' id='word_1_130' title='bbox 567 1879 632 1942; x_wconf 83' lang='lat' dir='ltr'><strong><em>rito</em></strong></span> <span class='ocrx_word' id='word_1_131' title='bbox 654 1878 824 1942; x_wconf 79' lang='lat' dir='ltr'><strong><em>simulacro</em></strong></span> <span class='ocrx_word' id='word_1_132' title='bbox 838 1877 989 1944; x_wconf 72' lang='lat' dir='ltr'><strong><em>colerent.</em></strong></span> <span class='ocrx_word' id='word_1_133' title='bbox 1014 1879 1198 1966; x_wconf 73' lang='lat' dir='ltr'><strong><em>Himeraque</em></strong></span> <span class='ocrx_word' id='word_1_134' title='bbox 1221 1880 1301 1968; x_wconf 71' lang='lat' dir='ltr'><strong><em>opud</em></strong></span> <span class='ocrx_word' id='word_1_135' title='bbox 1318 1901 1357 1942; x_wconf 84' lang='lat' dir='ltr'><strong><em>eor</em></strong></span> 
     </span>
     <span class='ocr_line' id='line_1_16' title="bbox 262 1973 1385 2062; baseline -0.004 -20"><span class='ocrx_word' id='word_1_136' title='bbox 262 1982 405 2044; x_wconf 86' lang='lat' dir='ltr'><strong><em>inventor</em></strong></span> <span class='ocrx_word' id='word_1_137' title='bbox 428 1977 547 2042; x_wconf 74' lang='lat' dir='ltr'><strong><em>exstitit</em></strong></span> <span class='ocrx_word' id='word_1_138' title='bbox 570 1973 755 2056; x_wconf 73' lang='lat' dir='ltr'><strong><em>litterarum,</em></strong></span> <span class='ocrx_word' id='word_1_139' title='bbox 771 1985 800 2040; x_wconf 90' lang='lat' dir='ltr'><strong><em>et</em></strong></span> <span class='ocrx_word' id='word_1_140' title='bbox 821 1997 928 2050; x_wconf 80' lang='lat' dir='ltr'><strong><em>sacros</em></strong></span> <span class='ocrx_word' id='word_1_141' title='bbox 951 1974 1050 2042; x_wconf 82' lang='lat' dir='ltr'><strong><em>libror</em></strong></span> <span class='ocrx_word' id='word_1_142' title='bbox 1071 1979 1106 2040; x_wconf 85' lang='lat' dir='ltr'><strong><em>in</em></strong></span> <span class='ocrx_word' id='word_1_143' title='bbox 1128 2001 1295 2044; x_wconf 77' lang='lat' dir='ltr'><strong><em>sermenem</em></strong></span> <span class='ocrx_word' id='word_1_144' title='bbox 1310 2001 1357 2062; x_wconf 78' lang='lat' dir='ltr'><strong><em>po·</em></strong></span> <span class='ocrx_word' id='word_1_145' title='bbox 1384 1991 1385 2056; x_wconf 60' lang='lat' dir='ltr'><strong><em>r</em></strong></span> 
     </span>
     <span class='ocr_line' id='line_1_17' title="bbox 264 2057 1385 2164; baseline -0.002 -25"><span class='ocrx_word' id='word_1_146' title='bbox 264 2079 357 2142; x_wconf 79' lang='lat' dir='ltr'><strong><em>trium</em></strong></span> <span class='ocrx_word' id='word_1_147' title='bbox 379 2075 539 2138; x_wconf 73' lang='lat' dir='ltr'><strong><em>conuertit,</em></strong></span> <span class='ocrx_word' id='word_1_148' title='bbox 574 2073 617 2138; x_wconf 77' lang='lat' dir='ltr'><strong><em>Et</em></strong></span> <span class='ocrx_word' id='word_1_149' title='bbox 639 2074 712 2138; x_wconf 77' lang='lat' dir='ltr'><strong><em>naec</em></strong></span> <span class='ocrx_word' id='word_1_150' title='bbox 735 2073 858 2158; x_wconf 74' lang='lat' dir='ltr'><strong><em>quidam</em></strong></span> <span class='ocrx_word' id='word_1_151' title='bbox 880 2097 978 2140; x_wconf 81' lang='lat' dir='ltr'><strong><em>causo</em></strong></span> <span class='ocrx_word' id='word_1_152' title='bbox 992 2074 1073 2160; x_wconf 82' lang='lat' dir='ltr'><strong><em>fuit,</em></strong></span> <span class='ocrx_word' id='word_1_153' title='bbox 1096 2099 1152 2142; x_wconf 81' lang='lat' dir='ltr'><strong><em>car</em></strong></span> <span class='ocrx_word' id='word_1_154' title='bbox 1171 2075 1310 2164; x_wconf 70' lang='lat' dir='ltr'><strong><em>pier-ique</em></strong></span> <span class='ocrx_word' id='word_1_155' title='bbox 1329 2095 1359 2137; x_wconf 75' lang='lat' dir='ltr'><strong><em>er</em></strong></span> <span class='ocrx_word' id='word_1_156' title='bbox 1384 2057 1385 2144; x_wconf 59' lang='lat' dir='ltr'><strong><em>i</em></strong></span> 
     </span>
     <span class='ocr_line' id='line_1_18' title="bbox 263 2170 1357 2258; baseline -0.006 -20"><span class='ocrx_word' id='word_1_157' title='bbox 263 2174 418 2253; x_wconf 82' lang='lat' dir='ltr'><strong><em>barbarie,</em></strong></span> <span class='ocrx_word' id='word_1_158' title='bbox 443 2173 496 2258; x_wconf 82' lang='lat' dir='ltr'><strong><em>qui</em></strong></span> <span class='ocrx_word' id='word_1_159' title='bbox 520 2171 564 2234; x_wconf 84' lang='lat' dir='ltr'><strong><em>od</em></strong></span> <span class='ocrx_word' id='word_1_160' title='bbox 586 2173 700 2238; x_wconf 81' lang='lat' dir='ltr'><strong><em>Istrum</em></strong></span> <span class='ocrx_word' id='word_1_161' title='bbox 714 2170 868 2249; x_wconf 73' lang='lat' dir='ltr'><strong><em>habitaret,</em></strong></span> <span class='ocrx_word' id='word_1_162' title='bbox 888 2173 1069 2257; x_wconf 73' lang='lat' dir='ltr'><strong><em>opinionem</em></strong></span> <span class='ocrx_word' id='word_1_163' title='bbox 1079 2172 1154 2238; x_wconf 72' lang='lat' dir='ltr'><strong><em>Arii</em></strong></span> <span class='ocrx_word' id='word_1_164' title='bbox 1178 2170 1357 2240; x_wconf 62' lang='lat' dir='ltr'><strong><em>cremauit.</em></strong></span> 
     </span>
     <span class='ocr_line' id='line_1_19' title="bbox 262 2267 1359 2338; baseline -0.005 -1"><span class='ocrx_word' id='word_1_165' title='bbox 262 2271 379 2337; x_wconf 83' lang='lat' dir='ltr'><strong><em>Postea</em></strong></span> <span class='ocrx_word' id='word_1_166' title='bbox 401 2292 423 2335; x_wconf 88' lang='lat' dir='ltr'><strong><em>a</em></strong></span> <span class='ocrx_word' id='word_1_167' title='bbox 445 2269 562 2336; x_wconf 84' lang='lat' dir='ltr'><strong><em>Gothis</em></strong></span> <span class='ocrx_word' id='word_1_168' title='bbox 592 2267 737 2334; x_wconf 85' lang='lat' dir='ltr'><strong><em>haeresis</em></strong></span> <span class='ocrx_word' id='word_1_169' title='bbox 760 2269 886 2334; x_wconf 86' lang='lat' dir='ltr'><strong><em>Ariana</em></strong></span> <span class='ocrx_word' id='word_1_170' title='bbox 914 2271 1106 2336; x_wconf 76' lang='lat' dir='ltr'><strong><em>transmissa</em></strong></span> <span class='ocrx_word' id='word_1_171' title='bbox 1136 2271 1204 2338; x_wconf 83' lang='lat' dir='ltr'><strong><em>fuit</em></strong></span> <span class='ocrx_word' id='word_1_172' title='bbox 1225 2271 1266 2338; x_wconf 90' lang='lat' dir='ltr'><strong><em>ad</em></strong></span> <span class='ocrx_word' id='word_1_173' title='bbox 1288 2270 1359 2334; x_wconf 82' lang='lat' dir='ltr'><strong><em>Van·</em></strong></span> 
     </span>
    </p>
   </div>
   <div class='ocr_carea' id='block_1_3' title="bbox 263 2367 566 2434">
    <p class='ocr_par' dir='ltr' id='par_1_3' title="bbox 263 2367 566 2434">
     <span class='ocr_line' id='line_1_20' title="bbox 263 2367 566 2434; baseline -0.01 0"><span class='ocrx_word' id='word_1_174' title='bbox 263 2367 354 2434; x_wconf 83' lang='lat' dir='ltr'><strong><em>delos</em></strong></span> <span class='ocrx_word' id='word_1_175' title='bbox 377 2377 410 2432; x_wconf 89' lang='lat' dir='ltr'><strong><em>et</em></strong></span> <span class='ocrx_word' id='word_1_176' title='bbox 431 2367 566 2432; x_wconf 75' lang='lat' dir='ltr'><strong><em>Suevos</em></strong></span> 
     </span>
    </p>
   </div>
   <div class='ocr_carea' id='block_1_4' title="bbox 127 2462 1357 2551">
    <p class='ocr_par' dir='ltr' id='par_1_4' title="bbox 127 2424 1386 2551">
     <span class='ocr_line' id='line_1_21' title="bbox 127 2462 1357 2551; baseline 0.021 -39"><span class='ocrx_word' id='word_1_177' title='bbox 127 2482 160 2512; x_wconf 70' lang='lat' dir='ltr'><strong><em>m</em></strong></span> <span class='ocrx_word' id='word_1_178' title='bbox 194 2481 254 2511; x_wconf 72' lang='lat' dir='ltr'><strong><em>nor·</em></strong></span> <span class='ocrx_word' id='word_1_179' title='bbox 352 2465 405 2530; x_wconf 80' lang='lat'><strong><em>24.</em></strong></span> <span class='ocrx_word' id='word_1_180' title='bbox 430 2462 603 2530; x_wconf 83' lang='lat' dir='ltr'><strong><em>Caeterum</em></strong></span> <span class='ocrx_word' id='word_1_181' title='bbox 635 2462 751 2544; x_wconf 82' lang='lat' dir='ltr'><strong><em>Gothi,</em></strong></span> <span class='ocrx_word' id='word_1_182' title='bbox 777 2484 858 2551; x_wconf 86' lang='lat' dir='ltr'><strong><em>quos</em></strong></span> <span class='ocrx_word' id='word_1_183' title='bbox 880 2463 1005 2531; x_wconf 84' lang='lat' dir='ltr'><strong><em>Valens</em></strong></span> <span class='ocrx_word' id='word_1_184' title='bbox 1027 2465 1062 2533; x_wconf 88' lang='lat' dir='ltr'><strong><em>in</em></strong></span> <span class='ocrx_word' id='word_1_185' title='bbox 1086 2465 1266 2534; x_wconf 76' lang='lat' dir='ltr'><strong><em>Thracium</em></strong></span> <span class='ocrx_word' id='word_1_186' title='bbox 1287 2485 1357 2530; x_wconf 65' lang='lat' dir='ltr'><strong><em>reor</em></strong></span> 
     </span>
    </p>
   </div>
   <div class='ocr_carea' id='block_1_5' title="bbox 176 2543 1365 4104">
    <p class='ocr_par' dir='ltr' id='par_1_5' title="bbox 176 2543 1365 4104">
     <span class='ocr_line' id='line_1_22' title="bbox 176 2543 1356 2650; baseline 0.003 -22"><span class='ocrx_word' id='word_1_187' title='bbox 176 2543 193 2572; x_wconf 75' lang='lat'><strong><em>⁸‘</em></strong></span> <span class='ocrx_word' id='word_1_188' title='bbox 263 2573 364 2650; x_wconf 84' lang='lat' dir='ltr'><strong><em>peret,</em></strong></span> <span class='ocrx_word' id='word_1_189' title='bbox 387 2561 484 2650; x_wconf 88' lang='lat' dir='ltr'><strong><em>paulo</em></strong></span> <span class='ocrx_word' id='word_1_190' title='bbox 503 2571 577 2647; x_wconf 86' lang='lat' dir='ltr'><strong><em>post</em></strong></span> <span class='ocrx_word' id='word_1_191' title='bbox 594 2561 734 2626; x_wconf 88' lang='lat' dir='ltr'><strong><em>Romani</em></strong></span> <span class='ocrx_word' id='word_1_192' title='bbox 747 2561 821 2646; x_wconf 81' lang='lat' dir='ltr'><strong><em>jugi</em></strong></span> <span class='ocrx_word' id='word_1_193' title='bbox 840 2571 973 2648; x_wconf 86' lang='lat' dir='ltr'><strong><em>propter</em></strong></span> <span class='ocrx_word' id='word_1_194' title='bbox 992 2561 1114 2630; x_wconf 85' lang='lat' dir='ltr'><strong><em>ducum</em></strong></span> <span class='ocrx_word' id='word_1_195' title='bbox 1131 2564 1288 2630; x_wconf 79' lang='lat' dir='ltr'><strong><em>duritiem</em></strong></span> <span class='ocrx_word' id='word_1_196' title='bbox 1302 2584 1356 2648; x_wconf 82' lang='lat' dir='ltr'><strong><em>per·</em></strong></span> 
     </span>
     <span class='ocr_line' id='line_1_23' title="bbox 263 2659 1358 2747; baseline -0.005 -21"><span class='ocrx_word' id='word_1_197' title='bbox 263 2662 345 2726; x_wconf 80' lang='lat' dir='ltr'><strong><em>teesi</em></strong></span> <span class='ocrx_word' id='word_1_198' title='bbox 360 2661 554 2726; x_wconf 81' lang='lat' dir='ltr'><strong><em>seditionem</em></strong></span> <span class='ocrx_word' id='word_1_199' title='bbox 569 2662 763 2739; x_wconf 83' lang='lat' dir='ltr'><strong><em>excitarunt,</em></strong></span> <span class='ocrx_word' id='word_1_200' title='bbox 775 2669 807 2722; x_wconf 91' lang='lat' dir='ltr'><strong><em>et</em></strong></span> <span class='ocrx_word' id='word_1_201' title='bbox 816 2659 981 2724; x_wconf 78' lang='lat' dir='ltr'><strong><em>Romanus</em></strong></span> <span class='ocrx_word' id='word_1_202' title='bbox 997 2663 1109 2747; x_wconf 86' lang='lat' dir='ltr'><strong><em>copias</em></strong></span> <span class='ocrx_word' id='word_1_203' title='bbox 1125 2663 1297 2730; x_wconf 86' lang='lat' dir='ltr'><strong><em>eThracia</em></strong></span> <span class='ocrx_word' id='word_1_204' title='bbox 1310 2661 1358 2745; x_wconf 77' lang='lat' dir='ltr'><strong><em>eje</em></strong></span> 
     </span>
     <span class='ocr_line' id='line_1_24' title="bbox 264 2758 1356 2846; baseline -0.001 -22"><span class='ocrx_word' id='word_1_205' title='bbox 264 2770 389 2826; x_wconf 88' lang='lat' dir='ltr'><strong><em>cerunt.</em></strong></span> <span class='ocrx_word' id='word_1_206' title='bbox 409 2758 533 2824; x_wconf 86' lang='lat' dir='ltr'><strong><em>Valens</em></strong></span> <span class='ocrx_word' id='word_1_207' title='bbox 552 2759 632 2824; x_wconf 87' lang='lat' dir='ltr'><strong><em>inito</em></strong></span> <span class='ocrx_word' id='word_1_208' title='bbox 648 2779 722 2825; x_wconf 85' lang='lat' dir='ltr'><strong><em>cum</em></strong></span> <span class='ocrx_word' id='word_1_209' title='bbox 744 2759 785 2822; x_wconf 89' lang='lat' dir='ltr'><strong><em>iis</em></strong></span> <span class='ocrx_word' id='word_1_210' title='bbox 805 2759 895 2844; x_wconf 78' lang='lat' dir='ltr'><strong><em>apud</em></strong></span> <span class='ocrx_word' id='word_1_211' title='bbox 913 2758 1165 2846; x_wconf 83' lang='lat' dir='ltr'><strong><em>Adrianopolim</em></strong></span> <span class='ocrx_word' id='word_1_212' title='bbox 1183 2761 1356 2826; x_wconf 79' lang='lat' dir='ltr'><strong><em>certemine.</em></strong></span> 
     </span>
     <span class='ocr_line' id='line_1_25' title="bbox 264 2855 1359 2943; baseline -0.005 -19"><span class='ocrx_word' id='word_1_213' title='bbox 264 2860 382 2943; x_wconf 81' lang='lat' dir='ltr'><strong><em>sagitte</em></strong></span> <span class='ocrx_word' id='word_1_214' title='bbox 397 2855 573 2938; x_wconf 78' lang='lat' dir='ltr'><strong><em>confossus,</em></strong></span> <span class='ocrx_word' id='word_1_215' title='bbox 589 2864 621 2920; x_wconf 90' lang='lat' dir='ltr'><strong><em>et</em></strong></span> <span class='ocrx_word' id='word_1_216' title='bbox 636 2856 669 2919; x_wconf 90' lang='lat' dir='ltr'><strong><em>in</em></strong></span> <span class='ocrx_word' id='word_1_217' title='bbox 684 2858 814 2940; x_wconf 85' lang='lat' dir='ltr'><strong><em>tugurio</em></strong></span> <span class='ocrx_word' id='word_1_218' title='bbox 829 2857 863 2919; x_wconf 91' lang='lat' dir='ltr'><strong><em>in</em></strong></span> <span class='ocrx_word' id='word_1_219' title='bbox 874 2857 963 2942; x_wconf 92' lang='lat' dir='ltr'><strong><em>quod</em></strong></span> <span class='ocrx_word' id='word_1_220' title='bbox 977 2857 1173 2942; x_wconf 82' lang='lat' dir='ltr'><strong><em>confugerat</em></strong></span> <span class='ocrx_word' id='word_1_221' title='bbox 1187 2859 1359 2926; x_wconf 81' lang='lat' dir='ltr'><strong><em>combustus</em></strong></span> 
     </span>
     <span class='ocr_line' id='line_1_26' title="bbox 264 2953 1359 3040; baseline -0.004 -20"><span class='ocrx_word' id='word_1_222' title='bbox 264 2966 312 3020; x_wconf 87' lang='lat' dir='ltr'><strong><em>cst</em></strong></span> <span class='ocrx_word' id='word_1_223' title='bbox 331 2979 359 3020; x_wconf 87' lang='lat' dir='ltr'><strong><em>a.</em></strong></span> <span class='ocrx_word' id='word_1_224' title='bbox 379 2955 455 3020; x_wconf 78' lang='lat'><strong>378.</strong></span> <span class='ocrx_word' id='word_1_225' title='bbox 491 2954 546 3018; x_wconf 81' lang='lat' dir='ltr'><strong><em>lix</em></strong></span> <span class='ocrx_word' id='word_1_226' title='bbox 560 2975 623 3040; x_wconf 91' lang='lat' dir='ltr'><strong><em>quo</em></strong></span> <span class='ocrx_word' id='word_1_227' title='bbox 639 2964 784 3039; x_wconf 89' lang='lat' dir='ltr'><strong><em>tempore</em></strong></span> <span class='ocrx_word' id='word_1_228' title='bbox 808 2953 936 3019; x_wconf 84' lang='lat' dir='ltr'><strong><em>felicius</em></strong></span> <span class='ocrx_word' id='word_1_229' title='bbox 955 2955 1046 3020; x_wconf 73' lang='lat' dir='ltr'><strong><em>sidua</em></strong></span> <span class='ocrx_word' id='word_1_230' title='bbox 1064 2955 1238 3024; x_wconf 70' lang='lat' dir='ltr'><strong><em>Ecclesiae</em></strong></span> <span class='ocrx_word' id='word_1_231' title='bbox 1258 2954 1359 3022; x_wconf 79' lang='lat' dir='ltr'><strong><em>illuxit</em></strong></span> 
     </span>
     <span class='ocr_line' id='line_1_27' title="bbox 263 3049 1359 3138; baseline -0.003 -19"><span class='ocrx_word' id='word_1_232' title='bbox 263 3054 340 3119; x_wconf 80' lang='lat' dir='ltr'><strong><em>Jam</em></strong></span> <span class='ocrx_word' id='word_1_233' title='bbox 355 3051 417 3116; x_wconf 90' lang='lat' dir='ltr'><strong><em>hoo</em></strong></span> <span class='ocrx_word' id='word_1_234' title='bbox 431 3053 501 3138; x_wconf 86' lang='lat' dir='ltr'><strong><em>ipso</em></strong></span> <span class='ocrx_word' id='word_1_235' title='bbox 516 3051 604 3137; x_wconf 89' lang='lat' dir='ltr'><strong><em>quod</em></strong></span> <span class='ocrx_word' id='word_1_236' title='bbox 614 3049 714 3118; x_wconf 85' lang='lat' dir='ltr'><strong><em>Gothi</em></strong></span> <span class='ocrx_word' id='word_1_237' title='bbox 725 3049 860 3137; x_wconf 87' lang='lat' dir='ltr'><strong><em>Imperii</em></strong></span> <span class='ocrx_word' id='word_1_238' title='bbox 876 3051 985 3120; x_wconf 86' lang='lat' dir='ltr'><strong><em>hostes</em></strong></span> <span class='ocrx_word' id='word_1_239' title='bbox 999 3053 1115 3120; x_wconf 88' lang='lat' dir='ltr'><strong><em>Ariani</em></strong></span> <span class='ocrx_word' id='word_1_240' title='bbox 1131 3065 1252 3138; x_wconf 73' lang='lat' dir='ltr'><strong><em>essent,</em></strong></span> <span class='ocrx_word' id='word_1_241' title='bbox 1267 3053 1359 3120; x_wconf 76' lang='lat' dir='ltr'><strong><em>heere</em></strong></span> 
     </span>
     <span class='ocr_line' id='line_1_28' title="bbox 264 3145 1359 3236; baseline -0.004 -20"><span class='ocrx_word' id='word_1_242' title='bbox 264 3154 307 3216; x_wconf 85' lang='lat' dir='ltr'><strong><em>sis</em></strong></span> <span class='ocrx_word' id='word_1_243' title='bbox 330 3151 413 3216; x_wconf 88' lang='lat' dir='ltr'><strong><em>haee</em></strong></span> <span class='ocrx_word' id='word_1_244' title='bbox 436 3145 536 3234; x_wconf 64' lang='lat' dir='ltr'><strong><em>crosa</em></strong></span> <span class='ocrx_word' id='word_1_245' title='bbox 558 3149 655 3229; x_wconf 83' lang='lat' dir='ltr'><strong><em>facte,</em></strong></span> <span class='ocrx_word' id='word_1_246' title='bbox 687 3171 828 3235; x_wconf 80' lang='lat' dir='ltr'><strong><em>moxque</em></strong></span> <span class='ocrx_word' id='word_1_247' title='bbox 858 3151 1086 3236; x_wconf 77' lang='lat' dir='ltr'><strong><em>episcoporum</em></strong></span> <span class='ocrx_word' id='word_1_248' title='bbox 1117 3151 1359 3220; x_wconf 78' lang='lat' dir='ltr'><strong><em>orthodoxorum</em></strong></span> 
     </span>
     <span class='ocr_line' id='line_1_29' title="bbox 264 3246 1361 3334; baseline -0.005 -20"><span class='ocrx_word' id='word_1_249' title='bbox 264 3249 371 3314; x_wconf 89' lang='lat' dir='ltr'><strong><em>studio</em></strong></span> <span class='ocrx_word' id='word_1_250' title='bbox 396 3259 428 3312; x_wconf 86' lang='lat' dir='ltr'><strong><em>et</em></strong></span> <span class='ocrx_word' id='word_1_251' title='bbox 450 3248 689 3333; x_wconf 82' lang='lat' dir='ltr'><strong><em>Imperatorum</em></strong></span> <span class='ocrx_word' id='word_1_252' title='bbox 713 3246 837 3313; x_wconf 84' lang='lat' dir='ltr'><strong><em>auxilio</em></strong></span> <span class='ocrx_word' id='word_1_253' title='bbox 861 3269 1008 3334; x_wconf 87' lang='lat' dir='ltr'><strong><em>repressa</em></strong></span> <span class='ocrx_word' id='word_1_254' title='bbox 1031 3258 1091 3314; x_wconf 90' lang='lat' dir='ltr'><strong><em>est.</em></strong></span> <span class='ocrx_word' id='word_1_255' title='bbox 1127 3287 1173 3298; x_wconf 89' lang='lat'>-</span> <span class='ocrx_word' id='word_1_256' title='bbox 1213 3249 1267 3318; x_wconf 76' lang='lat' dir='ltr'><strong><em>Ab</em></strong></span> <span class='ocrx_word' id='word_1_257' title='bbox 1288 3265 1361 3312; x_wconf 81' lang='lat' dir='ltr'><strong><em>anno</em></strong></span> 
     </span>
     <span class='ocr_line' id='line_1_30' title="bbox 264 3344 1361 3434; baseline -0.003 -23"><span class='ocrx_word' id='word_1_258' title='bbox 264 3347 328 3413; x_wconf 76' lang='lat'><strong><em>375</em></strong></span> <span class='ocrx_word' id='word_1_259' title='bbox 352 3349 387 3412; x_wconf 91' lang='lat' dir='ltr'><strong><em>in</em></strong></span> <span class='ocrx_word' id='word_1_260' title='bbox 402 3345 583 3412; x_wconf 79' lang='lat' dir='ltr'><strong><em>Occidente</em></strong></span> <span class='ocrx_word' id='word_1_261' title='bbox 607 3354 681 3430; x_wconf 88' lang='lat' dir='ltr'><strong><em>post</em></strong></span> <span class='ocrx_word' id='word_1_262' title='bbox 702 3344 828 3410; x_wconf 90' lang='lat' dir='ltr'><strong><em>obitum</em></strong></span> <span class='ocrx_word' id='word_1_263' title='bbox 844 3344 1070 3412; x_wconf 75' lang='lat' dir='ltr'><strong><em>Valentiniani</em></strong></span> <span class='ocrx_word' id='word_1_264' title='bbox 1095 3347 1282 3434; x_wconf 71' lang='lat' dir='ltr'><strong><em>imperabat</em></strong></span> <span class='ocrx_word' id='word_1_265' title='bbox 1295 3345 1361 3410; x_wconf 82' lang='lat' dir='ltr'><strong><em>Gra·</em></strong></span> 
     </span>
     <span class='ocr_line' id='line_1_31' title="bbox 264 3442 1361 3528; baseline -0.006 -18"><span class='ocrx_word' id='word_1_266' title='bbox 264 3448 373 3510; x_wconf 86' lang='lat' dir='ltr'><strong><em>tienus</em></strong></span> <span class='ocrx_word' id='word_1_267' title='bbox 396 3443 467 3528; x_wconf 86' lang='lat' dir='ltr'><strong><em>ejus</em></strong></span> <span class='ocrx_word' id='word_1_268' title='bbox 490 3442 577 3507; x_wconf 87' lang='lat' dir='ltr'><strong><em>filius</em></strong></span> <span class='ocrx_word' id='word_1_269' title='bbox 592 3465 667 3508; x_wconf 91' lang='lat' dir='ltr'><strong><em>cum</em></strong></span> <span class='ocrx_word' id='word_1_270' title='bbox 677 3443 809 3527; x_wconf 89' lang='lat' dir='ltr'><strong><em>juniore</em></strong></span> <span class='ocrx_word' id='word_1_271' title='bbox 824 3442 1058 3510; x_wconf 75' lang='lat' dir='ltr'><strong><em>Valentiniano</em></strong></span> <span class='ocrx_word' id='word_1_272' title='bbox 1081 3443 1183 3510; x_wconf 79' lang='lat' dir='ltr'><strong><em>fratre</em></strong></span> <span class='ocrx_word' id='word_1_273' title='bbox 1208 3467 1277 3512; x_wconf 80' lang='lat' dir='ltr'><strong><em>sno.</em></strong></span> <span class='ocrx_word' id='word_1_274' title='bbox 1298 3443 1361 3508; x_wconf 88' lang='lat' dir='ltr'><strong><em>Post</em></strong></span> 
     </span>
     <span class='ocr_line' id='line_1_32' title="bbox 264 3540 1361 3628; baseline -0.001 -19"><span class='ocrx_word' id='word_1_275' title='bbox 264 3544 431 3608; x_wconf 88' lang='lat' dir='ltr'><strong><em>interitum</em></strong></span> <span class='ocrx_word' id='word_1_276' title='bbox 456 3540 606 3606; x_wconf 84' lang='lat' dir='ltr'><strong><em>Valentis</em></strong></span> <span class='ocrx_word' id='word_1_277' title='bbox 635 3543 743 3626; x_wconf 84' lang='lat' dir='ltr'><strong><em>patrui</em></strong></span> <span class='ocrx_word' id='word_1_278' title='bbox 776 3543 827 3606; x_wconf 85' lang='lat' dir='ltr'><strong><em>sui</em></strong></span> <span class='ocrx_word' id='word_1_279' title='bbox 857 3543 956 3606; x_wconf 84' lang='lat' dir='ltr'><strong><em>etium</em></strong></span> <span class='ocrx_word' id='word_1_280' title='bbox 980 3541 1122 3628; x_wconf 85' lang='lat' dir='ltr'><strong><em>Imperio</em></strong></span> <span class='ocrx_word' id='word_1_281' title='bbox 1146 3541 1298 3608; x_wconf 82' lang='lat' dir='ltr'><strong><em>orientali</em></strong></span> <span class='ocrx_word' id='word_1_282' title='bbox 1318 3559 1361 3624; x_wconf 72' lang='lat' dir='ltr'><strong><em>po</em></strong></span> 
     </span>
     <span class='ocr_line' id='line_1_33' title="bbox 264 3637 1362 3724; baseline -0.005 -18"><span class='ocrx_word' id='word_1_283' title='bbox 264 3645 352 3722; x_wconf 87' lang='lat' dir='ltr'><strong><em>titus,</em></strong></span> <span class='ocrx_word' id='word_1_284' title='bbox 377 3640 549 3706; x_wconf 80' lang='lat' dir='ltr'><strong><em>confestim</em></strong></span> <span class='ocrx_word' id='word_1_285' title='bbox 580 3639 733 3704; x_wconf 85' lang='lat' dir='ltr'><strong><em>omnibus</em></strong></span> <span class='ocrx_word' id='word_1_286' title='bbox 762 3639 819 3724; x_wconf 86' lang='lat' dir='ltr'><strong><em>qui</em></strong></span> <span class='ocrx_word' id='word_1_287' title='bbox 850 3638 892 3706; x_wconf 84' lang='lat' dir='ltr'><strong><em>ub</em></strong></span> <span class='ocrx_word' id='word_1_288' title='bbox 916 3637 970 3704; x_wconf 90' lang='lat' dir='ltr'><strong><em>illo</em></strong></span> <span class='ocrx_word' id='word_1_289' title='bbox 994 3639 1163 3724; x_wconf 86' lang='lat' dir='ltr'><strong><em>religionis</em></strong></span> <span class='ocrx_word' id='word_1_290' title='bbox 1187 3663 1287 3708; x_wconf 83' lang='lat' dir='ltr'><strong><em>causa</em></strong></span> <span class='ocrx_word' id='word_1_291' title='bbox 1307 3637 1362 3702; x_wconf 74' lang='lat' dir='ltr'><strong><em>fue</em></strong></span> 
     </span>
     <span class='ocr_line' id='line_1_34' title="bbox 264 3735 1362 3822; baseline -0.01 -16"><span class='ocrx_word' id='word_1_292' title='bbox 264 3751 338 3806; x_wconf 85' lang='lat' dir='ltr'><strong><em>rent</em></strong></span> <span class='ocrx_word' id='word_1_293' title='bbox 360 3739 495 3822; x_wconf 86' lang='lat' dir='ltr'><strong><em>relegati</em></strong></span> <span class='ocrx_word' id='word_1_294' title='bbox 518 3737 661 3802; x_wconf 89' lang='lat' dir='ltr'><strong><em>reditum</em></strong></span> <span class='ocrx_word' id='word_1_295' title='bbox 684 3739 860 3818; x_wconf 81' lang='lat' dir='ltr'><strong><em>eoncessit3</em></strong></span> <span class='ocrx_word' id='word_1_296' title='bbox 893 3739 1021 3802; x_wconf 87' lang='lat' dir='ltr'><strong><em>cunctis</em></strong></span> <span class='ocrx_word' id='word_1_297' title='bbox 1042 3736 1185 3804; x_wconf 84' lang='lat' dir='ltr'><strong><em>liberum</em></strong></span> <span class='ocrx_word' id='word_1_298' title='bbox 1210 3735 1362 3822; x_wconf 79' lang='lat' dir='ltr'><strong><em>religionis</em></strong></span> 
     </span>
     <span class='ocr_line' id='line_1_35' title="bbox 265 3833 1365 3920; baseline -0.001 -17"><span class='ocrx_word' id='word_1_299' title='bbox 265 3839 459 3903; x_wconf 81' lang='lat' dir='ltr'><strong><em>exercitium</em></strong></span> <span class='ocrx_word' id='word_1_300' title='bbox 491 3833 638 3916; x_wconf 82' lang='lat' dir='ltr'><strong><em>indulsit,</em></strong></span> <span class='ocrx_word' id='word_1_301' title='bbox 671 3837 818 3920; x_wconf 83' lang='lat' dir='ltr'><strong><em>exceptis</em></strong></span> <span class='ocrx_word' id='word_1_302' title='bbox 850 3835 1072 3916; x_wconf 76' lang='lat' dir='ltr'><strong><em>manichaeis,</em></strong></span> <span class='ocrx_word' id='word_1_303' title='bbox 1106 3835 1314 3902; x_wconf 80' lang='lat' dir='ltr'><strong><em>Photinianis</em></strong></span> <span class='ocrx_word' id='word_1_304' title='bbox 1339 3848 1365 3894; x_wconf 65' lang='lat' dir='ltr'><strong><em>rt</em></strong></span> 
     </span>
     <span class='ocr_line' id='line_1_36' title="bbox 265 3933 1362 4019; baseline -0.011 -16"><span class='ocrx_word' id='word_1_305' title='bbox 265 3936 462 4016; x_wconf 84' lang='lat' dir='ltr'><strong><em>Anemoeis,</em></strong></span> <span class='ocrx_word' id='word_1_306' title='bbox 494 3933 676 4019; x_wconf 88' lang='lat' dir='ltr'><strong><em>horumque</em></strong></span> <span class='ocrx_word' id='word_1_307' title='bbox 708 3933 863 3998; x_wconf 84' lang='lat' dir='ltr'><strong><em>ecelesias</em></strong></span> <span class='ocrx_word' id='word_1_308' title='bbox 894 3933 979 3998; x_wconf 87' lang='lat' dir='ltr'><strong><em>tradi</em></strong></span> <span class='ocrx_word' id='word_1_309' title='bbox 1006 3933 1107 4019; x_wconf 86' lang='lat' dir='ltr'><strong><em>jussit</em></strong></span> <span class='ocrx_word' id='word_1_310' title='bbox 1139 3935 1180 3998; x_wconf 88' lang='lat' dir='ltr'><strong><em>iis</em></strong></span> <span class='ocrx_word' id='word_1_311' title='bbox 1214 3935 1270 4019; x_wconf 83' lang='lat' dir='ltr'><strong><em>qui</em></strong></span> <span class='ocrx_word' id='word_1_312' title='bbox 1300 3951 1362 3994; x_wconf 86' lang='lat' dir='ltr'><strong><em>curn</em></strong></span> 
     </span>
     <span class='ocr_line' id='line_1_37' title="bbox 266 4033 906 4104; baseline -0.006 -4"><span class='ocrx_word' id='word_1_313' title='bbox 266 4035 409 4100; x_wconf 86' lang='lat' dir='ltr'><strong><em>Damaso</em></strong></span> <span class='ocrx_word' id='word_1_314' title='bbox 433 4033 593 4098; x_wconf 89' lang='lat' dir='ltr'><strong><em>Pontifice</em></strong></span> <span class='ocrx_word' id='word_1_315' title='bbox 616 4033 906 4104; x_wconf 73' lang='lat' dir='ltr'><strong><em>communicarent.</em></strong></span> 
     </span>
    </p>
   </div>
   <div class='ocr_carea' id='block_1_6' title="bbox 340 4235 687 4308">
    <p class='ocr_par' dir='ltr' id='par_1_6' title="bbox 340 4235 687 4308">
     <span class='ocr_line' id='line_1_38' title="bbox 340 4235 687 4308; baseline 0 -18"><span class='ocrx_word' id='word_1_316' title='bbox 340 4235 687 4308; x_wconf 65' lang='lat' dir='ltr'><strong><em>nnmnmem</em></strong></span> 
     </span>
    </p>
   </div>
   <div class='ocr_carea' id='block_1_7' title="bbox 0 0 1416 4848">
    <p class='ocr_par' dir='ltr' id='par_1_7' title="bbox 0 0 1416 4848">
     <span class='ocr_line' id='line_1_39' title="bbox 0 0 1416 4848; baseline 0 0"><span class='ocrx_word' id='word_1_317' title='bbox 0 0 1416 4848; x_wconf 95' lang='lat' dir='ltr'><strong><em> </em></strong></span> 
     </span>
    </p>
   </div>
  </div>
 </body>
</html>
