2924 4818
234 509 285 560 m
469 507 509 559 De
526 505 602 560 mn.
622 505 699 560 Pont
718 505 818 560 asculi
837 505 917 573 primi
935 511 964 558 et
981 505 1098 559 secundi

233 649 299 730 bat,
325 652 364 712 iis
388 649 590 735 temporibus
614 650 759 732 ignotam
783 650 884 712 fuisse
897 649 1095 713 Pontificum
1120 651 1363 712 auctoritatem

233 746 332 829 illam,
358 769 456 832 quam
486 746 721 831 posterioribus
749 745 953 832 temporibus
985 755 1214 810 exercuerunt.
1261 744 1363 809 Resi-

234 847 353 909 stentia
376 847 464 908 enim
488 843 669 928 legitimam
691 845 918 909 auctoritatem
942 835 1017 909 non
1033 846 1216 922 imminuit,
1241 863 1364 929 neque

235 942 467 1027 posterioribus
490 940 708 1027 temporibus,
733 940 866 1028 quando
894 951 1018 1005 tantam
1042 943 1212 1027 potestatis
1234 939 1362 1026 ampli·

235 1041 383 1106 tudinem
405 1040 528 1124 gradus
551 1041 600 1102 sui
624 1041 791 1125 propriam
811 1039 951 1104 Romani
973 1037 1150 1102 Pontifices
1173 1035 1364 1122 tranquille

234 1137 442 1219 exercebant,
476 1136 627 1222 exempla
659 1135 835 1200 defuerunt
857 1135 1039 1217 hominum,
1063 1135 1121 1220 qui
1144 1133 1239 1200 Sedis
1264 1135 1362 1220 Apo

235 1234 368 1300 stolicae
400 1235 606 1316 auctoritati,
647 1255 712 1298 non
752 1234 861 1299 dicam
895 1234 1099 1314 restiterunt,
1134 1232 1191 1296 sed
1224 1231 1362 1296 nefarie

235 1354 366 1419 prorsus
389 1330 478 1396 illam
502 1341 706 1418 spreverunt.
744 1330 838 1396 Idem
862 1333 961 1396 etiam
986 1327 1096 1416 quoad
1124 1327 1278 1393 Concilio
1303 1352 1361 1414 ge-

236 1429 359 1495 neralia
369 1429 500 1495 accidit.
508 1427 532 1514 ¹)
556 1467 599 1476 -
623 1427 808 1510 Caeterum,
824 1439 861 1492 ut
875 1428 992 1493 modus
1007 1430 1243 1513 intemperatus
1253 1449 1362 1512 agen-

235 1528 268 1592 di
298 1527 480 1611 Polycratis
503 1525 708 1612 aliorumque
731 1526 832 1591 Asiae
851 1529 1036 1590 antistitum
1064 1525 1275 1610 aliquatenus
1302 1547 1360 1588 ex·

234 1625 384 1712 plicetur,
408 1625 527 1688 iterum
551 1623 883 1689 animadvertendum
908 1633 972 1706 est,
997 1645 1040 1687 ex
1063 1643 1176 1686 eorum
1200 1625 1360 1687 resisten-

234 1725 281 1787 tia
305 1745 370 1786 non
394 1724 496 1807 sequi,
521 1743 576 1787 ecs
605 1743 737 1807 prorsus
765 1722 916 1806 rejecisse
945 1741 1132 1806 supremam
1155 1727 1359 1805 potestatem

234 1822 374 1886 Romani
407 1819 586 1884 Pontificio.
633 1819 730 1883 Hanc
762 1819 896 1904 quidem
930 1828 1146 1902 agnoverunt,
1179 1817 1237 1882 sed
1271 1820 1361 1882 viris

235 1919 406 1983 commotis
433 1919 541 1981 visum
565 1927 613 1980 est
644 1918 812 2002 iniquum,
836 1916 925 2001 quod
955 1915 1226 1979 consuetudinem
1250 1937 1358 2001 quam
1450 1917 1451 1920 ’

233 2018 325 2102 piam
349 2025 381 2078 et
408 2013 590 2099 legitimam
623 2035 693 2078 esse
715 2014 880 2079 obstinata
903 2014 1048 2098 quadam
1071 2011 1289 2095 religiositate
1314 2023 1359 2076 te·

236 2113 371 2195 nebant,
409 2111 563 2177 Pontifex
596 2111 770 2196 reprobare
798 2119 831 2174 ct
853 2109 1057 2196 proscribere
1079 2107 1188 2173 vellet.
1235 2109 1357 2176 Talem
1450 2125 1451 2130 ’

235 2213 337 2295 igitur
359 2209 615 2297 applicationem
648 2210 718 2296 ejus
750 2209 954 2272 auctoritatis
986 2207 1142 2294 injustam
1170 2206 1357 2272 habebant.

236 2308 438 2372 Debuissent
461 2307 605 2393 profecto
630 2328 817 2392 agnoscere,
841 2327 907 2370 non
931 2305 974 2370 ad
998 2308 1085 2391 ipsos
1109 2313 1269 2390 spectare,
1297 2307 1356 2370 sed

236 2405 278 2470 ad
302 2427 492 2490 supremum
522 2404 691 2469 Ecclesiae
719 2401 874 2485 tribunal,
909 2405 1165 2468 controversiam
1189 2401 1282 2466 illam
1310 2403 1356 2468 di·

237 2506 373 2585 rimere,
402 2525 469 2566 -nec
491 2501 650 2588 injustum
684 2501 726 2565 ab
750 2503 830 2586 ipsis
854 2522 947 2586 posse
979 2500 1094 2566 haberi
1119 2501 1265 2564 Victoris
1293 2523 1358 2566 mo-

237 2602 316 2666 dum
340 2599 472 2684 agendi.
518 2599 589 2664 Imo
622 2601 722 2664 etiam
755 2599 780 2662 si
806 2597 868 2662 sibi
897 2597 1094 2684 persuadere
1118 2596 1208 2660 haud
1231 2601 1357 2681 potuis·

236 2707 318 2780 sent,
347 2719 488 2784 aequum
514 2719 583 2762 esse
599 2697 687 2782 quod
706 2697 860 2760 Pontifex
874 2695 1071 2781 postulabat,
1086 2704 1197 2759 tamen
1220 2717 1257 2758 se
1282 2697 1357 2761 sub·
1450 2723 1451 2730 ¹

231 2798 336 2882 jicere
360 2796 551 2860 debuissent
574 2796 644 2881 ejus
662 2795 791 2880 judicio
806 2803 905 2880 atque
928 2793 1105 2856 mandatis.
1130 2791 1196 2857 Sed
1220 2792 1358 2858 facilius

237 2893 368 2974 accidit,
403 2902 439 2956 ut
470 2892 619 2957 homines
650 2892 824 2957 affectibus
857 2892 1011 2954 commoti
1039 2890 1356 2972 vehementioribus,
1450 2883 1451 2962 ᾗ

237 2990 358 3056 talibus
388 2993 422 3055 in
453 2992 592 3074 negotiis
623 2989 820 3068 claudicent,
844 2988 934 3052 haud
965 2988 1110 3068 videant,
1135 2985 1217 3072 quid
1239 3011 1357 3054 secun-

238 3089 316 3154 dum
341 3097 430 3152 recta
453 3089 617 3174 principia
641 3109 737 3172 agere
753 3086 905 3168 debeant,
920 3087 1054 3172 suisque
1077 3083 1289 3172 passionibus
1315 3087 1356 3152 ad

238 3187 454 3251 resistentiam
479 3185 769 3271 reprehensibilem
793 3184 1009 3270 abripiuntur.

237 3315 383 3424 ”Tru
399 3315 504 3418 aalma,
523 3353 720 3407 &relectiones
740 3352 798 3407 vu
820 3353 843 3408 1.
862 3369 883 3404 ο.
906 3351 961 3404 ux.

1450 3541 1451 3574 l

687 3855 915 3885 .„...„.
