2806 4848
353 478 541 550 Episcopormn
559 479 668 537 litterae
686 479 834 551 synodicae.
1094 479 1145 540 129

60 647 124 709 quse
152 647 325 712 perpessus
348 635 432 706 eret,
465 647 581 711 parum
613 649 647 690 se
678 628 711 690 in
735 629 934 711 synodorum
959 628 1144 694 celebratio-

61 744 117 786 nem
137 723 349 810 propendere,
373 745 554 810 purumque
568 724 646 789 boni
668 747 709 790 ex
724 747 763 788 eu
777 748 811 789 se
830 736 1019 812 exspectare
1042 737 1144 792 oston-

59 819 103 884 dit.
141 821 264 886 Scribit
297 820 472 885 videlicet:
504 823 580 908 qu,
614 825 643 887 si
673 845 748 886 uera
779 823 911 888 scribere
934 837 1068 910 oportet,
1092 828 1146 890 boc

59 921 142 981 ammo
163 942 241 994 sum,
265 930 300 982 ut
324 940 442 982 omnem
474 922 687 1006 episcoporum
719 931 897 984 conuentum
912 923 1049 1008 sepiam,
1073 947 1145 1009 quo·

58 1019 125 1079 aiom
144 1017 266 1080 nullius
288 1016 415 1080 concilii
432 1017 526 1100 finem
541 1016 656 1080 laetum
674 1028 704 1081 et
719 1019 865 1104 faustum
887 1020 963 1097 vidi,
987 1043 1042 1084 nec
1064 1021 1146 1106 quod

56 1114 247 1200 depulsionem
270 1113 423 1176 malorum
449 1117 560 1199 potius
588 1138 680 1201 quam
704 1119 907 1180 accessionem
931 1130 960 1182 ct
981 1121 1146 1182 incremen-

11 1290 12 1294 ,
56 1225 104 1274 tum
123 1211 272 1276 babuerit.
321 1209 448 1297 Semper
470 1214 552 1275 enim
584 1223 655 1276 sunt
678 1215 887 1277 contentiones
910 1225 939 1278 et
962 1215 1147 1279 dominandi

57 1311 240 1396 upiditates,
265 1333 311 1386 ac,
335 1333 373 1372 ne
397 1333 443 1372 me
459 1333 573 1394 quaeso
596 1333 719 1396 paoem
748 1333 784 1374 ao
806 1311 967 1375 molestum
989 1313 1147 1376 existimes

55 1411 111 1472 lose
130 1408 323 1484 scribentem,
355 1429 410 1469 ncc
443 1405 519 1470 ullis
551 1407 661 1491 quibus
693 1407 793 1472 uerbis
825 1409 983 1495 euplieari
1013 1418 1147 1495 qrseant,·

56 1507 183 1592 n'tiurqrm
208 1504 326 1590 aliquis
348 1503 560 1590 improbitatis
583 1517 743 1591 arquetur,
768 1507 841 1569 dum
864 1505 939 1570 aliis
962 1531 992 1570 ee
1009 1505 1148 1594 judicem

53 1603 171 1687 praebet,
201 1625 295 1689 quam
326 1601 453 1665 illorum
491 1601 720 1688 improbitatem
749 1602 974 1689 comprimat.¹)
1030 1601 1148 1682 Quoad

55 1703 200 1766 severiora
240 1701 323 1764 haec
360 1699 462 1764 verbs
500 1699 625 1784 aliquid
663 1700 797 1786 quidem
838 1701 1050 1764 tribuendum
1099 1709 1147 1764 est

54 1823 132 1884 aegro
155 1800 270 1866 Sancti
295 1797 446 1882 Gregorii
480 1799 609 1880 unim03
647 1809 784 1884 apparet
815 1809 924 1862 temen
954 1797 1146 1863 Praesulum

53 1898 170 1980 synodis
194 1899 296 1962 etium
321 1919 360 1960 eu
382 1905 488 1960 aetate
512 1918 587 1959 sues
611 1897 712 1960 fuisse
735 1895 955 1960 difficultates.

125 1997 175 2062 56.
202 1993 346 2076 Quando
388 1995 533 2080 episcopi
568 1991 883 2078 Constantinopolim
917 2002 1147 2079 pervenerunt,
1158 2021 1306 2072 spumans

53 2093 86 2157 ibi
118 2095 190 2159 iilos
213 2093 399 2178 Imperator
431 2093 585 2155 certiores
616 2091 762 2156 reddidit
794 2091 834 2155 de
867 2093 992 2175 synodo
1025 2092 1147 2156 Rornae
1187 2083 1284 2133 ΨΜ·

53 2192 245 2274 celebrande,
279 2199 312 2253 et
343 2191 489 2275 quaestio
523 2199 661 2253 tractate
693 2198 742 2252 est
765 2189 805 2252 de
836 2211 968 2254 secessu
992 2187 1147 2254 edilium

52 2291 210 2372 rfeodum.
237 2288 347 2354 Satius
372 2289 479 2351 visum
504 2297 552 2350 est
582 2288 709 2350 mittere
738 2298 804 2351 tres
833 2289 1002 2373 episcopos
1025 2286 1149 2370 legatos

51 2411 111 2452 enm
134 2389 255 2452 litteris
280 2385 457 2471 synodicis,
482 2384 602 2471 quibus
620 2395 779 2449 excusant
802 2385 889 2471 quod
912 2407 978 2449 non
1002 2386 1147 2466 veniant,

51 2509 90 2550 res
110 2487 272 2572 superiori
296 2506 383 2550 anno
407 2493 514 2568 gestas
536 2483 691 2565 referunt,
711 2494 743 2546 et
765 2505 860 2546 suum
884 2485 1073 2568 exprimunt
1096 2482 1149 2546 ds·

9 2598 15 2646 t
50 2585 193 2649 siderium
217 2592 256 2646 ut
281 2584 322 2646 iis
345 2583 550 2646 consentiant
566 2583 710 2666 episcopi
727 2581 954 2645 occidentales.
983 2580 1148 2658 Quoniam,

9 2669 10 2676 ἵ
50 2681 389 2767 scribunt,sraternum
412 2703 486 2766 erqa
507 2701 565 2744 nos
586 2681 750 2742 caritatem
763 2679 969 2756 declarantes,
994 2679 1037 2742 ad
1060 2701 1147 2764 syno-

50 2779 109 2844 dum
139 2803 237 2868 quom
260 2780 323 2843 Dei
353 2789 432 2842 nutu
462 2801 499 2840 ac
529 2774 689 2840 voluntate
721 2779 839 2840 Romae
868 2777 1060 2861 conqreqatc's
1091 2795 1149 2837 nos

49 2901 149 2966 proque
180 2877 267 2942 uelut
300 2875 435 2940 membra
458 2877 597 2962 proprio
626 2877 769 2961 piissimi
800 2875 1002 2961 Imperatoris
1035 2872 1148 2936 litteris

48 2979 201 3054 umectis,
236 2997 270 3040 eo
294 2974 438 3052 corcsslio,
461 2983 497 3036 ut
522 2975 597 3058 quia
621 2983 691 3036 tunc
717 2973 780 3036 soli
806 2973 849 3036 ad
866 2971 1075 3058 perferendas
1099 2992 1148 3033 ac·

48 3097 162 3138 mestas
196 3075 344 3138 &sanati
371 3093 485 3150 mmus,
509 3095 590 3134 nunc
622 3069 882 3135 concordantibus
909 3071 944 3134 in
966 3091 1063 3132 causa
1080 3071 1149 3155 pie-

48 3176 111 3236 tatis
142 3171 401 3259 imperatoribus,
433 3191 488 3233 vos
518 3192 583 3232 nou
614 3170 676 3232 soii
697 3173 840 3254 requetis,
874 3170 928 3233 scd
943 3173 1043 3258 jorata
1065 3166 1149 3254 Apo,-

11 3267 12 3274 '
47 3271 178 3335 minam
212 3269 400 3334 sententiam
430 3289 487 3331 nos
519 3289 636 3352 quoque
664 3266 818 3331 uobiscum
849 3288 1024 3353 reqncmus:
1060 3265 1149 3329 nobie

48 3370 159 3450 'quidem
182 3372 219 3432 in
242 3369 321 3431 sons
345 3376 422 3444 erut,
445 3375 480 3428 ut
503 3366 532 3428 si
550 3365 625 3448 pieri
641 3377 760 3451 posset,
784 3365 924 3429 universi
945 3361 1038 3426 simiel
1061 3362 1149 3426 relic·

48 3467 80 3526 tis
109 3467 251 3531 cataste
283 3464 439 3528 desiderio
471 3483 525 3526 seu
552 3463 662 3548 potius
698 3465 877 3526 necessitati
908 3463 1147 3546 obsequeremur.

50 3561 116 3634 Qun
139 3567 225 3629 enim
253 3563 306 3626 det
334 3561 424 3626 nobis
448 3583 576 3646 pennos
607 3562 687 3623 sicut
709 3559 875 3638 columbae,
907 3571 942 3622 at
963 3557 1098 3622 volemus
1122 3569 1151 3622 et

47 3667 265 3748 requiescamus
286 3661 374 3748 apud
396 3661 470 3724 eos?
495 3657 558 3722 Sed
575 3660 721 3742 quoniam
740 3679 776 3720 ea
799 3679 849 3720 res
857 3679 992 3743 prorsus
1014 3657 1151 3720 nudaret

47 3759 183 3824 rostaim
215 3781 294 3845 quoe
324 3781 407 3822 nunc
424 3759 564 3844 primum
595 3758 752 3841 incipiunt
779 3758 934 3830 renovari,
959 3765 988 3816 et
1006 3753 1149 3840 plerique

48 3871 177 3922 ‚rostrum
205 3857 241 3921 id
260 3857 372 3942 facere
396 3855 485 3920 nullo
507 3855 598 3918 modo
620 3865 771 3938 possent:
808 3873 1045 3915 conveneramus
1068 3853 1150 3914 enim

50 3953 358 4042 lionstantinopolim,
374 3959 474 4043 jueta
490 3953 612 4016 litteras
626 3951 815 4015 reverentiae
836 3962 966 4027 restrae,
990 3951 1149 4034 superiore

47 4075 119 4118 anno
137 4065 219 4142 post
246 4053 443 4138 Aquileiense
470 4051 633 4114 concilium
660 4050 703 4112 ed
720 4050 901 4134 piissimum
928 4049 1150 4133 imperatorem

111 4279 130 4344 ¹)
150 4277 204 4344 Ep.
225 4275 277 4330 130
294 4274 341 4343 (ei
361 4273 406 4338 56)
425 4273 459 4327 sd
477 4272 642 4340 Procopium.
679 4269 734 4325 Gir.
754 4270 836 4324 etism
856 4285 914 4339 epp.
934 4273 1083 4335 sequentes.

88 4385 408 4439 imminutiones.
439 4385 497 4426 ron.
514 4385 539 4426 IL
1027 4357 1044 4412 9
