2924 4818
366 542 502 598 sedem
519 543 553 597 ts
571 543 648 598 nodo
665 541 765 611 quadi
783 537 910 596 Victoria
1142 543 1193 596 10⁷

86 683 276 770 reliquarum
323 685 537 750 ecclesiarum
573 685 708 750 Asianis
736 693 865 749 tuntum
911 683 1025 748 ultimo
1049 684 1192 771 quodam

86 793 193 846 conatu
227 785 375 848 minatus
406 792 465 865 est,
497 783 582 848 forte
614 785 713 847 etiam
747 783 915 846 decretum
948 802 1044 846 suum
1073 785 1191 869 exequi

85 881 196 966 coepit,
236 889 403 966 quatenus
437 879 534 946 Sedis
571 879 780 966 Apostolicae
818 881 1083 944 communionem
1116 901 1192 944 oum

85 978 153 1061 ipsis
184 977 379 1062 suspendit,
412 977 612 1064 reliquisque
645 976 858 1042 Praesulibus
890 976 1077 1058 mandavit,
1101 987 1139 1040 ut
1161 986 1193 1040 et

85 1075 137 1158 ipsi
155 1075 224 1160 jam
250 1095 319 1138 non
343 1097 420 1139 cum
443 1074 508 1139 illis
532 1075 681 1140 ecclesiis
697 1076 990 1138 communicarent.
1037 1071 1103 1138 Sed
1128 1095 1192 1138 me-

84 1172 135 1234 rito
161 1193 204 1235 ex
226 1172 369 1236 Eusebii
401 1172 608 1259 aliorumque
639 1172 798 1237 relatione
829 1171 864 1234 id
891 1170 1007 1236 saltem
1031 1171 1190 1252 intuleris,

84 1267 119 1332 sd
134 1269 265 1354 ριωωιιι
289 1273 502 1334 montonem
515 1270 549 1336 S.
565 1271 709 1335 Victoris
732 1269 901 1333 decretum
925 1290 1097 1354 nunquam
1120 1291 1192 1333 esse

83 1365 261 1432 deductum.
312 1366 424 1447 Quum
454 1369 544 1434 enim
568 1369 601 1434 S.
624 1367 783 1432 Irenaeus
813 1376 845 1429 et
868 1366 923 1430 alii
948 1366 1086 1452 quidum
1107 1368 1190 1452 epis·

83 1464 145 1548 cupi
166 1463 324 1528 Pontifici
354 1467 471 1548 gravia
493 1475 713 1551 proponerent
742 1465 866 1528 motiva
890 1474 1003 1528 eontra
1026 1467 1190 1529 executio·

84 1581 145 1624 uem
168 1561 244 1626 talia
269 1561 412 1640 consilii,
443 1583 480 1626 eo
506 1563 576 1648 ipso
607 1565 642 1627 in
664 1562 728 1626 hoc
756 1563 886 1645 negotio
911 1560 1075 1647 quaedem
1098 1581 1190 1628 mora

83 1661 296 1742 suspensionis
327 1661 450 1740 evenit,
483 1681 545 1725 neo
568 1660 610 1724 ad
633 1659 769 1746 plenum
800 1660 963 1741 effectum,
988 1680 1046 1724 seu
1069 1659 1112 1725 ad
1136 1658 1189 1725 de-

82 1757 280 1838 negationem
315 1759 556 1822 communionis
589 1779 632 1822 ex
663 1767 756 1843 purte
795 1758 943 1821 omnium
975 1755 1189 1820 ecclesiarum

82 1872 124 1914 res
152 1855 317 1938 pervenit
363 1855 473 1939 Atque
506 1854 559 1919 vel
589 1855 622 1920 S.
645 1855 761 1918 Victor
792 1875 904 1918 eomm
936 1854 1091 1939 precibus
1123 1875 1190 1918 ces·

82 1949 124 2023 ait,
145 1952 189 2014 its
222 1961 263 2016 ut
294 1953 511 2037 interruptam
534 1952 618 2018 forte
642 1954 908 2017 communionem
932 1951 1028 2017 Sedis
1050 1949 1188 2036 Aposto-

83 2043 153 2110 lieae
174 2069 254 2112 mox
281 2049 417 2113 Asianis
440 2050 558 2114 iterum
574 2049 778 2130 concederet,
798 2049 851 2114 vel
875 2071 978 2135 quum
1000 2051 1072 2134 ipse
1094 2047 1188 2112 brevi

82 2154 142 2224 post
161 2143 318 2226 obiisset,
341 2146 413 2232 ejus
435 2167 640 2212 successores
662 2169 732 2213 rem
756 2147 893 2212 ulterius
915 2169 982 2212 non
1005 2145 1188 2231 urgendum

81 2259 140 2304 esse
159 2253 378 2324 censuerunt,
413 2245 459 2308 ita
482 2253 519 2309 ut
541 2247 807 2310 communionem
832 2265 908 2310 oum
945 2245 1017 2309 istis
1040 2243 1188 2310 ecelesiis

83 2337 220 2406 solemni.

158 2437 207 2504 ll.
232 2438 362 2520 Restm,
387 2447 424 2502 nt
446 2439 610 2526 quaedem
626 2439 776 2506 dicamus
799 2438 841 2504 de
855 2439 952 2505 modo
975 2440 1096 2525 agendi
1111 2440 1187 2505 Vic-

84 2535 149 2596 toris
170 2537 203 2599 in
227 2538 456 2602 controversia
477 2536 542 2602 hoo
565 2537 608 2602 de
626 2537 797 2616 Paschate,
817 2537 979 2624 simulque
1003 2538 1185 2619 videamus,

83 2651 117 2694 ιιι
137 2653 175 2696 ex
198 2635 409 2719 oppositione
442 2635 505 2720 ipsi
536 2636 626 2700 facta
657 2643 887 2720 argumentum
915 2634 1050 2721 aliquod
1073 2645 1186 2702 contra

84 2731 248 2810 primatum
275 2731 315 2797 R.
338 2731 509 2797 Pontificio
531 2734 598 2818 peti
620 2734 733 2818 possit
779 2731 893 2798 Plures
917 2734 1092 2818 scriptores
1114 2755 1185 2819 pro·

82 2833 233 2908 testatos,
268 2829 316 2892 uti
340 2828 549 2914 Boehmer¹),
573 2828 778 2916 Mosheim¹),
802 2827 991 2916 Giosalers),
1016 2829 1185 2895 Victorem

82 2937 233 3006 weusent,
259 2925 350 3011 quod
374 2927 600 3013 imprudenter
618 2927 673 2991 vel
696 2928 812 2992 saltem
835 2929 1091 3013 praecipitanter
1113 2949 1184 3013 ege·

82 3021 124 3100 rit
153 3021 231 3088 dum
266 3023 403 3090 Asianis
435 3034 526 3090 tento
558 3027 672 3110 vigore
695 3027 830 3107 restitit,
855 3047 975 3112 eosque
998 3047 1018 3090 a
1041 3047 1185 3090 eommu-

82 3117 166 3184 uiooe
195 3120 423 3188 ecclesiastiea
461 3121 638 3188 excludere
679 3124 793 3190 voluit.
852 3123 1067 3211 Febronius⁴)
1098 3145 1184 3189 com·

82 3233 254 3286 memorans
277 3218 311 3284 S.
335 3220 464 3286 Irenaei
494 3219 700 3308 aliorumque
722 3222 915 3288 Praesmum
938 3221 1184 3289 adhortationes

82 3315 238 3396 mitens,
285 3317 419 3383 scribit:
482 3319 649 3398 Victorem,
699 3331 735 3384 ut
779 3320 1006 3386 eockdastiouc
1048 3325 1184 3390 rasitata}

82 3411 169 3478 ιῖιιίιιιι
198 3414 393 3493 studiosum,
426 3417 584 3502 nimiaque
611 3419 879 3504 praecipitatione
910 3421 946 3484 io
977 3424 1182 3487 commmuni-

81 3510 168 3574 meo
189 3512 378 3590 addam,
401 3513 656 3600 repedaverunt
678 3537 771 3601 poam
788 3517 924 3602 plurimi
950 3519 1088 3608 ejusdam
1110 3531 1181 3585 tem·

80 3609 155 3686 puris
170 3609 338 3696 pembr
360 3613 527 3678 somtitote
550 3615 719 3698 eoaepicsss',
743 3636 819 3700 pisos
841 3616 924 3680 iuter
946 3617 1104 3682 Ireaoerse.

158 3707 208 3772 78.
233 3707 280 3774 Ut
302 3709 365 3774 ieta
388 3707 430 3772 de
453 3730 488 3772 re
505 3708 705 3795 judicemus,
729 3710 975 3778 observandum
999 3722 1048 3777 est
1071 3715 1182 3800 impri-

83 3799 142 3879 mis,
164 3805 196 3870 in
219 3804 321 3870 rebus
342 3808 497 3892 practicis
520 3806 630 3892 plures
659 3807 841 3874 identidem
870 3831 940 3876 esse
963 3811 1036 3876 vias
1059 3813 1179 3896 agendi

84 3893 223 3984 diversas,
248 3925 390 3989 quarum
413 3904 479 3970 alia
496 3915 630 3991 propter
647 3907 773 3971 motiva
785 3908 904 3991 gravia
925 3910 994 3991 uni,
1019 3908 1084 3974 alia
1106 3909 1180 3976 aliis

145 4065 162 4132 ι)
178 4067 246 4122 Diu.
266 4069 377 4125 usuris
395 4070 459 4128 eod.

143 4145 1155 4227 tenuntuerhffimstmrmsscommstpstorqq.

142 4225 386 4298 uma-m
402 4227 435 4284 a
453 4228 476 4286 s
493 4230 518 4301 a
537 4231 580 4287 oo.

144 4303 164 4372 ⁶)
178 4304 217 4364 Bu
230 4313 309 4366 m
326 4307 470 4366 mu
487 4311 513 4365 t.
531 4325 558 4380 p.
576 4313 620 4369 st
