2766 4836
446 433 567 488 Oenones
585 433 762 490 Sardlcenses.
1115 429 1152 484 23

53 573 141 638 obus.
186 575 227 639 3⁰
262 574 302 640 In
335 575 558 640 controversia
590 577 675 642 iuter
707 576 875 642 Zosimum
910 585 943 640 et
974 574 1149 642 Africanos

52 670 168 736 saeculo
201 671 233 734 V
255 670 298 758 ¹),
322 675 568 739 commemorati
601 682 677 738 sunt
709 694 851 738 canones
874 672 1085 738 sardicenses
1108 672 1149 737 de

51 768 330 852 appellationibns3
360 770 446 835 inter
478 794 534 837 cos
555 781 666 836 autem
694 793 760 836 non
783 781 854 835 erat
880 769 941 850 ΙΙΙ,
966 769 1024 834 sed
1046 770 1094 834 IV
1118 781 1151 834 ct

52 865 103 930 l'll
124 867 198 954 (V).
221 905 265 914 —
288 864 324 953 b)
348 867 387 932 In
411 889 449 932 eo
473 871 572 934 statui
585 890 706 934 novam
729 867 949 952 disciplinam.
973 865 1011 932 Si
1026 867 1149 954 placem

49 1001 83 1010 -
102 964 302 1044 Ῑιοποτωω,
325 964 460 1047 sedicet,
485 987 551 1032 non
575 967 648 1052 jam
671 967 713 1030 sit
745 967 780 1030 in
802 973 961 1051 potestate
992 975 1149 1051 metropo-

48 1059 112 1124 litas
142 1083 330 1127 convocare
362 1063 522 1129 finitimae
554 1065 745 1150 provinciae
775 1065 956 1150 episcopos,
990 1064 1047 1128 sed
1079 1067 1149 1128 mit-

48 1169 145 1224 untur
167 1159 310 1224 Romam
333 1170 407 1226 acta
431 1183 559 1244 causas,
583 1172 620 1227 ut
637 1163 822 1248 Episcopus
840 1161 1008 1226 Romanus
1031 1161 1149 1242 edicat,

47 1279 82 1320 sn
94 1267 198 1342 patet,
212 1279 347 1322 oausam
362 1280 433 1324 csse
456 1259 686 1341 refricandam,
708 1281 821 1324 necne.
858 1258 893 1325 Si
917 1257 989 1341 hoc,
1006 1260 1048 1323 sit
1062 1269 1150 1327 certa

48 1356 199 1420 senentis
220 1353 374 1440 judicum
402 1359 606 1439 nativorum3
646 1359 673 1421 si
697 1355 788 1438 illud,
812 1378 878 1422 non
896 1357 967 1443 jam
992 1365 1149 1442 metropo-

46 1449 93 1514 lita
114 1451 219 1537 eligat
236 1452 370 1538 judices
394 1456 564 1540 episcopos
587 1455 746 1520 finitimae
774 1455 975 1540 provinciae,
999 1453 1058 1520 sed
1080 1457 1150 1540 ipse

47 1547 75 1612 a
89 1549 248 1616 Pontifex
265 1549 320 1616 det
329 1549 471 1637 judices,
487 1551 637 1637 designet
651 1574 769 1638 nempe
783 1573 802 1616 e
815 1552 956 1623 finitima
979 1553 1151 1638 provincia

47 1647 141 1712 eisco
190 1649 238 1713 s.“

60 1667 78 1732 p
120 1667 188 1812 311?
205 1743 291 1828 ,Sed
314 1745 405 1832 quid,
429 1747 456 1812 si
481 1747 580 1812 etiam
598 1749 633 1812 in
652 1747 798 1812 secunda
821 1747 947 1832 synodo
969 1747 1084 1813 habita
1107 1747 1148 1814 ab
1175 1745 1299 1849 lgffilvff‘

46 1843 209 1929 episcopis,
224 1865 307 1933 quos
322 1843 601 1910 determinaverat
614 1846 653 1912 R.
668 1845 831 1938 Pontifex,
847 1848 1021 1931 episcopus
1035 1847 1150 1915 fuisset

47 1937 237 2006 damnams?
256 1941 320 2006 Pro
331 1941 395 2008 hoc
418 1965 497 2008 casu
521 1951 661 2008 statutus
684 1944 748 2008 fuit
770 1965 876 2009 canon
890 1942 949 2008 IV.
964 1943 1019 2030 (V.
1044 1943 1150 2030 1126).

48 2036 165 2122 Duplex
176 2047 229 2102 est
238 2037 338 2126 hujus
347 2041 484 2106 canonis
494 2041 689 2126 pars,altera
698 2040 854 2106 historica
864 2049 897 2106 et
906 2043 1150 2128 suppositionis,

47 2133 132 2200 altera
148 2136 377 2222 dispositionis
396 2147 428 2202 et
438 2137 701 2204 determinativa.
725 2139 904 2225 Utriusque
913 2138 1070 2224 bipartita
1082 2162 1151 2224 spe·

47 2233 170 2300 riesest.
191 2234 333 2300 -Pars
355 2234 512 2300 historica
534 2245 567 2300 et
590 2235 714 2322 duplex
729 2237 800 2322 ejus
815 2236 998 2302 membrum
1023 2246 1091 2302 est:
1116 2244 1150 2330 a)

47 2332 265 2417 aepiscopus
283 2334 381 2398 etiam
401 2335 436 2398 in
455 2334 600 2400 secunda
628 2333 754 2418 synodo
776 2333 951 2400 damnatus
975 2337 1033 2418 sit3
1062 2335 1098 2422 b)
1122 2338 1149 2402 si

52 2427 124 2494 idem
138 2429 396 2514 proclamaverit
406 2430 570 2516 agendum
582 2431 645 2496 sibi
655 2433 823 2516 negotium
837 2433 872 2496 in
882 2431 1085 2498 urbeRoma.
1109 2472 1153 2480 —

52 2525 110 2590 llas
141 2527 280 2612 quidem
312 2537 405 2614 parte
437 2528 520 2595 nihil
553 2528 755 2615 disponitur,
788 2528 845 2594 sed
867 2532 1002 2615 ponitur
1028 2531 1152 2596 factum

52 2621 242 2706 historicum,
259 2627 305 2690 ita
320 2635 355 2690 ut
378 2628 521 2710 speciem
546 2649 641 2692 casus
659 2626 792 2708 habeas,
817 2626 1035 2714 sistrumque
1054 2650 1151 2694 mem-

53 2719 133 2786 brum
157 2722 352 2809 conjungas.
381 2762 425 2772 -
453 2724 533 2790 Pars
557 2723 734 2810 disponens
757 2735 790 2789 et
813 2723 936 2810 duplex
959 2724 1029 2810 ejus
1053 2748 1152 2791 mem-

52 2815 133 2884 bmm
156 2830 225 2886 cst:
249 2819 284 2906 a)
307 2819 401 2886 Alter
424 2822 596 2908 episcopus
625 2823 661 2887 in
683 2823 754 2908 ejus
786 2821 977 2886 cathedram
1001 2833 1074 2908 post
1097 2846 1151 2909 ap·

52 2915 248 2996 pellationem
272 2917 368 3000 illius,
393 2919 448 3005 qui
473 2918 606 2985 videtur
633 2941 702 2984 esse
726 2919 903 3006 depositus,
927 2921 1060 2985 omnino
1085 2943 1150 2987 non

52 3013 219 3080 ordinetur.
242 3054 286 3064 -
301 3015 346 3082 Et
367 3039 540 3103 quousque
564 3017 598 3082 id
612 3039 679 3083 non
702 3015 839 3082 licebit?
863 3015 899 3103 b)
923 3017 1038 3082 Donec
1053 3040 1152 3082 causa

53 3109 138 3177 luerit
162 3115 196 3180 in
215 3113 344 3200 judicio
368 3115 525 3200 Episcopi
547 3115 687 3180 Romani
711 3115 939 3181 determinata.
968 3153 1011 3162 —
1035 3116 1150 3200 Dispo-

53 3211 114 3274 sitio
150 3213 261 3298 itaque
283 3211 419 3278 Patrum
451 3234 517 3278 non
541 3211 630 3278 cadit
652 3214 687 3278 in
716 3221 843 3298 partem
867 3211 1067 3295 historicam,
1092 3213 1150 3278 sed

55 3306 81 3370 in
100 3307 162 3375 hoc
184 3319 324 3391 tantum,
348 3308 429 3396 quid
452 3331 490 3374 ca
513 3312 619 3395 posita
653 3311 695 3376 sit
717 3308 917 3377 faciendum.
964 3309 1151 3396 Appellatio

55 3403 142 3488 igitur
164 3409 369 3493 supponitur,
382 3409 587 3492 agnoscitur3
612 3430 678 3474 non
702 3407 902 3473 conceditur.
928 3407 1018 3490 Quid
1041 3419 1152 3474 autem

55 3503 88 3566 sit
99 3505 296 3588 laciendum,
312 3527 379 3570 non
402 3506 556 3570 statuitur
573 3506 727 3591 primum,
747 3503 804 3570 sed
829 3505 1023 3588 declaratur,
1039 3515 1153 3572 contra

55 3601 164 3684 ²8⁰¹¹ffi
186 3605 346 3670 rationem
365 3601 628 3668 Eusebianorum
652 3605 688 3668 in
711 3625 809 3668 causa
821 3602 855 3669 S.
878 3601 1053 3669 Athanasii
1076 3601 1151 3668 alio-

56 3719 181 3786 rumque
202 3703 443 3786 episcoporum.
488 3699 528 3766 In
560 3699 612 3765 his
644 3703 732 3766 enim
762 3699 944 3766 canonibus
967 3701 1028 3766 rite
1051 3699 1152 3785 expli·

56 3796 159 3862 oendm
187 3820 265 3884 prae
296 3796 400 3864 oculis
431 3796 548 3865 haberi
573 3797 685 3881 debet,
718 3820 773 3864 eos
803 3807 917 3864 conus
946 3796 1152 3864 Eusebianos

56 3912 116 3956 csso
137 3895 330 3962 conlectos.“

132 3991 186 4056 32-
210 3993 283 4078 ,Ex
306 3992 404 4060 dictis
426 4003 537 4060 autem
552 3993 594 4060 de
613 3992 677 4060 hoc
700 4014 826 4060 canone
844 3993 917 4080 jam
939 3992 1153 4058 observamus

62 4141 254 4156 --·-——-—

122 4205 143 4272 ¹)
160 4201 198 4260 llc
214 4203 264 4262 heo
280 4206 463 4264 controversia
480 4205 595 4262 iuterim
613 4209 719 4275 agetur.
