<?xml version="1.0" encoding="UTF-8"?>
<!DOCTYPE html PUBLIC "-//W3C//DTD XHTML 1.0 Transitional//EN"
    "http://www.w3.org/TR/xhtml1/DTD/xhtml1-transitional.dtd">
<html xmlns="http://www.w3.org/1999/xhtml" xml:lang="en" lang="en">
 <head>
  <title>
</title>
<meta http-equiv="Content-Type" content="text/html;charset=utf-8" />
  <meta name='ocr-system' content='tesseract 3.04.00' />
  <meta name='ocr-capabilities' content='ocr_page ocr_carea ocr_par ocr_line ocrx_word'/>
</head>
<body>
  <div class='ocr_page' id='page_1' title='image "./dissertationess02junggoog_0858.png"; bbox 0 0 2900 4800; ppageno 0'>
   <div class='ocr_carea' id='block_1_1' title="bbox 482 451 1297 537">
    <p class='ocr_par' dir='ltr' id='par_1_1' title="bbox 482 451 1297 537">
     <span class='ocr_line' id='line_1_1' title="bbox 482 451 1297 537; baseline 0.007 -31"><span class='ocrx_word' id='word_1_1' title='bbox 482 451 688 508; x_wconf 77' lang='lat' dir='ltr'>Dissertationis</span> <span class='ocrx_word' id='word_1_2' title='bbox 706 453 816 508; x_wconf 76' lang='lat' dir='ltr'><strong>indoles.</strong></span> <span class='ocrx_word' id='word_1_3' title='bbox 1154 455 1208 512; x_wconf 71' lang='grc'>385</span> <span class='ocrx_word' id='word_1_4' title='bbox 1295 533 1297 537; x_wconf 17' lang='lat'><strong>¹</strong></span> 
     </span>
    </p>
   </div>
   <div class='ocr_carea' id='block_1_2' title="bbox 13 595 1352 4013">
    <p class='ocr_par' dir='ltr' id='par_1_2' title="bbox 13 595 1352 4013">
     <span class='ocr_line' id='line_1_2' title="bbox 90 595 1208 683; baseline 0.004 -25"><span class='ocrx_word' id='word_1_5' title='bbox 90 595 134 658; x_wconf 88' lang='lat' dir='ltr'>de</span> <span class='ocrx_word' id='word_1_6' title='bbox 158 617 258 660; x_wconf 83' lang='lat' dir='ltr'>ennea</span> <span class='ocrx_word' id='word_1_7' title='bbox 281 596 420 660; x_wconf 89' lang='lat' dir='ltr'>Houorii</span> <span class='ocrx_word' id='word_1_8' title='bbox 452 596 548 683; x_wconf 84' lang='lat' dir='ltr'>plura</span> <span class='ocrx_word' id='word_1_9' title='bbox 577 619 648 662; x_wconf 87' lang='lat' dir='ltr'>esse</span> <span class='ocrx_word' id='word_1_10' title='bbox 678 597 858 662; x_wconf 79' lang='lat' dir='ltr'><strong>admodum</strong></span> <span class='ocrx_word' id='word_1_11' title='bbox 881 596 1022 663; x_wconf 84' lang='lat' dir='ltr'>obseura</span> <span class='ocrx_word' id='word_1_12' title='bbox 1045 621 1106 664; x_wconf 86' lang='lat' dir='ltr'>neo</span> <span class='ocrx_word' id='word_1_13' title='bbox 1129 602 1208 664; x_wconf 84' lang='lat' dir='ltr'>satis</span> 
     </span>
     <span class='ocr_line' id='line_1_3' title="bbox 89 692 1208 781; baseline 0.002 -23"><span class='ocrx_word' id='word_1_14' title='bbox 89 692 256 778; x_wconf 85' lang='lat' dir='ltr'>eliquata,</span> <span class='ocrx_word' id='word_1_15' title='bbox 279 693 418 779; x_wconf 87' lang='lat' dir='ltr'>illosque</span> <span class='ocrx_word' id='word_1_16' title='bbox 441 695 539 775; x_wconf 88' lang='lat' dir='ltr'>viros,</span> <span class='ocrx_word' id='word_1_17' title='bbox 563 697 620 780; x_wconf 91' lang='lat' dir='ltr'>qui</span> <span class='ocrx_word' id='word_1_18' title='bbox 643 697 836 781; x_wconf 70' lang='lat' dir='ltr'><strong>quaestione</strong></span> <span class='ocrx_word' id='word_1_19' title='bbox 862 694 925 760; x_wconf 87' lang='lat' dir='ltr'>hae</span> <span class='ocrx_word' id='word_1_20' title='bbox 948 698 1067 760; x_wconf 84' lang='lat' dir='ltr'>nostrie</span> <span class='ocrx_word' id='word_1_21' title='bbox 1091 697 1208 762; x_wconf 86' lang='lat' dir='ltr'>diebus</span> 
     </span>
     <span class='ocr_line' id='line_1_4' title="bbox 88 792 1207 880; baseline 0.002 -24"><span class='ocrx_word' id='word_1_22' title='bbox 88 794 211 856; x_wconf 87' lang='lat' dir='ltr'>iterum</span> <span class='ocrx_word' id='word_1_23' title='bbox 244 801 333 856; x_wconf 81' lang='lat' dir='ltr'>mota</span> <span class='ocrx_word' id='word_1_24' title='bbox 366 792 508 874; x_wconf 80' lang='lat' dir='ltr'>edixere,</span> <span class='ocrx_word' id='word_1_25' title='bbox 538 795 650 858; x_wconf 85' lang='lat' dir='ltr'>omnia</span> <span class='ocrx_word' id='word_1_26' title='bbox 674 794 746 879; x_wconf 87' lang='lat' dir='ltr'>jam</span> <span class='ocrx_word' id='word_1_27' title='bbox 775 792 902 858; x_wconf 89' lang='lat' dir='ltr'>dudum</span> <span class='ocrx_word' id='word_1_28' title='bbox 926 813 996 858; x_wconf 82' lang='lat' dir='ltr'>esee</span> <span class='ocrx_word' id='word_1_29' title='bbox 1020 795 1207 880; x_wconf 82' lang='lat' dir='ltr'>explanata,</span> 
     </span>
     <span class='ocr_line' id='line_1_5' title="bbox 88 889 1208 978; baseline 0.002 -24"><span class='ocrx_word' id='word_1_30' title='bbox 88 891 203 954; x_wconf 85' lang='lat' dir='ltr'>omnia</span> <span class='ocrx_word' id='word_1_31' title='bbox 233 889 377 976; x_wconf 80' lang='lat' dir='ltr'>liquida,</span> <span class='ocrx_word' id='word_1_32' title='bbox 415 889 556 956; x_wconf 90' lang='lat' dir='ltr'>nimium</span> <span class='ocrx_word' id='word_1_33' title='bbox 589 891 670 977; x_wconf 91' lang='lat' dir='ltr'>quid</span> <span class='ocrx_word' id='word_1_34' title='bbox 702 892 889 956; x_wconf 74' lang='lat' dir='ltr'>asseruisse.</span> <span class='ocrx_word' id='word_1_35' title='bbox 944 891 985 956; x_wconf 90' lang='lat' dir='ltr'>In</span> <span class='ocrx_word' id='word_1_36' title='bbox 1017 893 1208 978; x_wconf 73' lang='lat' dir='ltr'>quaestione</span> 
     </span>
     <span class='ocr_line' id='line_1_6' title="bbox 88 985 1207 1078; baseline 0.004 -28"><span class='ocrx_word' id='word_1_37' title='bbox 88 989 180 1050; x_wconf 89' lang='lat' dir='ltr'>euim</span> <span class='ocrx_word' id='word_1_38' title='bbox 218 986 259 1052; x_wconf 88' lang='lat' dir='ltr'>de</span> <span class='ocrx_word' id='word_1_39' title='bbox 291 987 439 1052; x_wconf 86' lang='lat' dir='ltr'>Honorio</span> <span class='ocrx_word' id='word_1_40' title='bbox 478 985 602 1073; x_wconf 86' lang='lat' dir='ltr'>duplex</span> <span class='ocrx_word' id='word_1_41' title='bbox 639 987 743 1054; x_wconf 69' lang='lat' dir='ltr'>veluti</span> <span class='ocrx_word' id='word_1_42' title='bbox 782 1009 858 1074; x_wconf 84' lang='lat' dir='ltr'>pars</span> <span class='ocrx_word' id='word_1_43' title='bbox 895 989 1054 1076; x_wconf 81' lang='lat' dir='ltr'>distingui</span> <span class='ocrx_word' id='word_1_44' title='bbox 1091 997 1207 1078; x_wconf 83' lang='lat' dir='ltr'>potest,</span> 
     </span>
     <span class='ocr_line' id='line_1_7' title="bbox 87 1084 1210 1172; baseline 0.002 -22"><span class='ocrx_word' id='word_1_45' title='bbox 87 1106 191 1150; x_wconf 79' lang='lat' dir='ltr'>unam</span> <span class='ocrx_word' id='word_1_46' title='bbox 216 1084 359 1150; x_wconf 82' lang='lat' dir='ltr'>dicerem</span> <span class='ocrx_word' id='word_1_47' title='bbox 387 1089 580 1172; x_wconf 74' lang='lat' dir='ltr'>nopotioom,</span> <span class='ocrx_word' id='word_1_48' title='bbox 611 1085 746 1150; x_wconf 83' lang='lat' dir='ltr'>alterum</span> <span class='ocrx_word' id='word_1_49' title='bbox 777 1087 957 1172; x_wconf 80' lang='lat' dir='ltr'>positivum.</span> <span class='ocrx_word' id='word_1_50' title='bbox 1003 1085 1083 1152; x_wconf 85' lang='lat' dir='ltr'>Pars</span> <span class='ocrx_word' id='word_1_51' title='bbox 1112 1107 1210 1172; x_wconf 85' lang='lat' dir='ltr'>nege-</span> 
     </span>
     <span class='ocr_line' id='line_1_8' title="bbox 87 1184 1209 1270; baseline 0.004 -24"><span class='ocrx_word' id='word_1_52' title='bbox 87 1185 161 1246; x_wconf 84' lang='lat' dir='ltr'>tiva</span> <span class='ocrx_word' id='word_1_53' title='bbox 195 1185 231 1248; x_wconf 92' lang='lat' dir='ltr'>in</span> <span class='ocrx_word' id='word_1_54' title='bbox 269 1205 307 1248; x_wconf 91' lang='lat' dir='ltr'>eo</span> <span class='ocrx_word' id='word_1_55' title='bbox 340 1185 507 1265; x_wconf 77' lang='lat' dir='ltr'>consistit,</span> <span class='ocrx_word' id='word_1_56' title='bbox 545 1195 582 1248; x_wconf 89' lang='lat' dir='ltr'>ut</span> <span class='ocrx_word' id='word_1_57' title='bbox 614 1184 840 1248; x_wconf 85' lang='lat' dir='ltr'>tantummodo</span> <span class='ocrx_word' id='word_1_58' title='bbox 877 1185 1035 1270; x_wconf 87' lang='lat' dir='ltr'>probetur</span> <span class='ocrx_word' id='word_1_59' title='bbox 1068 1207 1209 1250; x_wconf 85' lang='lat' dir='ltr'>summa·</span> 
     </span>
     <span class='ocr_line' id='line_1_9' title="bbox 87 1281 1209 1368; baseline 0.002 -22"><span class='ocrx_word' id='word_1_60' title='bbox 87 1284 160 1362; x_wconf 86' lang='lat' dir='ltr'>tim,</span> <span class='ocrx_word' id='word_1_61' title='bbox 186 1303 228 1346; x_wconf 89' lang='lat' dir='ltr'>ex</span> <span class='ocrx_word' id='word_1_62' title='bbox 253 1283 293 1346; x_wconf 88' lang='lat' dir='ltr'>iis</span> <span class='ocrx_word' id='word_1_63' title='bbox 316 1303 400 1368; x_wconf 84' lang='lat' dir='ltr'>quae</span> <span class='ocrx_word' id='word_1_64' title='bbox 425 1283 459 1346; x_wconf 91' lang='lat' dir='ltr'>in</span> <span class='ocrx_word' id='word_1_65' title='bbox 483 1303 583 1346; x_wconf 83' lang='lat' dir='ltr'>oenoe</span> <span class='ocrx_word' id='word_1_66' title='bbox 606 1281 694 1346; x_wconf 90' lang='lat' dir='ltr'>illius</span> <span class='ocrx_word' id='word_1_67' title='bbox 708 1282 880 1346; x_wconf 80' lang='lat' dir='ltr'>Pontificio</span> <span class='ocrx_word' id='word_1_68' title='bbox 903 1283 1105 1365; x_wconf 83' lang='lat' dir='ltr'>aeciderunt,</span> <span class='ocrx_word' id='word_1_69' title='bbox 1129 1283 1209 1348; x_wconf 87' lang='lat' dir='ltr'>vali-</span> 
     </span>
     <span class='ocr_line' id='line_1_10' title="bbox 87 1379 1209 1466; baseline 0.002 -22"><span class='ocrx_word' id='word_1_70' title='bbox 87 1379 169 1444; x_wconf 93' lang='lat' dir='ltr'>dum</span> <span class='ocrx_word' id='word_1_71' title='bbox 193 1399 261 1444; x_wconf 89' lang='lat' dir='ltr'>non</span> <span class='ocrx_word' id='word_1_72' title='bbox 283 1401 378 1466; x_wconf 86' lang='lat' dir='ltr'>posse</span> <span class='ocrx_word' id='word_1_73' title='bbox 411 1382 517 1465; x_wconf 88' lang='lat' dir='ltr'>promi</span> <span class='ocrx_word' id='word_1_74' title='bbox 540 1390 770 1466; x_wconf 81' lang='lat' dir='ltr'>argumentum</span> <span class='ocrx_word' id='word_1_75' title='bbox 802 1389 917 1444; x_wconf 83' lang='lat' dir='ltr'>eontra</span> <span class='ocrx_word' id='word_1_76' title='bbox 940 1380 1209 1446; x_wconf 79' lang='lat' dir='ltr'>infallibilitatem</span> 
     </span>
     <span class='ocr_line' id='line_1_11' title="bbox 87 1475 1210 1564; baseline 0.003 -22"><span class='ocrx_word' id='word_1_77' title='bbox 87 1475 185 1542; x_wconf 86' lang='lat' dir='ltr'>Sedis</span> <span class='ocrx_word' id='word_1_78' title='bbox 219 1475 439 1563; x_wconf 80' lang='lat' dir='ltr'>Apostolioae.</span> <span class='ocrx_word' id='word_1_79' title='bbox 485 1479 525 1542; x_wconf 90' lang='lat' dir='ltr'>Id</span> <span class='ocrx_word' id='word_1_80' title='bbox 558 1501 636 1542; x_wconf 83' lang='lat' dir='ltr'>vero</span> <span class='ocrx_word' id='word_1_81' title='bbox 670 1477 798 1543; x_wconf 87' lang='lat' dir='ltr'>ostendi</span> <span class='ocrx_word' id='word_1_82' title='bbox 831 1487 951 1563; x_wconf 87' lang='lat' dir='ltr'>potest,</span> <span class='ocrx_word' id='word_1_83' title='bbox 984 1481 1066 1564; x_wconf 91' lang='lat' dir='ltr'>quin</span> <span class='ocrx_word' id='word_1_84' title='bbox 1097 1483 1210 1545; x_wconf 84' lang='lat' dir='ltr'>omnia</span> 
     </span>
     <span class='ocr_line' id='line_1_12' title="bbox 86 1575 1209 1663; baseline 0.004 -24"><span class='ocrx_word' id='word_1_85' title='bbox 86 1587 120 1638; x_wconf 89' lang='lat' dir='ltr'>et</span> <span class='ocrx_word' id='word_1_86' title='bbox 143 1575 275 1659; x_wconf 84' lang='lat' dir='ltr'>singula</span> <span class='ocrx_word' id='word_1_87' title='bbox 298 1579 486 1641; x_wconf 86' lang='lat' dir='ltr'>aoouretiue</span> <span class='ocrx_word' id='word_1_88' title='bbox 508 1577 740 1658; x_wconf 79' lang='lat' dir='ltr'>discutiantur,</span> <span class='ocrx_word' id='word_1_89' title='bbox 775 1585 808 1639; x_wconf 89' lang='lat' dir='ltr'>et</span> <span class='ocrx_word' id='word_1_90' title='bbox 830 1597 873 1640; x_wconf 81' lang='lat' dir='ltr'>ex</span> <span class='ocrx_word' id='word_1_91' title='bbox 895 1578 998 1640; x_wconf 85' lang='lat' dir='ltr'>variis</span> <span class='ocrx_word' id='word_1_92' title='bbox 1020 1577 1209 1663; x_wconf 78' lang='lat' dir='ltr'>explicatio·</span> 
     </span>
     <span class='ocr_line' id='line_1_13' title="bbox 86 1673 1210 1761; baseline 0.002 -23"><span class='ocrx_word' id='word_1_93' title='bbox 86 1673 187 1738; x_wconf 86' lang='lat' dir='ltr'>uibus</span> <span class='ocrx_word' id='word_1_94' title='bbox 210 1696 320 1738; x_wconf 87' lang='lat' dir='ltr'>rerum</span> <span class='ocrx_word' id='word_1_95' title='bbox 344 1684 589 1761; x_wconf 86' lang='lat' dir='ltr'>eventuumque</span> <span class='ocrx_word' id='word_1_96' title='bbox 611 1697 680 1739; x_wconf 88' lang='lat' dir='ltr'>una</span> <span class='ocrx_word' id='word_1_97' title='bbox 703 1673 860 1758; x_wconf 84' lang='lat' dir='ltr'>seligetur</span> <span class='ocrx_word' id='word_1_98' title='bbox 883 1673 1111 1739; x_wconf 81' lang='lat' dir='ltr'>determinata.</span> <span class='ocrx_word' id='word_1_99' title='bbox 1135 1675 1210 1740; x_wconf 81' lang='lat' dir='ltr'>Hoc</span> 
     </span>
     <span class='ocr_line' id='line_1_14' title="bbox 86 1771 1210 1858; baseline 0.002 -22"><span class='ocrx_word' id='word_1_100' title='bbox 86 1781 254 1856; x_wconf 79' lang='lat' dir='ltr'>praestare</span> <span class='ocrx_word' id='word_1_101' title='bbox 278 1771 375 1836; x_wconf 83' lang='lat' dir='ltr'>faoile</span> <span class='ocrx_word' id='word_1_102' title='bbox 398 1783 460 1854; x_wconf 83' lang='lat' dir='ltr'>eet,</span> <span class='ocrx_word' id='word_1_103' title='bbox 485 1783 584 1858; x_wconf 87' lang='lat' dir='ltr'>atque</span> <span class='ocrx_word' id='word_1_104' title='bbox 607 1774 700 1836; x_wconf 87' lang='lat' dir='ltr'>vario</span> <span class='ocrx_word' id='word_1_105' title='bbox 724 1771 821 1836; x_wconf 92' lang='lat' dir='ltr'>modo</span> <span class='ocrx_word' id='word_1_106' title='bbox 846 1771 972 1857; x_wconf 89' lang='lat' dir='ltr'>idjam</span> <span class='ocrx_word' id='word_1_107' title='bbox 997 1771 1123 1836; x_wconf 89' lang='lat' dir='ltr'>dudum</span> <span class='ocrx_word' id='word_1_108' title='bbox 1147 1773 1210 1838; x_wconf 86' lang='lat' dir='ltr'>fuit</span> 
     </span>
     <span class='ocr_line' id='line_1_15' title="bbox 85 1869 1209 1956; baseline 0 -22"><span class='ocrx_word' id='word_1_109' title='bbox 85 1869 273 1954; x_wconf 85' lang='lat' dir='ltr'>probatum.</span> <span class='ocrx_word' id='word_1_110' title='bbox 307 1907 349 1916; x_wconf 89' lang='lat'>-</span> <span class='ocrx_word' id='word_1_111' title='bbox 384 1869 450 1935; x_wconf 87' lang='lat' dir='ltr'>Sed</span> <span class='ocrx_word' id='word_1_112' title='bbox 483 1893 585 1956; x_wconf 90' lang='lat' dir='ltr'>quum</span> <span class='ocrx_word' id='word_1_113' title='bbox 618 1870 770 1950; x_wconf 77' lang='lat' dir='ltr'>ulterius,</span> <span class='ocrx_word' id='word_1_114' title='bbox 806 1871 903 1934; x_wconf 84' lang='lat' dir='ltr'>oiouti</span> <span class='ocrx_word' id='word_1_115' title='bbox 933 1871 1105 1950; x_wconf 81' lang='lat' dir='ltr'>convenit,</span> <span class='ocrx_word' id='word_1_116' title='bbox 1137 1893 1209 1956; x_wconf 92' lang='lat' dir='ltr'>pro·</span> 
     </span>
     <span class='ocr_line' id='line_1_16' title="bbox 84 1966 1208 2056; baseline 0.003 -26"><span class='ocrx_word' id='word_1_117' title='bbox 84 1967 267 2052; x_wconf 81' lang='lat' dir='ltr'>gradimur,</span> <span class='ocrx_word' id='word_1_118' title='bbox 301 1979 337 2032; x_wconf 84' lang='lat' dir='ltr'>ut</span> <span class='ocrx_word' id='word_1_119' title='bbox 362 1970 501 2056; x_wconf 80' lang='lat' dir='ltr'>positive</span> <span class='ocrx_word' id='word_1_120' title='bbox 534 1967 664 2054; x_wconf 83' lang='lat' dir='ltr'>singule</span> <span class='ocrx_word' id='word_1_121' title='bbox 697 1967 807 2054; x_wconf 84' lang='lat' dir='ltr'>quoad</span> <span class='ocrx_word' id='word_1_122' title='bbox 836 1966 1020 2034; x_wconf 75' lang='lat' dir='ltr'>doctrinam</span> <span class='ocrx_word' id='word_1_123' title='bbox 1044 1977 1077 2032; x_wconf 87' lang='lat' dir='ltr'>et</span> <span class='ocrx_word' id='word_1_124' title='bbox 1099 1969 1208 2052; x_wconf 83' lang='lat' dir='ltr'>quood</span> 
     </span>
     <span class='ocr_line' id='line_1_17' title="bbox 84 2065 1209 2151; baseline 0.004 -23"><span class='ocrx_word' id='word_1_125' title='bbox 84 2076 226 2130; x_wconf 83' lang='lat' dir='ltr'>eventus</span> <span class='ocrx_word' id='word_1_126' title='bbox 256 2065 420 2151; x_wconf 90' lang='lat' dir='ltr'>quomodo</span> <span class='ocrx_word' id='word_1_127' title='bbox 444 2089 478 2130; x_wconf 87' lang='lat' dir='ltr'>se</span> <span class='ocrx_word' id='word_1_128' title='bbox 502 2066 678 2130; x_wconf 84' lang='lat' dir='ltr'>habuerint</span> <span class='ocrx_word' id='word_1_129' title='bbox 701 2065 928 2144; x_wconf 80' lang='lat' dir='ltr'>ostendamus,</span> <span class='ocrx_word' id='word_1_130' title='bbox 958 2087 1009 2129; x_wconf 86' lang='lat' dir='ltr'>res</span> <span class='ocrx_word' id='word_1_131' title='bbox 1040 2076 1089 2129; x_wconf 84' lang='lat' dir='ltr'>est</span> <span class='ocrx_word' id='word_1_132' title='bbox 1112 2066 1209 2132; x_wconf 84' lang='lat' dir='ltr'>valde</span> 
     </span>
     <span class='ocr_line' id='line_1_18' title="bbox 13 2149 1209 2249; baseline 0.002 -23"><span class='ocrx_word' id='word_1_133' title='bbox 13 2149 14 2164; x_wconf 40' lang='lat'>¹</span> <span class='ocrx_word' id='word_1_134' title='bbox 86 2162 248 2247; x_wconf 84' lang='lat' dir='ltr'>implexa,</span> <span class='ocrx_word' id='word_1_135' title='bbox 273 2173 423 2228; x_wconf 83' lang='lat' dir='ltr'>auctores</span> <span class='ocrx_word' id='word_1_136' title='bbox 446 2161 570 2228; x_wconf 84' lang='lat' dir='ltr'>abeunt</span> <span class='ocrx_word' id='word_1_137' title='bbox 597 2166 631 2228; x_wconf 90' lang='lat' dir='ltr'>in</span> <span class='ocrx_word' id='word_1_138' title='bbox 656 2165 766 2228; x_wconf 81' lang='lat' dir='ltr'>varias</span> <span class='ocrx_word' id='word_1_139' title='bbox 789 2171 907 2249; x_wconf 85' lang='lat' dir='ltr'>peries,</span> <span class='ocrx_word' id='word_1_140' title='bbox 931 2163 1107 2248; x_wconf 88' lang='lat' dir='ltr'>omniaque</span> <span class='ocrx_word' id='word_1_141' title='bbox 1131 2167 1209 2228; x_wconf 84' lang='lat' dir='ltr'>eatis</span> 
     </span>
     <span class='ocr_line' id='line_1_19' title="bbox 84 2260 498 2326; baseline 0.002 -2"><span class='ocrx_word' id='word_1_142' title='bbox 84 2260 254 2326; x_wconf 77' lang='lat' dir='ltr'>elucidare</span> <span class='ocrx_word' id='word_1_143' title='bbox 278 2260 415 2325; x_wconf 81' lang='lat' dir='ltr'>difficile</span> <span class='ocrx_word' id='word_1_144' title='bbox 438 2271 498 2326; x_wconf 86' lang='lat' dir='ltr'>est.</span> 
     </span>
     <span class='ocr_line' id='line_1_20' title="bbox 13 2357 1352 2444; baseline -0.005 -18"><span class='ocrx_word' id='word_1_145' title='bbox 13 2363 14 2426; x_wconf 68' lang='lat' dir='ltr'>l</span> <span class='ocrx_word' id='word_1_146' title='bbox 177 2359 209 2424; x_wconf 88' lang='lat'>4.</span> <span class='ocrx_word' id='word_1_147' title='bbox 234 2359 384 2442; x_wconf 82' lang='lat' dir='ltr'>Agamus</span> <span class='ocrx_word' id='word_1_148' title='bbox 399 2361 540 2444; x_wconf 91' lang='lat' dir='ltr'>primum</span> <span class='ocrx_word' id='word_1_149' title='bbox 556 2361 671 2444; x_wconf 86' lang='lat' dir='ltr'>paneis</span> <span class='ocrx_word' id='word_1_150' title='bbox 686 2359 724 2423; x_wconf 80' lang='lat' dir='ltr'>do</span> <span class='ocrx_word' id='word_1_151' title='bbox 739 2369 825 2423; x_wconf 84' lang='lat' dir='ltr'>statu</span> <span class='ocrx_word' id='word_1_152' title='bbox 838 2358 999 2422; x_wconf 65' lang='lat' dir='ltr'>Eooieeiw</span> <span class='ocrx_word' id='word_1_153' title='bbox 1017 2357 1073 2423; x_wconf 87' lang='lat' dir='ltr'>illa</span> <span class='ocrx_word' id='word_1_154' title='bbox 1092 2369 1209 2442; x_wconf 86' lang='lat' dir='ltr'>aetate,</span> <span class='ocrx_word' id='word_1_155' title='bbox 1242 2379 1352 2420; x_wconf 70' lang='lat' dir='ltr'>iseum</span> 
     </span>
     <span class='ocr_line' id='line_1_21' title="bbox 87 2455 1211 2544; baseline 0.002 -22"><span class='ocrx_word' id='word_1_156' title='bbox 87 2457 191 2522; x_wconf 74' lang='lat' dir='ltr'>aede</span> <span class='ocrx_word' id='word_1_157' title='bbox 213 2458 319 2520; x_wconf 75' lang='lat' dir='ltr'>initiis</span> <span class='ocrx_word' id='word_1_158' title='bbox 351 2457 624 2535; x_wconf 80' lang='lat' dir='ltr'>Moootbeletiemi,</span> <span class='ocrx_word' id='word_1_159' title='bbox 657 2456 734 2522; x_wconf 87' lang='lat' dir='ltr'>dein</span> <span class='ocrx_word' id='word_1_160' title='bbox 768 2458 806 2520; x_wconf 86' lang='lat' dir='ltr'>de</span> <span class='ocrx_word' id='word_1_161' title='bbox 831 2457 969 2521; x_wconf 79' lang='lat' dir='ltr'>Houorii</span> <span class='ocrx_word' id='word_1_162' title='bbox 1001 2455 1143 2544; x_wconf 78' lang='lat' dir='ltr'>epistolio</span> <span class='ocrx_word' id='word_1_163' title='bbox 1167 2461 1211 2524; x_wconf 87' lang='lat' dir='ltr'>ad</span> 
     </span>
     <span class='ocr_line' id='line_1_22' title="bbox 87 2553 1209 2639; baseline 0.001 -19"><span class='ocrx_word' id='word_1_164' title='bbox 87 2553 233 2639; x_wconf 68' lang='lat' dir='ltr'>Sergium</span> <span class='ocrx_word' id='word_1_165' title='bbox 260 2553 429 2633; x_wconf 82' lang='lat' dir='ltr'>CPtnuum,</span> <span class='ocrx_word' id='word_1_166' title='bbox 454 2577 493 2619; x_wconf 86' lang='lat' dir='ltr'>eo</span> <span class='ocrx_word' id='word_1_167' title='bbox 517 2554 649 2618; x_wconf 90' lang='lat' dir='ltr'>demum</span> <span class='ocrx_word' id='word_1_168' title='bbox 671 2556 710 2618; x_wconf 85' lang='lat' dir='ltr'>de</span> <span class='ocrx_word' id='word_1_169' title='bbox 735 2555 874 2621; x_wconf 76' lang='lat' dir='ltr'>Concilio</span> <span class='ocrx_word' id='word_1_170' title='bbox 897 2556 1088 2618; x_wconf 75' lang='lat' dir='ltr'>oemimenioo</span> <span class='ocrx_word' id='word_1_171' title='bbox 1112 2567 1209 2621; x_wconf 73' lang='lat' dir='ltr'>seete.</span> 
     </span>
     <span class='ocr_line' id='line_1_23' title="bbox 88 2652 1335 2738; baseline 0.003 -22"><span class='ocrx_word' id='word_1_172' title='bbox 88 2691 133 2702; x_wconf 89' lang='lat'>-</span> <span class='ocrx_word' id='word_1_173' title='bbox 158 2652 278 2732; x_wconf 82' lang='lat' dir='ltr'>Quoad</span> <span class='ocrx_word' id='word_1_174' title='bbox 302 2653 500 2718; x_wconf 79' lang='lat' dir='ltr'>documenta</span> <span class='ocrx_word' id='word_1_175' title='bbox 523 2673 608 2738; x_wconf 85' lang='lat' dir='ltr'>quae</span> <span class='ocrx_word' id='word_1_176' title='bbox 640 2654 847 2718; x_wconf 69' lang='lat' dir='ltr'>eduensem</span> <span class='ocrx_word' id='word_1_177' title='bbox 871 2653 1010 2716; x_wconf 88' lang='lat' dir='ltr'>Honorii</span> <span class='ocrx_word' id='word_1_178' title='bbox 1035 2656 1209 2738; x_wconf 86' lang='lat' dir='ltr'>pertinent,</span> <span class='ocrx_word' id='word_1_179' title='bbox 1331 2655 1335 2662; x_wconf 81' lang='grc'><strong>’</strong></span> 
     </span>
     <span class='ocr_line' id='line_1_24' title="bbox 87 2749 1209 2838; baseline 0.001 -22"><span class='ocrx_word' id='word_1_180' title='bbox 87 2752 283 2837; x_wconf 59' lang='lat' dir='ltr'>praesertim</span> <span class='ocrx_word' id='word_1_181' title='bbox 316 2751 517 2815; x_wconf 78' lang='lat' dir='ltr'>consulenda</span> <span class='ocrx_word' id='word_1_182' title='bbox 549 2760 625 2816; x_wconf 86' lang='lat' dir='ltr'>sunt</span> <span class='ocrx_word' id='word_1_183' title='bbox 657 2751 738 2816; x_wconf 85' lang='lat' dir='ltr'>Acta</span> <span class='ocrx_word' id='word_1_184' title='bbox 770 2751 893 2838; x_wconf 77' lang='lat' dir='ltr'>Syoodi</span> <span class='ocrx_word' id='word_1_185' title='bbox 921 2749 977 2826; x_wconf 88' lang='lat' dir='ltr'>VI,</span> <span class='ocrx_word' id='word_1_186' title='bbox 1010 2750 1045 2813; x_wconf 92' lang='lat' dir='ltr'>in</span> <span class='ocrx_word' id='word_1_187' title='bbox 1078 2751 1209 2836; x_wconf 77' lang='lat' dir='ltr'>quibus,</span> 
     </span>
     <span class='ocr_line' id='line_1_25' title="bbox 88 2848 1210 2936; baseline 0.002 -24"><span class='ocrx_word' id='word_1_188' title='bbox 88 2871 177 2936; x_wconf 82' lang='lat' dir='ltr'>quae</span> <span class='ocrx_word' id='word_1_189' title='bbox 209 2848 275 2914; x_wconf 83' lang='lat' dir='ltr'>hnc</span> <span class='ocrx_word' id='word_1_190' title='bbox 307 2857 458 2934; x_wconf 80' lang='lat' dir='ltr'>spectant</span> <span class='ocrx_word' id='word_1_191' title='bbox 490 2852 635 2913; x_wconf 87' lang='lat' dir='ltr'>maxima</span> <span class='ocrx_word' id='word_1_192' title='bbox 659 2859 751 2935; x_wconf 86' lang='lat' dir='ltr'>purte</span> <span class='ocrx_word' id='word_1_193' title='bbox 776 2850 1003 2928; x_wconf 80' lang='lat' dir='ltr'>eontinentur3</span> <span class='ocrx_word' id='word_1_194' title='bbox 1040 2858 1210 2932; x_wconf 85' lang='lat' dir='ltr'>praeterea</span> 
     </span>
     <span class='ocr_line' id='line_1_26' title="bbox 89 2943 1209 3034; baseline 0.003 -25"><span class='ocrx_word' id='word_1_195' title='bbox 89 2969 189 3034; x_wconf 74' lang='lat' dir='ltr'>opero</span> <span class='ocrx_word' id='word_1_196' title='bbox 204 2946 237 3012; x_wconf 81' lang='lat' dir='ltr'>S.</span> <span class='ocrx_word' id='word_1_197' title='bbox 254 2948 403 3025; x_wconf 78' lang='lat' dir='ltr'>Mooimi,</span> <span class='ocrx_word' id='word_1_198' title='bbox 427 2949 483 3032; x_wconf 92' lang='lat' dir='ltr'>qui</span> <span class='ocrx_word' id='word_1_199' title='bbox 505 2949 600 3012; x_wconf 85' lang='lat' dir='ltr'>varia</span> <span class='ocrx_word' id='word_1_200' title='bbox 615 2950 649 3011; x_wconf 94' lang='lat' dir='ltr'>in</span> <span class='ocrx_word' id='word_1_201' title='bbox 664 2947 890 3012; x_wconf 75' lang='lat' dir='ltr'>defensionem</span> <span class='ocrx_word' id='word_1_202' title='bbox 903 2943 1043 3008; x_wconf 89' lang='lat' dir='ltr'>Honorii</span> <span class='ocrx_word' id='word_1_203' title='bbox 1068 2948 1209 3031; x_wconf 84' lang='lat' dir='ltr'>scripsit.</span> 
     </span>
     <span class='ocr_line' id='line_1_27' title="bbox 89 3041 1209 3134; baseline 0.001 -26"><span class='ocrx_word' id='word_1_204' title='bbox 89 3083 133 3092; x_wconf 93' lang='lat'>-</span> <span class='ocrx_word' id='word_1_205' title='bbox 156 3044 213 3108; x_wconf 83' lang='lat' dir='ltr'>Ex</span> <span class='ocrx_word' id='word_1_206' title='bbox 245 3043 359 3110; x_wconf 89' lang='lat' dir='ltr'>multis</span> <span class='ocrx_word' id='word_1_207' title='bbox 386 3045 577 3108; x_wconf 79' lang='lat' dir='ltr'>auctoribus</span> <span class='ocrx_word' id='word_1_208' title='bbox 610 3047 666 3131; x_wconf 92' lang='lat' dir='ltr'>qui</span> <span class='ocrx_word' id='word_1_209' title='bbox 691 3046 734 3109; x_wconf 87' lang='lat' dir='ltr'>de</span> <span class='ocrx_word' id='word_1_210' title='bbox 756 3045 904 3110; x_wconf 86' lang='lat' dir='ltr'>Honorio</span> <span class='ocrx_word' id='word_1_211' title='bbox 937 3041 975 3104; x_wconf 86' lang='lat' dir='ltr'>R.</span> <span class='ocrx_word' id='word_1_212' title='bbox 999 3042 1036 3107; x_wconf 92' lang='lat' dir='ltr'>P.</span> <span class='ocrx_word' id='word_1_213' title='bbox 1061 3055 1209 3134; x_wconf 77' lang='lat' dir='ltr'>egerunt,</span> 
     </span>
     <span class='ocr_line' id='line_1_28' title="bbox 90 3141 1216 3229; baseline -0.001 -22"><span class='ocrx_word' id='word_1_214' title='bbox 90 3143 146 3208; x_wconf 87' lang='lat' dir='ltr'>hie</span> <span class='ocrx_word' id='word_1_215' title='bbox 169 3144 271 3207; x_wconf 85' lang='lat' dir='ltr'>uitare</span> <span class='ocrx_word' id='word_1_216' title='bbox 295 3144 441 3208; x_wconf 82' lang='lat' dir='ltr'>sufficiat</span> <span class='ocrx_word' id='word_1_217' title='bbox 464 3151 654 3229; x_wconf 84' lang='lat' dir='ltr'>sequentes:</span> <span class='ocrx_word' id='word_1_218' title='bbox 678 3143 827 3226; x_wconf 84' lang='lat' dir='ltr'>Pighius,</span> <span class='ocrx_word' id='word_1_219' title='bbox 851 3145 900 3208; x_wconf 84' lang='lat' dir='ltr'>De</span> <span class='ocrx_word' id='word_1_220' title='bbox 914 3147 1003 3209; x_wconf 43' lang='lat' dir='ltr'>‘ociis</span> <span class='ocrx_word' id='word_1_221' title='bbox 1028 3142 1075 3206; x_wconf 89' lang='lat' dir='ltr'>VI</span> <span class='ocrx_word' id='word_1_222' title='bbox 1093 3153 1123 3205; x_wconf 89' lang='lat' dir='ltr'>et</span> <span class='ocrx_word' id='word_1_223' title='bbox 1151 3141 1216 3207; x_wconf 88' lang='lat' dir='ltr'>VII</span> 
     </span>
     <span class='ocr_line' id='line_1_29' title="bbox 90 3239 1209 3328; baseline 0 -24"><span class='ocrx_word' id='word_1_224' title='bbox 90 3239 291 3328; x_wconf 69' lang='lat' dir='ltr'>synodorum.</span> <span class='ocrx_word' id='word_1_225' title='bbox 315 3277 360 3288; x_wconf 88' lang='lat'><em>-</em></span> <span class='ocrx_word' id='word_1_226' title='bbox 382 3241 642 3323; x_wconf 80' lang='lat' dir='ltr'>Turreoremate,</span> <span class='ocrx_word' id='word_1_227' title='bbox 669 3239 796 3305; x_wconf 67' lang='lat' dir='ltr'>&amp;mmo</span> <span class='ocrx_word' id='word_1_228' title='bbox 823 3243 861 3306; x_wconf 83' lang='lat' dir='ltr'>do</span> <span class='ocrx_word' id='word_1_229' title='bbox 884 3241 1028 3306; x_wconf 72' lang='lat' dir='ltr'>Eoeieoao</span> <span class='ocrx_word' id='word_1_230' title='bbox 1057 3241 1091 3304; x_wconf 89' lang='lat' dir='ltr'>L.</span> <span class='ocrx_word' id='word_1_231' title='bbox 1116 3241 1158 3304; x_wconf 93' lang='grc' dir='ltr'>ΙΙ.</span> <span class='ocrx_word' id='word_1_232' title='bbox 1184 3265 1209 3305; x_wconf 83' lang='lat' dir='ltr'>o.</span> 
     </span>
     <span class='ocr_line' id='line_1_30' title="bbox 91 3337 1209 3422; baseline -0.002 -18"><span class='ocrx_word' id='word_1_233' title='bbox 91 3342 142 3404; x_wconf 83' lang='lat'>93.</span> <span class='ocrx_word' id='word_1_234' title='bbox 166 3375 212 3386; x_wconf 88' lang='lat'><em>-</em></span> <span class='ocrx_word' id='word_1_235' title='bbox 235 3337 408 3421; x_wconf 81' lang='lat' dir='ltr'>Beroniuo,</span> <span class='ocrx_word' id='word_1_236' title='bbox 433 3339 550 3404; x_wconf 76' lang='lat' dir='ltr'>douai.</span> <span class='ocrx_word' id='word_1_237' title='bbox 577 3341 621 3402; x_wconf 85' lang='lat' dir='ltr'>ad</span> <span class='ocrx_word' id='word_1_238' title='bbox 643 3365 695 3403; x_wconf 81' lang='lat' dir='ltr'>on.</span> <span class='ocrx_word' id='word_1_239' title='bbox 720 3341 796 3418; x_wconf 84' lang='lat'>633,</span> <span class='ocrx_word' id='word_1_240' title='bbox 821 3341 896 3420; x_wconf 79' lang='lat'>680,</span> <span class='ocrx_word' id='word_1_241' title='bbox 921 3343 995 3405; x_wconf 81' lang='lat'><strong><em>681.</em></strong></span> <span class='ocrx_word' id='word_1_242' title='bbox 1018 3377 1062 3388; x_wconf 88' lang='lat'>·-</span> <span class='ocrx_word' id='word_1_243' title='bbox 1077 3339 1209 3422; x_wconf 80' lang='lat' dir='ltr'>Pagina,</span> 
     </span>
     <span class='ocr_line' id='line_1_31' title="bbox 94 3425 1208 3524; baseline -0.004 -20"><span class='ocrx_word' id='word_1_244' title='bbox 94 3425 215 3504; x_wconf 67' lang='lat' dir='ltr'>Critiae</span> <span class='ocrx_word' id='word_1_245' title='bbox 236 3437 382 3515; x_wconf 73' lang='lat' dir='ltr'>Bormsii,</span> <span class='ocrx_word' id='word_1_246' title='bbox 415 3437 496 3503; x_wconf 91' lang='lat' dir='ltr'>ibid.</span> <span class='ocrx_word' id='word_1_247' title='bbox 530 3475 574 3484; x_wconf 88' lang='lat'>-</span> <span class='ocrx_word' id='word_1_248' title='bbox 605 3438 729 3521; x_wconf 87' lang='lat' dir='ltr'>Pagius</span> <span class='ocrx_word' id='word_1_249' title='bbox 758 3437 859 3524; x_wconf 88' lang='lat' dir='ltr'>(jun.)</span> <span class='ocrx_word' id='word_1_250' title='bbox 896 3437 969 3501; x_wconf 71' lang='lat' dir='ltr'>Vota</span> <span class='ocrx_word' id='word_1_251' title='bbox 993 3438 1065 3501; x_wconf 80' lang='lat' dir='ltr'>RH.</span> <span class='ocrx_word' id='word_1_252' title='bbox 1090 3437 1208 3523; x_wconf 69' lang='lat' dir='ltr'>Poetef.</span> 
     </span>
     <span class='ocr_line' id='line_1_32' title="bbox 92 3533 1210 3614; baseline -0.002 -16"><span class='ocrx_word' id='word_1_253' title='bbox 92 3573 135 3584; x_wconf 94' lang='lat'><em>-</em></span> <span class='ocrx_word' id='word_1_254' title='bbox 156 3534 396 3598; x_wconf 85' lang='lat' dir='ltr'>Thomaoeiuus</span> <span class='ocrx_word' id='word_1_255' title='bbox 418 3537 454 3600; x_wconf 82' lang='lat' dir='ltr'>in</span> <span class='ocrx_word' id='word_1_256' title='bbox 480 3533 622 3600; x_wconf 75' lang='lat' dir='ltr'>Concilio</span> <span class='ocrx_word' id='word_1_257' title='bbox 645 3536 780 3600; x_wconf 77' lang='lat' dir='ltr'>Dissert.</span> <span class='ocrx_word' id='word_1_258' title='bbox 809 3538 861 3600; x_wconf 79' lang='lat'>20.</span> <span class='ocrx_word' id='word_1_259' title='bbox 900 3573 943 3582; x_wconf 92' lang='lat'>-</span> <span class='ocrx_word' id='word_1_260' title='bbox 983 3533 1210 3614; x_wconf 83' lang='lat' dir='ltr'>Combefiaius,</span> 
     </span>
     <span class='ocr_line' id='line_1_33' title="bbox 91 3631 1212 3719; baseline -0.003 -21"><span class='ocrx_word' id='word_1_261' title='bbox 91 3634 284 3698; x_wconf 78' lang='lat' dir='ltr'>Dioeertaiio</span> <span class='ocrx_word' id='word_1_262' title='bbox 310 3655 373 3718; x_wconf 79' lang='lat' dir='ltr'>pro</span> <span class='ocrx_word' id='word_1_263' title='bbox 404 3633 493 3697; x_wconf 83' lang='lat' dir='ltr'>Actio</span> <span class='ocrx_word' id='word_1_264' title='bbox 531 3631 579 3697; x_wconf 80' lang='lat' dir='ltr'>VI</span> <span class='ocrx_word' id='word_1_265' title='bbox 597 3632 720 3719; x_wconf 77' lang='lat' dir='ltr'>Syuodi</span> <span class='ocrx_word' id='word_1_266' title='bbox 746 3641 779 3696; x_wconf 86' lang='lat' dir='ltr'>et</span> <span class='ocrx_word' id='word_1_267' title='bbox 803 3635 950 3698; x_wconf 77' lang='lat' dir='ltr'>Historia</span> <span class='ocrx_word' id='word_1_268' title='bbox 973 3632 1142 3696; x_wconf 73' lang='lat' dir='ltr'>Monoibei.</span> <span class='ocrx_word' id='word_1_269' title='bbox 1167 3667 1212 3678; x_wconf 89' lang='lat'><em>-</em></span> 
     </span>
     <span class='ocr_line' id='line_1_34' title="bbox 91 3729 1212 3812; baseline -0.004 -16"><span class='ocrx_word' id='word_1_270' title='bbox 91 3731 263 3812; x_wconf 78' lang='lat' dir='ltr'>Patavina,</span> <span class='ocrx_word' id='word_1_271' title='bbox 286 3731 486 3796; x_wconf 72' lang='lat' dir='ltr'>Dolorem</span> <span class='ocrx_word' id='word_1_272' title='bbox 513 3731 549 3795; x_wconf 88' lang='lat' dir='ltr'>L.</span> <span class='ocrx_word' id='word_1_273' title='bbox 580 3733 605 3794; x_wconf 84' lang='grc' dir='ltr'>Ι.</span> <span class='ocrx_word' id='word_1_274' title='bbox 640 3755 681 3795; x_wconf 85' lang='lat' dir='ltr'>oo.</span> <span class='ocrx_word' id='word_1_275' title='bbox 706 3733 848 3796; x_wconf 79' lang='lat'><strong><em>19-24.</em></strong></span> <span class='ocrx_word' id='word_1_276' title='bbox 879 3769 923 3778; x_wconf 93' lang='lat'>-</span> <span class='ocrx_word' id='word_1_277' title='bbox 946 3729 1137 3810; x_wconf 81' lang='lat' dir='ltr'>Garnerius,</span> <span class='ocrx_word' id='word_1_278' title='bbox 1161 3730 1212 3792; x_wconf 82' lang='lat' dir='ltr'>De</span> 
     </span>
     <span class='ocr_line' id='line_1_35' title="bbox 92 3827 1210 3914; baseline -0.002 -20"><span class='ocrx_word' id='word_1_279' title='bbox 92 3851 189 3894; x_wconf 73' lang='lat' dir='ltr'>euersa</span> <span class='ocrx_word' id='word_1_280' title='bbox 221 3829 370 3907; x_wconf 75' lang='lat' dir='ltr'>Houor-ii,</span> <span class='ocrx_word' id='word_1_281' title='bbox 402 3829 438 3892; x_wconf 90' lang='lat' dir='ltr'>in</span> <span class='ocrx_word' id='word_1_282' title='bbox 468 3828 664 3914; x_wconf 87' lang='lat' dir='ltr'>Appendioe</span> <span class='ocrx_word' id='word_1_283' title='bbox 705 3828 748 3892; x_wconf 85' lang='lat' dir='ltr'>ad</span> <span class='ocrx_word' id='word_1_284' title='bbox 780 3829 920 3892; x_wconf 91' lang='lat' dir='ltr'>Librum</span> <span class='ocrx_word' id='word_1_285' title='bbox 953 3829 1109 3894; x_wconf 90' lang='lat' dir='ltr'>diurnum</span> <span class='ocrx_word' id='word_1_286' title='bbox 1141 3827 1210 3892; x_wconf 78' lang='lat' dir='ltr'>itit.</span> 
     </span>
     <span class='ocr_line' id='line_1_36' title="bbox 93 3923 1212 4013; baseline -0.002 -23"><span class='ocrx_word' id='word_1_287' title='bbox 93 3926 157 3991; x_wconf 88' lang='grc' dir='ltr'>ΡΡ.</span> <span class='ocrx_word' id='word_1_288' title='bbox 180 3963 225 3972; x_wconf 89' lang='lat'><em>-</em></span> <span class='ocrx_word' id='word_1_289' title='bbox 249 3924 473 4008; x_wconf 85' lang='lat' dir='ltr'>Cabaeeutiue,</span> <span class='ocrx_word' id='word_1_290' title='bbox 499 3928 629 3990; x_wconf 83' lang='lat' dir='ltr'>Notitio</span> <span class='ocrx_word' id='word_1_291' title='bbox 656 3923 874 4004; x_wconf 78' lang='lat' dir='ltr'>Couoilioroom,</span> <span class='ocrx_word' id='word_1_292' title='bbox 908 3933 991 4013; x_wconf 81' lang='lat' dir='ltr'>oap.‘</span> <span class='ocrx_word' id='word_1_293' title='bbox 1006 3925 1057 3990; x_wconf 78' lang='lat'>72.</span> <span class='ocrx_word' id='word_1_294' title='bbox 1082 3961 1124 3972; x_wconf 93' lang='lat'>-</span> <span class='ocrx_word' id='word_1_295' title='bbox 1147 3925 1212 3988; x_wconf 87' lang='lat' dir='ltr'>Na-</span> 
     </span>
    </p>
   </div>
   <div class='ocr_carea' id='block_1_3' title="bbox 93 4021 1211 4106">
    <p class='ocr_par' dir='ltr' id='par_1_3' title="bbox 93 4021 1211 4106">
     <span class='ocr_line' id='line_1_37' title="bbox 93 4021 1211 4106; baseline -0.002 -18"><span class='ocrx_word' id='word_1_296' title='bbox 93 4024 166 4088; x_wconf 87' lang='lat' dir='ltr'>talis</span> <span class='ocrx_word' id='word_1_297' title='bbox 190 4021 391 4106; x_wconf 82' lang='lat' dir='ltr'>Alexander,</span> <span class='ocrx_word' id='word_1_298' title='bbox 417 4023 458 4088; x_wconf 87' lang='lat' dir='ltr'>H.</span> <span class='ocrx_word' id='word_1_299' title='bbox 484 4025 521 4088; x_wconf 85' lang='lat' dir='ltr'>E.</span> <span class='ocrx_word' id='word_1_300' title='bbox 556 4027 590 4086; x_wconf 84' lang='lat' dir='ltr'>in</span> <span class='ocrx_word' id='word_1_301' title='bbox 622 4047 701 4088; x_wconf 78' lang='lat' dir='ltr'>roeo.</span> <span class='ocrx_word' id='word_1_302' title='bbox 740 4023 805 4088; x_wconf 86' lang='lat' dir='ltr'>VH</span> <span class='ocrx_word' id='word_1_303' title='bbox 822 4025 956 4090; x_wconf 68' lang='lat' dir='ltr'>Dieron.</span> <span class='ocrx_word' id='word_1_304' title='bbox 986 4023 1012 4089; x_wconf 92' lang='grc' dir='ltr'>Ι.</span> <span class='ocrx_word' id='word_1_305' title='bbox 1037 4033 1068 4088; x_wconf 85' lang='lat' dir='ltr'>ot</span> <span class='ocrx_word' id='word_1_306' title='bbox 1090 4022 1132 4087; x_wconf 90' lang='grc' dir='ltr'>ΙΙ.</span> <span class='ocrx_word' id='word_1_307' title='bbox 1167 4059 1211 4070; x_wconf 89' lang='lat'>-</span> 
     </span>
    </p>
   </div>
   <div class='ocr_carea' id='block_1_4' title="bbox 94 4119 1212 4399">
    <p class='ocr_par' dir='ltr' id='par_1_4' title="bbox 94 4119 1212 4399">
     <span class='ocr_line' id='line_1_38' title="bbox 95 4119 1212 4206; baseline -0.003 -18"><span class='ocrx_word' id='word_1_308' title='bbox 95 4119 178 4204; x_wconf 85' lang='lat' dir='ltr'>Orsi,</span> <span class='ocrx_word' id='word_1_309' title='bbox 201 4121 252 4184; x_wconf 81' lang='lat' dir='ltr'>De</span> <span class='ocrx_word' id='word_1_310' title='bbox 275 4123 365 4186; x_wconf 80' lang='lat' dir='ltr'>Rom.</span> <span class='ocrx_word' id='word_1_311' title='bbox 391 4121 553 4206; x_wconf 72' lang='lat' dir='ltr'>Pontificio</span> <span class='ocrx_word' id='word_1_312' title='bbox 576 4123 763 4186; x_wconf 81' lang='lat' dir='ltr'>auctoritate</span> <span class='ocrx_word' id='word_1_313' title='bbox 787 4119 822 4185; x_wconf 86' lang='lat' dir='ltr'>L.</span> <span class='ocrx_word' id='word_1_314' title='bbox 848 4123 876 4201; x_wconf 83' lang='lat' dir='ltr'>I,</span> <span class='ocrx_word' id='word_1_315' title='bbox 898 4149 924 4186; x_wconf 89' lang='lat' dir='ltr'>c.</span> <span class='ocrx_word' id='word_1_316' title='bbox 948 4123 1001 4188; x_wconf 75' lang='lat'>22.</span> <span class='ocrx_word' id='word_1_317' title='bbox 1032 4159 1077 4170; x_wconf 88' lang='lat'><em>-</em></span> <span class='ocrx_word' id='word_1_318' title='bbox 1107 4119 1212 4186; x_wconf 77' lang='lat' dir='ltr'>Belle</span> 
     </span>
     <span class='ocr_line' id='line_1_39' title="bbox 94 4218 1211 4307; baseline -0.001 -24"><span class='ocrx_word' id='word_1_319' title='bbox 94 4221 166 4302; x_wconf 89' lang='lat' dir='ltr'>rini,</span> <span class='ocrx_word' id='word_1_320' title='bbox 191 4219 241 4283; x_wconf 89' lang='lat' dir='ltr'>Do</span> <span class='ocrx_word' id='word_1_321' title='bbox 263 4221 296 4282; x_wconf 88' lang='lat' dir='ltr'>oi</span> <span class='ocrx_word' id='word_1_322' title='bbox 319 4243 356 4284; x_wconf 86' lang='lat' dir='ltr'>oo</span> <span class='ocrx_word' id='word_1_323' title='bbox 378 4221 502 4284; x_wconf 75' lang='lat' dir='ltr'>ratione</span> <span class='ocrx_word' id='word_1_324' title='bbox 519 4222 691 4306; x_wconf 72' lang='lat' dir='ltr'>primatiae,</span> <span class='ocrx_word' id='word_1_325' title='bbox 720 4218 797 4305; x_wconf 83' lang='lat' dir='ltr'>Cup.</span> <span class='ocrx_word' id='word_1_326' title='bbox 823 4223 875 4284; x_wconf 78' lang='lat'>15.</span> <span class='ocrx_word' id='word_1_327' title='bbox 900 4220 933 4307; x_wconf 84' lang='lat'>§.</span> <span class='ocrx_word' id='word_1_328' title='bbox 959 4223 988 4284; x_wconf 87' lang='lat'>9.</span> <span class='ocrx_word' id='word_1_329' title='bbox 1014 4257 1057 4266; x_wconf 95' lang='lat'><em>-</em></span> <span class='ocrx_word' id='word_1_330' title='bbox 1081 4219 1211 4283; x_wconf 78' lang='lat' dir='ltr'>Munna·</span> 
     </span>
     <span class='ocr_line' id='line_1_40' title="bbox 144 4325 1104 4399; baseline 0 -9"><span class='ocrx_word' id='word_1_331' title='bbox 144 4347 273 4399; x_wconf 67' lang='lat' dir='ltr'>Junmun.</span> <span class='ocrx_word' id='word_1_332' title='bbox 288 4347 462 4390; x_wconf 76' lang='lat' dir='ltr'>Dlmrtntlouoe.</span> <span class='ocrx_word' id='word_1_333' title='bbox 493 4349 551 4390; x_wconf 81' lang='lat' dir='ltr'>Tou.</span> <span class='ocrx_word' id='word_1_334' title='bbox 567 4348 594 4390; x_wconf 90' lang='lat'>11.</span> <span class='ocrx_word' id='word_1_335' title='bbox 1069 4325 1104 4378; x_wconf 64' lang='lat'>25</span> 
     </span>
    </p>
   </div>
   <div class='ocr_carea' id='block_1_5' title="bbox 0 0 1455 4800">
    <p class='ocr_par' dir='ltr' id='par_1_5' title="bbox 0 0 1455 4800">
     <span class='ocr_line' id='line_1_41' title="bbox 0 0 1455 4800; baseline 0 0"><span class='ocrx_word' id='word_1_336' title='bbox 0 0 1455 4800; x_wconf 95' lang='lat' dir='ltr'> </span> 
     </span>
    </p>
   </div>
  </div>
 </body>
</html>
