2900 4800
256 435 311 490 roo
615 389 939 490 neamuonorea
958 435 989 489 Ρ.

257 575 458 664 hujusmodi,
483 599 549 642 non
573 587 650 642 sunt
672 577 754 642 haec
773 577 925 642 diversae
945 577 1140 663 voluntatis,
1165 583 1222 648 sed
1246 583 1363 670 dispen-

258 677 395 740 sationis
423 675 640 740 humanitatis
672 684 870 760 assumptae.
925 675 994 740 Ista
1028 678 1117 742 enim
1149 690 1282 766 propter
1310 703 1363 746 nos

258 774 347 838 diota
371 781 457 856 sunt,
481 770 603 859 quibus
627 772 719 838 dedit
742 772 951 858 exemplum,
975 783 1012 838 ut
1035 797 1213 860 sequamur
1236 779 1363 864 vestigia

258 872 345 956 ejus3
369 872 443 956 pius
467 871 624 955 magister
637 869 817 956 discipulos
832 869 995 954 imbuens,
1010 881 1050 936 ut
1070 895 1138 938 non
1160 897 1256 940 suam
1277 897 1363 940 unua

258 970 397 1054 quisque
420 977 578 1050 nostrum,
603 967 662 1034 sed
685 969 795 1054 potius
813 967 951 1034 Domini
977 969 1012 1034 in
1036 971 1191 1038 omnibus
1212 974 1363 1062 praeierat

259 1065 494 1131 voluntatem.“

346 1165 400 1228 33.
428 1163 512 1245 „Via
544 1164 645 1247 igitur
667 1165 759 1246 regia
781 1162 990 1243 incedentes,
1014 1173 1047 1229 et
1071 1166 1296 1252 dextrorsum,
1319 1165 1363 1232 rel

258 1262 478 1326 sinistrorsum
504 1269 698 1325 venatorum
714 1260 848 1346 laqueos
864 1263 1307 1348 circumpositoscvitantes,
1330 1287 1364 1328 ne

258 1359 301 1424 ad
323 1359 470 1445 lapidem
493 1358 612 1445 pedem
645 1367 793 1424 nostrum
818 1359 1043 1444 offendamus,
1066 1360 1247 1444 Idumaeis,
1272 1361 1364 1426 idest

256 1458 396 1522 terrenis
419 1466 519 1542 atque
543 1456 717 1521 haereticis
739 1458 874 1542 propria
887 1455 1126 1544 relinquentes,
1152 1481 1215 1524 neo
1239 1461 1365 1542 vestigio

259 1555 393 1640 quidem
416 1553 511 1640 pedis
534 1577 649 1620 sensus
673 1555 774 1620 nostri
798 1562 935 1636 terram,
960 1555 995 1620 id
1019 1565 1077 1634 est,
1101 1579 1242 1642 pravam
1265 1577 1366 1622 eorum

259 1651 444 1718 doctrinam
467 1653 656 1718 omnimodo
681 1661 877 1736 atterentes,
913 1663 949 1716 ut
971 1653 1015 1718 ad
1038 1653 1088 1736 id,
1111 1675 1177 1744 quo
1202 1654 1365 1726 tendimus,

259 1749 322 1816 hoc
346 1759 404 1831 est,
428 1750 472 1815 ad
486 1750 569 1814 fines
583 1751 707 1836 patrios
721 1752 894 1836 pervenire
910 1751 1073 1838 possimus
1082 1801 1091 1835 ,
1109 1751 1234 1816 ducum
1257 1763 1366 1816 nostru·

259 1869 332 1912 rum
356 1849 473 1913 semita
495 1847 702 1933 gradientem
728 1849 788 1912 etsi
813 1847 896 1912 forte
920 1847 1056 1933 quidam
1080 1848 1314 1930 balbutientes,
1336 1855 1366 1910 ut

259 1947 305 2010 ita
329 1946 456 2028 dicam,
490 1947 553 2010 nisi
587 1955 664 2010 sunt
686 1946 888 2031 proferentes
919 1967 1104 2032 exponere,
1136 1946 1312 2012 formantes
1337 1967 1365 2008 sc
1431 1981 1432 1984 =

259 2044 295 2109 in
318 2044 705 2128 specimen'nutritorum
721 2043 906 2130 (doctorum
923 2043 1061 2131 scilieet)
1075 2055 1110 2110 ut
1132 2055 1267 2130 possent
1288 2063 1381 2116 men,
1431 2065 1432 2084 ι

259 2150 307 2205 tes
330 2140 479 2205 imbuere
502 2140 710 2224 auditorum3
734 2163 800 2206 non
824 2151 951 2227 oportet
974 2141 1056 2208 haee
1079 2143 1123 2207 ad
1147 2142 1302 2228 dogmata
1322 2163 1365 2204 ec·
1431 2213 1432 2218 η

260 2238 441 2304 clesiastica
464 2248 671 2325 retorquere,
696 2261 782 2326 quae
815 2261 921 2326 neque
946 2239 1120 2324 synodales
1143 2243 1257 2325 apices
1279 2259 1365 2322 super

259 2335 322 2400 hoc
345 2339 590 2419 examinantes,
615 2358 723 2422 neque
743 2338 955 2402 auctoritates
980 2339 1160 2403 canonicae
1184 2341 1277 2404 visae
1299 2345 1365 2400 sunt

260 2433 463 2520 explanasse,
489 2444 525 2498 ut
548 2457 648 2499 unam
681 2435 734 2500 vel
759 2434 841 2500 duas
872 2437 1022 2519 energias
1045 2434 1166 2520 aliquis
1188 2447 1365 2521 praesumat

260 2531 382 2598 Christi
406 2533 471 2598 Dei
503 2534 713 2619 praedicare,
746 2554 828 2618 quas
851 2553 959 2618 neque
990 2532 1205 2618 evangelicae
1229 2531 1280 2596 vel
1301 2551 1364 2616 apo
1431 2553 1432 2608 3

260 2631 394 2696 stolieae
417 2630 554 2712 litterae,
579 2653 686 2716 neque
708 2629 876 2715 synodalis
899 2631 1100 2694 examinatio
1125 2653 1226 2716 super
1248 2629 1297 2694 his
1319 2627 1363 2690 ha·
1431 2701 1432 2716 ,

259 2728 347 2811 bita,
373 2731 464 2794 visae
488 2739 565 2794 sunt
588 2730 799 2810 terminasse3
831 2728 895 2792 nisi
923 2727 1088 2808 fortassis,
1119 2729 1206 2792 siout
1238 2726 1364 2814 praefati
1431 2733 1432 2800 t

260 2849 391 2908 sumus,
416 2826 551 2911 quidam
575 2826 687 2914 aliqua
710 2824 925 2890 balbutiendo
955 2825 1155 2906 docuerunt,
1181 2826 1364 2892 condescen-
1431 2879 1432 2920 ,

261 2924 375 2990 dentes
399 2925 442 2990 ad
466 2923 691 2990 informandas
716 2934 841 2988 mentes
857 2933 955 3008 atque
970 2921 1203 3008 intelligentias
1228 2919 1364 3009 porvulo-

259 3043 343 3104 rum,
368 3044 452 3107 quae
476 3023 519 3086 ad
535 3021 758 3088 ecelesiastica
774 3021 929 3105 dogmata
942 3019 1028 3084 trahi
1045 3041 1113 3086 non
1137 3020 1268 3102 debent,
1291 3037 1364 3104 quae
1431 3033 1432 3050 ¹

260 3122 486 3206 unusquisque
519 3122 554 3185 in
586 3141 683 3184 sensu
717 3139 775 3186 suo
806 3118 998 3200 abundans,
1030 3118 1162 3183 videtur
1193 3117 1364 3184 secundum
1431 3107 1432 3124 ¹

260 3219 427 3305 propriam
451 3221 648 3282 sententiam
672 3217 868 3303 explicare.“

349 3317 402 3382 34.
429 3316 533 3400 ,Nam
555 3317 633 3402 quia
647 3315 811 3380 Dominus
828 3315 849 3379 J
852 3337 925 3380 esus
941 3311 1103 3394 Christus,
1120 3311 1227 3377 Filius
1241 3335 1278 3376 ac
1296 3309 1363 3372 Ver·
1431 3349 1432 3390 ι

260 3413 340 3479 bum
363 3414 448 3494 Dei,
472 3435 531 3499 per
554 3433 653 3498 quem
676 3411 764 3476 lacta
787 3421 865 3476 sunt
888 3414 1009 3492 omnia,
1034 3413 1105 3496 ipse
1129 3413 1172 3474 sit
1195 3431 1280 3474 unns
1301 3427 1363 3491 ope·
1431 3443 1432 3456 ι

260 3521 349 3576 rator
371 3511 613 3576 divinitatisat
580 3519 677 3596 atque
701 3509 935 3592 humanitatis,
952 3509 1068 3595 plenae
1092 3519 1168 3572 sunt
1192 3525 1302 3572 sacrae
1322 3501 1363 3566 lit·
1431 3515 1432 3576 t

260 3620 349 3674 terae
372 3607 571 3674 luculentius
602 3605 910 3692 demonstrantem).
959 3607 1077 3672 Utrum
1110 3615 1223 3670 autem
1245 3609 1364 3690 propter

260 3729 360 3792 opera
384 3706 633 3770 divinitatist
601 3715 633 3768 et
663 3703 894 3788 humanitatis,
919 3727 987 3770 una
1016 3727 1059 3768 an
1090 3705 1243 3788 geminae
1265 3717 1361 3784 opera
1431 3729 1432 3820 p

260 3805 366 3870 tiones
390 3804 533 3869 debeant
557 3803 726 3868 derivatae
742 3802 809 3867 dici
829 3801 882 3866 vel
898 3801 1056 3886 intelligi,
1072 3801 1115 3866 ed
1138 3821 1199 3864 nos
1221 3801 1282 3862 ists
1303 3815 1362 3880 per·

261 3904 365 3966 tinere
390 3924 455 3966 non
480 3901 611 3982 debent,
635 3900 858 3985 relinquentes
873 3922 912 3964 ea
927 3901 1169 3985 grammaticis,
1193 3898 1248 3984 qui
1271 3892 1361 3958 solent

336 4131 356 4202 1)
374 4131 417 4185 Ex
436 4135 515 4184 textu
533 4145 644 4199 graeco:
670 4129 748 4185 Uace
764 4134 789 4182 et
807 4127 1110 4196 idmopoanedicina
1124 4120 1358 4190 ctamanoptene.
1431 4039 1432 4110 i

261 4224 355 4264 merae
373 4211 479 4263 litterae
497 4209 645 4264 trementer
662 4209 857 4262 demostraret.
