2900 4800
428 399 542 456 Honorii
561 399 692 469 epistolae
709 401 905 470 expenduntur.
1173 402 1226 458 487

106 544 191 612 nihil
214 543 306 612 alind
329 543 448 626 edicit,
472 544 536 610 nisi
559 543 624 610 illis
639 544 751 610 verbis
773 565 840 612 non
862 544 996 632 probari
1020 543 1223 611 voluntatem

105 642 283 726 rebellem,
307 642 366 709 sed
390 643 551 728 exprimi,
582 642 769 709 voluntaria
796 652 830 710 et
851 642 956 708 libera
980 641 1224 727 dispensatione

104 741 270 828 ejusmodi
293 742 430 807 affectus
452 742 488 806 in
503 739 625 806 Christi
644 740 849 808 humanitate
864 741 1027 806 admissos
1049 741 1163 824 fnisse,
1188 751 1225 804 nt

104 839 204 907 nobis
227 838 416 924 exemplum
439 836 656 925 praeberes).

197 937 250 1004 67.
273 937 328 1003 Ex
351 938 392 1002 iis
416 958 500 1022 qnae
524 935 671 1002 diximus
690 935 840 1020 colliges,
864 937 900 1000 in
922 935 1069 1021 epistolis
1083 936 1223 1002 Honorii
1241 957 1385 1010 mauman

104 1034 190 1100 nihil
214 1035 376 1102 contineri
405 1035 551 1116 erronei,
582 1033 641 1100 sed
664 1033 881 1100 orthodoxam
911 1031 1095 1101 doctrinam
1118 1033 1161 1098 ab
1186 1055 1223 1099 eo
1269 1017 1359 1060 Μ’·

102 1135 262 1219 proponi,
296 1134 449 1220 quamvis
479 1134 706 1198 oeconomiam
736 1131 857 1198 silentii
890 1131 1000 1218 quoad
1023 1132 1224 1198 vocabulum

104 1232 206 1298 unius
239 1229 292 1294 vel
321 1228 464 1316 duplicis
494 1231 694 1315 operationis
726 1229 919 1316 comprobet
950 1240 983 1295 et
1005 1232 1222 1298 commendet.

103 1327 142 1394 Si
166 1349 246 1394 vero
270 1330 452 1414 quaeritur,
486 1328 567 1414 quid
596 1330 779 1414 generatim
812 1327 854 1392 de
885 1349 995 1394 rerum
1018 1330 1224 1415 expositione

105 1427 171 1492 illis
194 1425 341 1513 epistolis
364 1435 519 1492 contenta
533 1425 705 1509 videatur,
719 1425 1053 1492 animadvertendum
1077 1436 1142 1508 est,
1166 1427 1224 1492 du-

104 1525 185 1611 plici
209 1524 270 1590 sub
293 1534 445 1610 respectu
468 1524 599 1590 easdem
616 1546 711 1610 posse
735 1524 946 1592 considerari.
994 1523 1142 1610 Spectari
1167 1527 1224 1590 im-

103 1624 223 1708 primis
245 1631 400 1707 possnnt,
425 1632 587 1708 quatenus
612 1621 846 1688 documentum
875 1625 1079 1688 constituunt
1102 1624 1145 1688 ad
1168 1623 1225 1688 ad-

103 1721 380 1786 ministrationem
402 1741 513 1784 rerum
529 1718 827 1786 ecclesiasticarum
850 1722 1035 1806 pertinens,
1059 1743 1124 1808 qno
1148 1743 1224 1787 con-

101 1820 230 1883 tinetur
252 1819 419 1903 responsio
452 1816 496 1882 ad
520 1839 574 1900 aa,
600 1839 684 1904 quae
706 1841 726 1882 a
750 1817 864 1903 Sergio
888 1819 923 1882 in
946 1819 1016 1883 suis
1037 1818 1153 1884 litteris
1176 1841 1223 1884 re-

100 1915 172 1980 lata
195 1923 298 1980 erant.
344 1915 501 1980 Jamvero
534 1915 703 1980 Honorius
735 1924 768 1980 et
802 1917 859 2002 qui
882 1917 1017 1981 nomine
1040 1917 1111 2002 ejus
1135 1938 1222 2004 mag-

100 2035 166 2078 nas
193 2021 302 2099 partes
334 2009 452 2078 hahuit
479 2014 514 2077 in
547 2012 759 2099 epistolarum
793 2013 1030 2100 compositione
1061 2013 1222 2102 (Joannes

101 2109 223 2197 abbas)
258 2110 350 2177 hand
384 2110 469 2176 bene
500 2119 737 2197 perspexerant
772 2109 918 2176 indolem
952 2111 1122 2176 doctrinae
1158 2133 1223 2178 mo·

100 2208 342 2290 notheleticae,
367 2208 402 2274 in
426 2207 608 2276 Occidente
641 2208 790 2274 nondum
818 2218 931 2285 notae,
956 2231 1041 2297 quae
1064 2233 1084 2274 e
1107 2210 1222 2296 Sergio

101 2305 243 2372 subdole
275 2306 551 2390 promovebatur3
585 2327 647 2372 nec
680 2307 750 2393 ejus
782 2315 868 2374 artes
899 2316 1000 2394 atque
1024 2309 1223 2376 intentiones

100 2413 367 2490 penetraverant.
414 2403 498 2470 Inde
525 2404 649 2470 factum
679 2415 747 2488 est,
780 2415 817 2470 nt
849 2407 885 2470 iu
916 2405 1054 2493 epistola
1082 2406 1222 2472 Honorii

100 2525 171 2568 non
196 2524 235 2567 ea
258 2503 404 2588 praecise
435 2502 645 2584 evolvantur,
670 2525 731 2568 nec
754 2513 908 2568 accurate
942 2514 1152 2591 exponantur
1183 2528 1223 2570 ee

98 2609 229 2686 puncta
252 2600 422 2667 doctrinae
446 2599 647 2682 catholicae,
681 2621 820 2686 quorum
844 2602 1004 2687 expositio
1030 2601 1127 2667 valde
1151 2623 1222 2688 pro·

101 2699 193 2764 ficus
205 2698 336 2782 suisset,
355 2709 392 2764 ut
406 2697 493 2764 illico
505 2697 812 2764 Monotheletismus
824 2709 957 2785 penitus
979 2702 1220 2785 reprimeretur.

99 2797 170 2863 Sed
180 2798 289 2882 potins
304 2796 736 2862 universimlncarnationis
747 2795 940 2878 doctrinam,
954 2797 1166 2864 conformiter
1178 2798 1222 2864 ad

102 2893 246 2960 Consilii
279 2893 560 2960 Chalcedonensis
597 2893 822 2976 definitiones,
859 2895 1027 2986 Honorius
1067 2895 1221 2978 inculcat,

98 2991 267 3078 quaedam
299 2994 407 3077 tangit
434 3001 467 3056 et
499 2994 637 3078 exponit
660 3013 744 3079 quae
777 2993 913 3057 minoris
937 2996 1093 3058 momenti
1117 3005 1222 3077 erant,

98 3111 208 3176 eaque
230 3091 358 3156 ratione
381 3100 419 3154 ut
440 3099 617 3176 appareat,
649 3089 793 3156 indolem
817 3093 1060 3156 controversiae
1083 3101 1116 3158 et
1138 3113 1222 3156 erro·

98 3191 147 3253 ris
170 3209 238 3254 non
259 3187 357 3274 plene
380 3197 586 3274 perspectam
611 3189 642 3252 ei
665 3188 775 3254 fuisse.
817 3189 963 3254 Demum
986 3190 1097 3254 minus
1120 3188 1221 3255 felici·

98 3297 152 3351 ter
174 3287 274 3351 etiam
297 3287 479 3372 acquiescit
502 3285 665 3352 desiderio
681 3286 803 3372 Sergii,
834 3295 995 3374 quantum
1019 3286 1062 3352 ad
1085 3308 1220 3352 cecono-

100 3386 204 3450 miam
238 3383 370 3450 silentii.
416 3383 486 3450 Sub
519 3383 581 3448 hoc
610 3393 762 3470 respectu
796 3385 898 3468 igitur
921 3385 1031 3448 minus
1059 3383 1222 3470 periectas

98 3505 163 3547 nec
186 3482 276 3546 omni
300 3503 437 3546 numero
461 3480 628 3548 absolutas
649 3503 722 3546 esse
746 3503 918 3548 censemus
937 3482 1078 3548 Honorii
1102 3483 1221 3568 episto·

99 3612 309 3624 ..ΜΛ-αι-

177 3695 199 3762 ι)
215 3693 260 3748 Ita
283 3693 386 3762 pariter
407 3693 638 3762 anagninus:
671 3693 726 3760 ,Te
755 3695 944 3764 praesignavit
970 3693 1100 3748 Dominus
1125 3693 1153 3748 in
1171 3709 1224 3748 sna

98 3773 268 3840 infirmitate,
281 3791 334 3828 non
347 3789 389 3838 se;
408 3773 543 3828 nonenim
559 3771 672 3828 timebat
680 3773 810 3828 Dominus
820 3774 891 3842 pati,
905 3774 990 3828 tertia
1001 3774 1044 3830 die
1057 3781 1221 3830 resurrectu-

99 3869 153 3910 rns.
175 3899 180 3910 .
202 3899 207 3910 .
227 3855 301 3922 Ergo
320 3854 414 3908 tristis
432 3852 510 3908 luit?
529 3853 643 3907 Promea
662 3852 762 3919 tristis,
781 3854 827 3908 sed
846 3855 988 3909 voluntate
1006 3855 1154 3924 suscipiens
1173 3856 1222 3910 tri·

96 3934 219 3998 ustitiam,
239 3935 368 4003 quomodo
387 3933 528 3988 voluntate
546 3933 693 4001 suscipiam
713 3949 833 3988 carnem:
854 3933 983 4002 quomodo
1002 3935 1144 3989 voluntate
1163 3949 1220 3989 car·

97 4029 160 4068 nem
184 4029 293 4081 reram,
313 4014 352 4070 sic
369 4014 513 4070 voluntate
530 4011 674 4067 tristitiam
692 4027 792 4067 reram
826 4013 953 4083 sicergo
972 4015 1113 4069 voluntate
1131 4019 1221 4070 osten·

98 4093 141 4149 dit
169 4094 197 4149 in
215 4111 257 4160 se,
283 4099 315 4150 nt
333 4095 356 4149 si
375 4094 446 4150 forte
465 4092 629 4161 subrepserit
653 4091 705 4147 tihi
723 4092 840 4148 humana
857 4091 1011 4160 infirmitas,
1030 4135 1037 4150 .
1057 4137 1063 4150 .
1084 4093 1222 4164 dirigatur

97 4174 127 4228 in
148 4175 233 4230 Deum
251 4192 296 4231 cor
314 4179 417 4232 tuum⁸⁴
457 4175 490 4228 In
509 4174 553 4230 Ps.
572 4175 614 4228 93.
633 4189 660 4228 m
681 4175 723 4230 19.
