2810 4846
518 467 544 525 S.
563 468 730 524 dumtasim
1126 468 1179 522 soc

78 620 220 676 amum
244 610 375 692 dixerit,
398 620 432 676 et
454 609 604 696 pluribus
624 611 778 677 laudibus
802 609 1029 692 cumulaverit,
1053 621 1090 674 ut
1112 613 1179 676 sni·

80 709 251 774 madvertit
272 709 435 774 Batonius
457 731 487 773 a.
511 710 587 774 397.
634 707 718 774 Cum
750 729 827 792 ergo
851 707 933 772 baec
955 707 1086 774 Paulini
1110 731 1180 773 san·

78 809 158 872 titsti
181 827 248 871 non
272 805 446 888 obfuerint,
472 829 513 870 ex
536 806 651 872 eodem
674 809 781 892 capite
804 827 889 891 quae
908 805 1070 870 Boionius
1092 815 1180 870 nota-

79 906 123 968 vit
143 903 254 970 Siricii
276 905 442 970 sanctitati
465 925 532 968 non
555 904 740 970 damnans
776 955 784 970 .
818 902 982 983 ‚Quibus
1004 902 1099 986 addo,
1124 905 1181 966 mi·
1317 965 1321 974 ,

78 1023 145 1066 rum
169 1021 238 1066 non
260 1001 366 1067 videri
390 1001 520 1084 debere,
537 1003 623 1088 quod
638 1001 775 1068 Siricius
798 1001 898 1066 tidem
920 999 1110 1066 adbibuerit
1129 1002 1180 1083 iis,

79 1119 158 1184 quae
193 1109 307 1164 contra
341 1099 374 1166 S.
408 1099 585 1166 Paulinum
620 1111 651 1164 et
681 1101 716 1167 S.
740 1101 982 1184 Hieronymum
1004 1121 1024 1162 a
1055 1097 1182 1162 clericis

78 1197 230 1262 Romame
244 1196 449 1278 dicebantur,
473 1194 526 1261 vel
550 1219 569 1262 e
591 1207 724 1279 contra3
747 1221 822 1264 oum
845 1206 977 1261 sanctus
994 1195 1182 1260 Bernardus

79 1291 328 1361 claravallensis
350 1294 478 1376 Abbas,
501 1296 594 1380 cujus
610 1303 701 1360 tanta
715 1295 779 1360 fuit
800 1295 999 1358 existimatio
1022 1292 1114 1379 apud
1136 1315 1182 1358 re-

77 1411 129 1474 ges
162 1401 197 1456 et
231 1413 374 1456 summos
397 1391 583 1472 Pontifices,
619 1394 810 1458 innocenter
839 1391 1026 1456 adhaeserit
1047 1392 1182 1456 factioni

79 1497 187 1552 conus
214 1488 248 1554 S.
281 1488 482 1554 Gulielmum
507 1488 645 1554 electum
679 1497 711 1554 et
734 1499 960 1554 consecratum
993 1491 1183 1575 episcopum
1233 1561 1236 1567 ,

79 1585 327 1669 liborecensern,
351 1609 449 1672 quem
473 1609 524 1672 ep.
548 1588 613 1654 234
630 1588 752 1652 idolum
765 1588 970 1666 Εὸοναοεηεο,
993 1599 1026 1650 et
1048 1609 1099 1672 ep.
1119 1587 1184 1651 360

74 1694 190 1768 pestem
225 1705 411 1750 comeum
444 1683 597 1769 appellat,
632 1687 711 1770 quia
745 1687 856 1769 magni
889 1707 929 1748 ao
957 1685 1096 1769 piissimi
1120 1687 1184 1750 viri

79 1780 164 1846 falsis
187 1779 402 1846 relationibus
435 1781 632 1867 quandoque
664 1782 884 1868 decipiuntur.
930 1781 996 1846 Sed
1018 1783 1103 1845 sicut
1126 1783 1185 1846 cri·

80 1878 274 1944 minutiones
305 1878 465 1946 adventu
486 1877 689 1944 Gulielmum
710 1880 953 1944 Eboraoensem
981 1879 1185 1962 excogitatae

78 1997 139 2040 uon
163 1975 331 2057 obstitere,
355 1979 530 2062 quominus
554 1977 720 2042 Honorius
742 1977 794 2042 III
826 1999 901 2042 eum
925 1983 1111 2040 sanctorum
1134 1998 1185 2042 ca-

79 2072 182 2158 talogo
207 2073 420 2156 adscriberet,
444 2076 491 2139 ita
514 2075 703 2154 dicendum,
726 2077 847 2160 scripta
870 2099 890 2139 a
913 2085 1024 2138 saneto
1046 2073 1185 2140 Paulino

79 2173 110 2236 in
132 2171 290 2238 Siricium
313 2172 384 2258 ejus
406 2173 572 2238 sanctitati
595 2195 803 2259 nequaquam
827 2171 998 2237 obfuisse.“

162 2270 344 2354 Postquam
363 2268 502 2336 Siricius
524 2293 583 2356 pro
606 2271 670 2335 lide
694 2281 728 2334 et
748 2291 807 2356 pro
832 2269 1038 2334 eradicandis
1060 2269 1187 2354 gentili-

84 2369 155 2432 tatis
178 2365 338 2454 reliquiis,
362 2390 382 2432 a
404 2367 588 2434 Theodosio
620 2369 741 2453 Magno
773 2366 845 2452 lege
867 2369 1040 2453 impetrata
1062 2377 1100 2430 ut
1119 2367 1187 2434 ido·

14 2477 15 2552 ᾗ
79 2461 179 2530 lorum
203 2465 283 2530 fana
296 2465 419 2530 Romae
443 2465 695 2547 destruerentur,
718 2465 897 2550 plurimum
921 2464 1120 2547 desudasset,
1143 2466 1187 2532 ed

14 2557 15 2630 ζ
82 2561 186 2626 Deum
210 2564 342 2628 transiit
364 2563 427 2650 (uti
450 2563 594 2650 videtur)
619 2564 672 2628 die
691 2565 852 2649 vigesima
875 2573 968 2628 sexta
992 2565 1114 2626 mensis
1124 2563 1187 2626 No-

14 2647 15 2736 s
81 2659 225 2726 cambris
247 2661 326 2726 anni
348 2661 430 2743 398,
454 2660 498 2726 ad
530 2683 628 2748 quem
660 2661 747 2726 diem
777 2658 925 2745 pluribus
948 2660 1187 2745 martyrologiis

14 2839 15 2846 ἵ
83 2756 311 2844 inscribitur1).

14 2857 15 2860 ’
165 2856 219 2921 19.
242 2855 275 2920 Α
291 2857 496 2922 nastusi
513 2878 565 2920 us
587 2857 626 2922 R.
649 2857 686 2922 P.
711 2879 740 2922 a.
765 2856 951 2922 398-401.
987 2853 1131 2920 &aedit
1152 2856 1188 2919 iu
1207 2869 1340 2912 suumn.

82 2952 307 3036 Pontificum,
341 2952 456 3018 scribit
488 2951 522 3018 S.
551 2953 785 3038 Hieronymus,
819 2955 954 3038 iusiyuis
985 2952 1186 3034 Anastasius,

82 3071 164 3132 ouem
187 3051 246 3114 dia
267 3052 371 3114 Rocsa
391 3050 503 3114 omae
525 3073 588 3114 acu
618 3053 741 3130 meruit,
763 3075 804 3116 ue
825 3052 909 3115 orbis
932 3061 1027 3135 copul
1049 3048 1104 3113 sub
1128 3049 1188 3114 tuli

83 3147 225 3233 episeopo
249 3158 467 3227 mucorem,
488 3150 551 3212 imo
563 3149 681 3214 idcirco
694 3159 807 3235 raptus
821 3160 911 3235 utqsoe
936 3147 1110 3212 translatus
1133 3156 1187 3226 est,

83 3264 116 3306 ao
137 3243 233 3308 eamd
255 3243 355 3308 latura
378 3247 561 3309 cocuntium
580 3246 727 3332 precibus
753 3248 819 3311 sssa‘s
839 3247 958 3325 flectere
981 3242 1187 3330 conareturl).

84 3339 147 3404 Sub
170 3344 243 3428 ipso
265 3341 337 3406 lites
362 3341 402 3408 de
417 3343 560 3427 Origene
584 3343 720 3429 ejusque
731 3343 824 3408 libris
846 3343 956 3408 adhuc
970 3343 1076 3425 magis
1098 3342 1188 3405 effer·

84 3435 189 3504 buese.
237 3437 270 3504 S.
294 3439 517 3524 Hieronymus
550 3440 662 3506 Rufini
697 3441 998 3526 interpretationem
1029 3438 1188 3504 librorum
1205 3459 1348 3512 cussanus.

84 3533 281 3602 Periarchon
302 3538 338 3604 in
361 3537 498 3624 epistole
521 3537 564 3602 ad
578 3538 829 3604 Pammachium
853 3547 886 3602 et
899 3537 1070 3603 Oceanum
1093 3535 1189 3601 vehe-

86 3644 207 3698 menter
220 3637 378 3719 ocarguit,
402 3658 443 3701 ac
465 3637 580 3700 merito
595 3635 739 3720 quidem,
764 3657 865 3722 quum
879 3635 1018 3700 Rufinus
1041 3636 1076 3698 in
1099 3655 1189 3718 prae·

85 3728 204 3798 satione
226 3729 260 3798 S.
275 3732 517 3817 Hieronymum
541 3745 576 3796 ut
599 3735 763 3819 insignem
786 3735 1017 3799 admiratorem
1036 3732 1189 3816 Origcnis

85 3827 261 3912 exhiberet,
285 3851 389 3916 eaque
411 3841 481 3896 arte
504 3833 730 3896 auctoritatem
759 3831 916 3896 doctrinis
940 3831 1092 3916 Origenis
1115 3849 1189 3894 con·

85 3923 193 3990 oiliare
216 3926 394 3994 videretur.
432 3929 580 3994 Alteram
603 3927 773 4014 epistolam
787 3930 1010 4012 Hieronymus
1033 3926 1124 3992 dedit
1147 3927 1189 3990 ad

85 4039 292 4052 -ι-η-...ι-ῄ--ψ

157 4083 238 4154 ¹)Ex
256 4085 447 4156 martyrologio
472 4085 590 4140 Romano
619 4085 706 4141 Sirieii
733 4103 828 4141 nomon
855 4090 1022 4154 expunxerut
1048 4080 1189 4148 Boronius,

87 4161 128 4216 sed
144 4161 308 4219 Benedictus
327 4163 392 4219 XIV
410 4165 477 4220 illud
495 4168 529 4220 ad
547 4167 571 4220 d.
590 4169 625 4221 26
643 4167 799 4222 Novembris
817 4165 947 4222 restituit.

155 4245 574 4315 'lllpimltiadPrinoiplm
