2810 4846
394 449 567 516 nocemus
587 443 776 526 mussitant.
1088 445 1141 515 int

54 598 183 682 saedere,
207 599 355 692 hujusque
371 601 538 689 praeclari
559 615 725 668 conventus
748 625 811 668 esse
827 605 1014 690 participes.
1057 603 1140 678 Qrta·

50 712 159 786 propter
180 701 321 787 equidem
343 702 450 766 hortor
471 725 613 787 roqoque,
634 713 669 766 ut
677 703 773 788 prius
795 699 987 786 confessione
1011 726 1048 766 oe
1065 726 1141 788 poe-

53 801 165 862 nitentia
188 797 321 884 aliisque
343 800 490 864 remediis
513 800 654 864 ommibus
676 822 740 864 sese
764 823 785 862 a
802 809 931 884 peccato
955 823 994 863 ecc
1017 801 1141 864 theatri·

52 897 84 958 cis
102 896 284 982 spectandis
297 907 453 962 contracto
462 908 667 984 perpurqent,
686 909 778 984 atquc
791 899 839 960 ita
862 897 985 960 diuinas
1008 897 1143 962 audiant

52 1015 192 1058 urnwnes.
216 1031 262 1044 -··
286 992 354 1060 cfr.
378 996 476 1058 stiam
499 995 551 1058 De
585 1016 682 1059 arnse
710 1003 743 1058 et
764 993 889 1058 latrone
913 994 999 1060 hom.
1023 995 1084 1060 III.
1109 1019 1140 1062 n.

51 1091 80 1153 3:
99 1089 237 1177 Scipmm
253 1093 345 1176 quasi
358 1094 514 1176 comiqens
538 1090 647 1178 Oeno)
672 1091 807 1182 adjecit:
832 1093 902 1156 Nos
917 1093 1141 1182 quidemjuste,

51 1211 107 1252 nam
126 1189 224 1272 diqna
239 1189 343 1274 factis
371 1190 546 1275 recipimus.
600 1189 693 1254 Vides
724 1189 947 1274 confessionem
969 1191 1144 1276 perfectam

52 1289 76 1348 in
94 1309 186 1365 auce,
209 1285 298 1350 oidcs
320 1286 469 1371 quomodo
485 1287 532 1350 tris
553 1287 797 1373 veniispoocata
820 1284 939 1369 eluerit,
963 1289 1050 1352 uides
1071 1311 1143 1374 quo-

52 1385 122 1448 nodo
141 1385 358 1471 propheticum
379 1383 463 1448 illud
484 1387 633 1450 monitum
661 1384 854 1471 impleverit:
876 1385 938 1448 Dic
955 1387 1050 1471 prius
1074 1398 1145 1450 treas

52 1473 225 1568 iniquitates,
238 1492 274 1546 ut
289 1481 498 1571 justificer-im
520 1505 607 1546 nemo
622 1482 712 1546 iilum
734 1483 841 1568 coepte,
864 1504 952 1546 nemo
977 1485 1144 1564 accusauit,

52 1603 120 1644 senso
141 1581 281 1659 iustitit;
302 1580 370 1666 ipse
394 1582 446 1644 sni
467 1582 568 1666 ipsius
582 1581 625 1665 fit
648 1591 821 1659 acmantor,
846 1604 909 1666 qua
931 1580 969 1644 de
992 1605 1088 1646 causa
1110 1584 1145 1646 in

48 1677 298 1761 portentuosum·
329 1689 509 1742 accusatore
540 1680 652 1742 caruit.
700 1678 903 1743 Antevertens
936 1680 1017 1742 enim
1033 1691 1145 1765 partes

52 1777 226 1840 aasuatoris
258 1775 319 1840 sibi
350 1777 491 1861 sempsit,
524 1786 554 1840 et
576 1779 712 1862 somnum
734 1776 803 1860 quis
832 1785 910 1840 esset
926 1775 1051 1861 publice
1069 1799 1145 1863 pro-

52 1873 117 1936 didit
136 1876 187 1938 itis
208 1872 330 1937 uubis:
354 1873 424 1938 Nos
439 1878 535 1961 juste,
559 1897 633 1938 nam
656 1874 754 1959 dique
767 1872 872 1957 foetis
894 1875 1075 1959 recipimus;
1098 1875 1146 1937 tic

53 1995 106 2036 sero
126 1969 209 2036 nttit
230 1971 310 2036 maii
332 1974 401 2058 eqit.
455 1971 548 2036 Vides
571 1971 775 2036 reverentiam
798 1970 886 2056 ionqe
909 1967 1029 2056 lateque
1053 1969 1146 2057 diffu-

52 2091 111 2132 som
160 2068 296 2143 Quando
318 2071 454 2156 seipsum
468 2081 641 2148 accusarat,
657 2068 781 2155 quando
797 2091 918 2132 aroana
934 2069 1075 2153 pectoris
1097 2069 1148 2132 sui

53 2177 282 2255 aprmpserat,
306 2167 431 2252 meando
459 2189 521 2252 pra
545 2168 680 2232 Domino
713 2165 925 2251 dffsnsionem
945 2166 1148 2248 instituerat:

53 2265 239 2352 sicquidem
255 2269 352 2354 jreste,
375 2265 422 2328 tie
445 2285 516 2328 uera
540 2265 619 2328 nihil
641 2263 720 2327 mali
743 2265 821 2350 sqit;
845 2273 916 2326 tunc
938 2274 968 2326 et
990 2261 1147 2350 supplica·

54 2363 148 2426 ionem
172 2361 285 2447 offerre
308 2383 403 2426 ausus
418 2361 490 2446 fuit
511 2363 559 2426 itis
581 2361 702 2426 serbis:
732 2361 887 2426 Memento
910 2364 979 2440 mei,
1003 2363 1147 2440 Domine,

54 2483 106 2522 eum
126 2461 248 2523 ocrmms
269 2460 306 2522 in
336 2482 462 2545 reqnum
486 2469 578 2534 tuum.
614 2460 691 2524 Nan
714 2482 809 2522 ausus
824 2459 896 2544 fuit
912 2461 1007 2546 prius
1032 2460 1148 2524 dicem:

55 2557 193 2622 Messenio
216 2559 286 2636 mei,
311 2556 509 2642 quoadusque
535 2579 598 2642 per
627 2555 850 2642 confessionem
874 2578 938 2620 sese
962 2581 982 2620 a
1004 2557 1148 2620 sordibus

51 2667 233 2736 peecatorum
265 2655 467 2740 eupnrqaoit,
506 2653 703 2738 quoadusque
743 2676 774 2716 se
796 2653 900 2739 ipsum
931 2655 1148 2732 condemnans,

50 2755 151 2836 mmm
181 2762 212 2817 ct
243 2753 435 2816 innocentem
465 2750 574 2838 effecit,
607 2751 805 2838 quoadusque
828 2775 890 2837 per
923 2755 1150 2816 acmesationcm

55 2849 154 2916 edera
178 2850 332 2936 deposuit.
385 2849 488 2929 Vides,
513 2861 661 2936 quantum
678 2849 783 2935 possit
815 2846 968 2933 confessio
998 2851 1093 2913 etiam
1115 2853 1150 2915 in

55 2949 113 3032 ipso
134 2949 243 3014 cruce?
288 2947 377 3012 Haec
401 2947 547 3026 audiens,
572 2949 746 3026 carissime,
778 2971 816 3010 ne
840 2947 984 3032 demeres
1008 2948 1149 3032 teipsum,

55 3047 98 3108 sed
117 3047 275 3132 infinitam
298 3045 424 3110 diuinae
449 3045 649 3132 beniqnitatis
672 3045 918 3131 maquitudinem
941 3055 1038 3108 tecum
1059 3069 1150 3132 repu-

55 3153 113 3208 tans
127 3167 284 3232 properes
307 3143 350 3208 ad
373 3143 618 3208 emendationem
634 3153 844 3229 peccatorum.
892 3139 930 3205 Si
952 3144 1033 3206 enim
1056 3143 1151 3206 latro-

55 3264 109 3306 nem
130 3246 163 3306 in
187 3265 275 3306 erum
300 3251 387 3306 tanto
410 3241 522 3304 honore
543 3241 691 3326 diqnatus
708 3250 761 3319 cst,
785 3238 881 3304 multo
903 3243 1003 3327 rtaqis
1025 3263 1082 3305 nos
1104 3243 1151 3306 in·

54 3341 105 3404 sita
125 3365 183 3406 sua
197 3339 385 3426 beniqnitate
400 3338 592 3424 diqnabitur,
610 3340 638 3402 si
653 3337 840 3402 uoluerimus
857 3349 1059 3423 peccatorum
1082 3360 1151 3401 eon·

47 3435 207 3518 sessionem
228 3439 399 3502 instituere.
452 3435 492 3501 Ut
519 3437 617 3521 iqitur
644 3446 673 3499 et
703 3458 760 3500 nos
783 3435 971 3522 beniqnitate
996 3439 1062 3524 ejus
1081 3457 1152 3521 per-

49 3535 196 3618 fruamur,
216 3546 349 3624 peccata
376 3535 513 3622 propria
536 3533 677 3620 confiteri
702 3555 740 3596 ne
764 3533 984 3596 erubescamus.
1032 3532 1153 3618 Maqna

55 3634 123 3698 enim
154 3633 359 3720 consessionis
389 3633 437 3698 vis
459 3642 505 3696 cst
533 3641 562 3696 et
585 3631 684 3695 multo
701 3631 856 3718 potentia.
897 3668 940 3676 —
981 3628 1153 3694 Addamus

55 3743 202 3813 pstremo
227 3753 266 3796 se
296 3753 380 3818 quea
411 3729 492 3794 dicit
516 3727 767 3813 Chrysostomus
800 3730 834 3792 in
863 3726 1006 3792 homiliis
1030 3728 1064 3792 in
1088 3727 1153 3812 spi-

56 3827 159 3896 stolnm
181 3829 224 3894 ad
249 3829 428 3912 Hebraeos,
462 3851 543 3914 quus
567 3850 596 3893 a.
630 3827 693 3891 392
718 3825 1001 3910 Constantinopoli
1025 3825 1153 3889 habuit.

56 3919 141 3994 Hom.
165 3928 226 3994 IX.
250 3951 282 3992 n.
306 3929 327 3992 4
351 3929 415 3992 ait:
457 3925 541 4001 Quid
569 3948 650 4012 erqo,
668 3925 779 4011 inquit,
802 3947 865 3987 non
880 3934 924 3987 est
938 3923 1155 4010 poenitentia?

56 4037 93 4088 est
109 4029 304 4114 poenitentia
327 4025 458 4112 quidem,
476 4036 509 4088 at
525 4047 595 4089 uero
610 4047 673 4086 non
689 4034 734 4087 est
748 4022 914 4085 secundum
937 4021 1102 4108 baptisma.
1120 4068 1152 4084 ..

59 4123 228 4213 Cuiusmodi
250 4148 320 4212 erqo
353 4135 397 4188 cst
421 4123 683 4188 medicamentum
701 4121 924 4207 poeniteutiae,
954 4129 983 4182 et
1006 4116 1155 4204 quamodo

57 4225 226 4308 conficitur?
250 4224 388 4287 Primum
411 4233 456 4286 est
478 4245 518 4286 eae
538 4243 663 4285 snorum
680 4230 880 4305 peccatorum
902 4215 1156 4281 condemnatione

94 4361 219 4412 sum
233 4361 406 4404 nmmum
437 4359 496 4402 nom.
513 4357 538 4400 11.
1018 4332 1051 4386 12
