2874 4812
227 453 280 504 368
505 450 546 506 De
564 448 716 506 Arianismo
734 465 765 504 ae
782 450 816 505 de
834 450 913 506 Ocno
931 449 1057 509 Nicaeno.

227 605 389 681 spectatas
413 598 522 658 minus
551 605 645 680 aptas
668 595 769 657 fuisse
792 617 831 658 ac
855 594 1019 676 duriores3
1053 596 1130 660 inde
1156 607 1271 682 postea
1300 601 1351 662 uti

227 695 298 757 fieri
322 691 412 775 solet,
428 693 545 756 Ariani
569 693 775 756 occasionem
799 693 888 755 nacti
912 701 997 774 sunt,
1022 702 1058 756 ut
1081 693 1124 758 ad
1143 695 1351 780 Dionysium

227 799 454 878 provocarent.
499 789 576 875 Ipse
603 788 745 852 Basilius
768 811 835 853 non
863 791 1034 854 contentae
1053 794 1253 876 pravitatem
1275 791 1352 856 Alc-

227 889 391 954 xandrino
419 887 593 970 adscribit3
619 887 706 950 unde
730 889 829 951 etiam
853 908 938 972 quae
963 888 1002 952 de
1028 888 1178 953 doctrina
1202 889 1297 970 dicit,
1324 892 1350 954 si

227 987 270 1052 ad
293 987 450 1051 trutinam
473 994 681 1066 revocantur,
706 986 837 1048 nonnisi
869 986 903 1048 in
928 985 1197 1070 expressionibus
1222 987 1352 1072 Diony-

228 1088 266 1150 sii
300 1085 467 1169 abruptim
500 1084 639 1167 sumptis
670 1081 924 1146 fundamentum
957 1082 1090 1148 habent.
1136 1083 1277 1166 Ariani,
1303 1087 1350 1148 uti

229 1183 388 1264 diximus,
419 1181 462 1244 ad
486 1178 575 1244 illum
602 1181 794 1265 episcopum
818 1179 1084 1244 Alexandrinum
1108 1183 1352 1266 provocabant,

229 1279 292 1344 illis
316 1277 582 1364 expressionibus
614 1269 854 1360 abutebantur,
877 1287 921 1364 *et
952 1277 1123 1342 catholicis
1155 1279 1353 1343 doctoribus

229 1379 291 1442 hac
315 1379 441 1441 ratione
464 1376 646 1439 molestiam
671 1373 837 1440 creabant.
876 1375 1058 1438 Hinc=iieri
1082 1377 1199 1461 potuit,
1227 1387 1265 1441 ut
1289 1377 1351 1441 Bu·

210 1476 321 1539 *silius
345 1474 478 1557 diceret,
506 1474 632 1536 semina
661 1469 762 1536 falsae
793 1472 962 1536 doctrinae
985 1474 1020 1537 in
1044 1494 1082 1536 eo
1106 1473 1232 1556 adesse,
1258 1497 1353 1561 prae-

229 1574 340 1636 sertim
365 1593 467 1656 quum
490 1569 648 1633 scriberet
670 1570 714 1633 ad
737 1571 846 1634 virum
878 1569 1000 1634 laicum
1024 1571 1272 1656 philosophum,
1300 1573 1353 1635 cui

230 1671 325 1734 lectio
349 1689 484 1754 operum
507 1669 661 1752 Dionysii
685 1666 869 1752 periculosa
892 1691 962 1732 esse
985 1677 1123 1754 poterat.
1169 1667 1353 1732 Caetemm

230 1791 308 1854 prae
332 1766 485 1830 manibus
507 1775 587 1829 tunc
611 1787 676 1829 non
708 1763 855 1828 habehat
880 1765 937 1829 illa
960 1767 1098 1851 scripta,
1122 1775 1154 1829 et
1177 1787 1217 1829 ec
1243 1769 1355 1850 magis

225 1867 390 1952 judicium
423 1865 494 1950 ejus
526 1863 734 1927 referendum
767 1871 816 1925 est
847 1862 889 1926 ad
922 1865 1100 1926 sententias
1132 1861 1299 1950 abruptas
1323 1873 1355 1927 ct

231 1963 342 2042 verba,
367 1962 488 2048 quibus
512 1961 629 2024 Ariani
658 1959 880 2023 abutebantur
909 1981 1060 2046 quaeque
1082 1961 1117 2023 in
1141 1960 1262 2025 Basilii
1290 1985 1354 2026 mc·
1424 1999 1425 2022 t

231 2064 333 2127 moria
367 2059 602 2140 versabantur,
636 2079 702 2122 non
735 2079 813 2120 vero
846 2056 889 2121 ad
922 2057 1131 2143 complexum
1165 2058 1353 2124 doctrinae.
1424 2043 1425 2054 ἵ

231 2161 342 2240 Quum
376 2159 596 2242 conqueritur,
636 2153 902 2218 consubstantiale
935 2154 1103 2218 sustulisse
1135 2155 1354 2240 Dionysium,

231 2258 375 2321 vidimus
403 2257 473 2340 jam
506 2255 604 2317 unice
636 2255 690 2336 agi
723 2239 765 2316 de'
796 2273 897 2334 voce,
923 2273 1022 2336 quam
1055 2273 1121 2315 non
1149 2251 1355 2318 adhibuerat

230 2356 421 2438 Dionysius,
447 2353 599 2438 quamvis
615 2371 688 2414 eam
709 2349 877 2431 adhibere,
893 2351 941 2413 uti
955 2371 1025 2413 rem
1048 2351 1155 2435 ipsam
1179 2349 1354 2432 docuerat,

231 2454 340 2517 statim
356 2451 607 2536 paratusfuerit.
633 2446 838 2528 Quaerclate
848 2446 891 2510 ad
902 2447 1060 2532 Spiritum
1072 2446 1233 2512 Sanctum
1246 2448 1282 2514 S.
1295 2449 1355 2514 Ba·
1425 2469 1426 2512 i

201 2585 209 2598 ·
231 2551 323 2614 silius
333 2551 485 2631 advertit,
497 2549 620 2633 pariter
634 2568 700 2609 non
714 2547 778 2609 nisi
793 2544 834 2608 de
853 2543 1002 2629 abruptis
1017 2543 1292 2630 expressionibus
1309 2549 1355 2610 in·

231 2647 332 2733 tolligi
344 2655 489 2732 possunt.
514 2644 690 2710 Caeterum
705 2644 739 2707 in
751 2641 852 2705 Libro
868 2641 908 2705 de
919 2642 1044 2727 Spiritu
1054 2641 1176 2707 Sancto
1188 2665 1217 2708 c.
1228 2643 1354 2709 XXIX

232 2745 299 2832 (vel
322 2769 354 2810 n.
381 2743 436 2830 72)
469 2743 501 2809 S.
526 2740 668 2806 Basilius
700 2743 799 2804 etiam
830 2738 873 2804 ad
896 2740 1095 2824 Dionysium
1118 2751 1295 2823 provocat,
1320 2753 1355 2804 ut

232 2842 391 2923 ostendat,
417 2840 599 2905 secundum
623 2840 794 2924 antiquam
813 2836 996 2901 doctrinam
1019 2835 1198 2921 glorificari
1216 2838 1353 2904 Patrem

231 2953 263 3006 et
288 2939 409 3006 Filium
433 2963 500 3003 earn
523 2939 648 3024 Spiritu
672 2937 803 3018 Sancto,
833 2945 865 2998 et
888 2934 1083 2999 Trinitatem
1107 2953 1173 2998 non
1199 2935 1355 3000 dividen-

407 3047 417 3084 l

231 3042 307 3105 dam
322 3037 496 3202 legleBiievi
520 3143 694 3220 postquam
715 3131 898 3216 Dionysius
916 3129 955 3194 R.
968 3129 1006 3194 P.
1021 3128 1144 3192 Romae
1170 3131 1351 3196 concilium

78 3181 150 3272 pun·
191 3191 200 3199 -
230 3237 347 3302 habuit
370 3235 413 3323 (a.
438 3231 528 3318 263,)
560 3241 593 3296 et
614 3231 714 3294 fidem
738 3227 955 3294 orthodoxam
978 3235 1046 3290 tam
1069 3224 1258 3290 luculenter
1282 3251 1353 3316 pro-

231 3338 349 3421 posuit,
379 3334 486 3397 aerior
515 3330 639 3394 exarsit
668 3327 867 3392 Antioohiae
894 3327 929 3389 in
952 3323 1050 3408 Syria
1073 3328 1292 3390 coaaouerda
1317 3327 1354 3390 oh

229 3435 380 3497 lacereeim
404 3430 500 3496 Pauli
516 3428 723 3506 Samosateai,
750 3427 806 3512 qui
830 3433 900 3488 erat
920 3424 1093 3508 opiscopus
1107 3417 1353 3490 Antiochenus.

230 3533 353 3596 Docuit
376 3539 486 3594 autem
519 3529 580 3590 iste
603 3522 738 3590 Praesul
769 3523 931 3587 haeresim
956 3515 1162 3585 sabellianae
1195 3521 1353 3591 similem.

232 3628 386 3693 videlicet
418 3649 500 3696 non,
516 3647 585 3688 esse
618 3624 680 3687 nisi
712 3624 844 3686 unicam
871 3637 1045 3705 personam
1078 3613 1231 3680 divinam
1266 3641 1353 3705 quae

231 3730 263 3792 in
288 3725 465 3812 Scripturis
488 3725 586 3787 Pater
609 3731 764 3802 vocetur3
788 3717 936 3782 Verbum
960 3737 1017 3778 seu
1041 3710 1163 3776 Filium
1187 3736 1256 3780 non
1282 3741 1353 3782 esse

230 3845 413 3912 personam,
439 3821 496 3886 sed
520 3822 582 3884 Dei
608 3819 804 3904 sapientiam
829 3837 885 3879 seu
910 3815 1080 3890 rationem,
1105 3829 1190 3894 quae
1215 3815 1264 3877 ita
1279 3813 1352 3878 Deo

230 3925 317 4004 insit,
351 3922 447 3986 sicuti
480 3921 563 3983 ratio
596 3919 681 3981 inest
713 3915 858 3995 homiui3
896 3913 1012 3978 Jesum
1046 3905 1213 3977 Christum
1247 3912 1352 3980 fuisse

231 4043 356 4086 merum
381 4019 562 4098 hominem,
587 4016 737 4100 quitum
768 4011 871 4076 solum
896 4013 1035 4074 existere
1059 4012 1219 4096 coeperit,
1245 4031 1350 4096 quum

305 4235 326 4302 ¹)
345 4231 385 4285 Da
404 4231 534 4299 Dionysio
552 4229 629 4286 Alex.
650 4227 711 4283 vide
729 4228 812 4282 etiam
825 4225 953 4282 Wcuters
965 4225 1078 4280 Dissert
1089 4223 1165 4278 Toni.
1182 4221 1205 4276 1.
1219 4223 1294 4278 Dias
1307 4223 1349 4276 41.
