2900 4800
241 469 296 522 428
616 469 655 524 De
673 485 755 524 eausa
773 468 886 524 Honorii
905 469 937 526 R.
957 470 987 526 P.

241 611 286 676 ad
310 611 412 676 Verbi
437 613 672 697 operationem.
719 611 818 692 Quod
848 615 994 700 apertius
1022 617 1181 702 exprimit
1203 613 1367 681 dicendo:

247 709 406 796 Operatur
436 711 551 797 quippe
579 733 650 774 uere
673 711 777 776 deitas
794 733 857 797 par
886 733 1017 798 eorpus,
1046 714 1239 800 quodcirca
1263 716 1368 801 ipram

242 819 308 886 eet,
331 818 367 872 at
390 811 432 874 eit
452 810 560 874 oarrrie
583 809 707 894 quidem
724 811 836 894 passio
847 857 857 888 ,
881 810 946 874 Dei
968 819 1071 875 uatem
1094 813 1250 898 operatio.
1277 812 1367 876 Dum

245 927 323 969 vero
346 905 443 970 affert
465 905 568 970 verba
591 906 625 972 S.
638 907 775 972 Leonis:
800 907 876 994 Agit
905 910 988 973 emim
1014 919 1146 996 amoqm
1161 911 1278 996 sermo
1303 933 1369 973 eum

243 1003 377 1068 alterim
400 1006 610 1068 communione
633 1005 716 1091 qrsod
730 1008 898 1092 propriam
911 1006 1019 1085 tator,
1042 1006 1125 1072 haec
1147 1007 1255 1072 verba
1280 1015 1368 1070 certo

243 1111 353 1166 mente
377 1123 436 1166 sua
459 1101 503 1166 ad
527 1123 698 1168 erroneam
722 1103 907 1168 doctrinam
931 1105 1179 1191 contorquebat.

331 1199 385 1266 58.
410 1199 578 1264 Honorius
601 1203 641 1264 2⁰
664 1202 774 1286 quoad
807 1202 934 1266 modum
965 1202 1115 1288 loquendi
1137 1203 1370 1290 comprobavit

181 1368 186 1378 ‚
245 1297 418 1362 eonsilium
433 1297 550 1382 Sergii.
576 1299 665 1380 Quia
679 1297 769 1364 haud
785 1301 864 1364 sutis
876 1299 1097 1384 cognoscebat
1111 1299 1204 1365 illam
1218 1301 1370 1386 agitatio-

244 1418 330 1479 nem,
355 1418 421 1482 qua
445 1399 479 1460 in
498 1395 635 1462 Oriente
654 1397 725 1482 jam
750 1397 966 1484 expluribus
990 1401 1087 1462 annis
1110 1419 1198 1462 nova
1223 1397 1371 1476 haeresis

244 1493 519 1580 promovebatur,
543 1515 610 1560 non
634 1497 821 1580 perspexit,
855 1497 970 1582 quanti
994 1498 1153 1561 momenti
1177 1506 1267 1560 esset
1290 1495 1371 1560 haec

244 1594 393 1678 quaestio
423 1593 461 1658 de
485 1593 686 1680 professione
719 1595 818 1658 unius
848 1591 911 1658 vel·
935 1593 1078 1679 duplicis
1105 1595 1314 1680 operationis
1337 1595 1369 1656 in

245 1689 375 1755 Christo
383 1740 393 1773 ,
417 1713 479 1756 nec
493 1690 600 1776 Sergii
613 1689 746 1756 fraudes
760 1693 915 1777 agnovit3
940 1692 999 1756 sed
1016 1691 1232 1756 considerans
1247 1711 1370 1776 magna

245 1787 301 1852 illa
325 1787 428 1871 bona,
453 1811 538 1875 qnae
561 1799 644 1854 teste
672 1789 787 1873 Sergio
820 1811 862 1854 ex
890 1789 1019 1854 silentio
1044 1789 1085 1856 de
1109 1811 1175 1854 una
1199 1788 1372 1875 duplicive

244 1888 435 1971 operatione
459 1885 581 1952 Christi
614 1896 776 1952 eventura
808 1896 920 1970 erant,
953 1887 1103 1951 hortatur
1125 1897 1157 1951 et
1179 1894 1315 1968 monet,
1339 1897 1373 1948 nt

245 1985 435 2050 abstineant
457 2009 479 2050 o
500 1984 661 2050 mentalis
693 1986 764 2050 istis
787 1986 886 2050 unius
909 1983 961 2048 vel
992 1985 1134 2070 duplicis
1157 1986 1372 2071 operationis.

245 2093 280 2148 et
309 2085 485 2168 persistant
514 2085 549 2146 in
580 2105 661 2147 sana
694 2083 844 2148 doctrina
876 2105 895 2146 a
925 2081 1074 2148 Concilio
1105 2082 1372 2148 Chalcedonensi

246 2182 423 2266 proposita.
471 2179 737 2246 Controversiam
762 2180 803 2244 de
825 2182 1037 2267 expressione
1061 2183 1159 2245 unius
1184 2181 1240 2244 vel
1266 2179 1370 2266 dupli·

245 2279 293 2342 cis
316 2280 517 2364 operationis
540 2278 642 2344 habet
674 2289 710 2342 ut
734 2281 959 2365 quaestionem
990 2279 1032 2342 de
1055 2278 1249 2362 vocabulis,
1275 2279 1371 2342 inuti·

244 2375 309 2440 lem
341 2399 380 2440 uo
402 2379 670 2460 grammaticam,
700 2377 873 2442 rhetoricis
902 2377 1165 2462 relinquendam.
1212 2376 1371 2442 Pontifex

246 2473 336 2539 haud
362 2476 458 2539 sicuti
473 2473 607 2559 Sergius
631 2477 836 2562 expressiori
860 2477 960 2540 nnius
984 2475 1164 2540 voluntatis
1187 2475 1302 2556 favet3
1326 2497 1372 2537 ar·

245 2582 403 2657 gumenta
426 2594 522 2652 vero,
547 2596 632 2660 quae
646 2573 781 2658 Sergius
795 2595 854 2659 pro
869 2573 932 2638 hac
955 2573 1106 2638 doctrina
1130 2574 1371 2650 insinuaverat,

250 2693 311 2736 nec
335 2673 454 2758 recipit
478 2693 539 2736 neo
562 2671 755 2756 singillatim
770 2670 938 2758 expendit.
962 2671 1088 2736 Partim
1113 2670 1147 2734 id
1170 2693 1214 2734 ex
1238 2691 1279 2734 eo
1303 2689 1371 2756 pm

248 2771 363 2852 venit,
394 2770 482 2856 quod
512 2769 688 2834 doctrinale
712 2771 905 2856 macedonis
930 2779 1130 2847 momenmm,
1153 2787 1260 2854 quum
1285 2767 1373 2832 indo·

247 2866 294 2931 les
310 2867 398 2932 illius
414 2866 557 2932 haeresis
568 2867 692 2932 Romae
717 2867 864 2932 nondum
889 2875 1061 2953 perspecta
1084 2877 1189 2946 esset,
1203 2865 1373 2930 Honorius

249 2967 358 3030 minus
382 2975 510 3030 tractat.
556 2966 597 3030 In
630 2975 698 3030 tota
730 2966 794 3031 hae
826 2988 860 3030 re
890 2965 1046 3030 Pontifex
1070 2965 1245 3029 manifeste
1270 2963 1372 3028 veluti

246 3064 442 3128 moteriolem
473 3087 564 3128 asum
594 3063 812 3128 formularum
845 3073 879 3128 et
909 3062 1150 3128 vocabulorum
1173 3061 1370 3126 considerat.

249 3161 346 3228 Unde
370 3164 471 3228 etiam
495 3161 753 3242 animadvertit,
782 3164 816 3226 in
840 3161 1020 3247 Scripturis
1050 3160 1241 3247 multiplicer
1266 3181 1373 3246 opero·

249 3261 351 3326 tioucr
373 3261 643 3336 commemorari,
678 3259 827 3345 adeoque
860 3280 926 3324 non
961 3259 1040 3322 satis
1063 3265 1140 3344 apte
1163 3257 1205 3322 de
1229 3279 1299 3321 una
1322 3251 1374 3316 vel

247 3357 378 3422 duabus
402 3358 574 3443 disputari.
625 3358 693 3422 Nus
717 3359 818 3435 enim,
844 3356 978 3435 scribit,
1003 3377 1069 3421 nou
1089 3355 1259 3420 secuudum
1281 3377 1374 3418 emam

247 3458 463 3542 operationem
483 3456 534 3521 uel
556 3455 639 3520 duae
661 3456 833 3519 Dominam
855 3455 967 3520 Jeeam
1003 3453 1162 3518 Christum
1191 3457 1319 3542 ejusque
1341 3447 1371 3514 S.

249 3554 404 3640 Spiritum
430 3555 532 3618 sooria
555 3553 688 3617 Litteris
706 3555 929 3639 percepimus,
963 3551 1018 3616 aad
1049 3551 1291 3637 multiformiter
1312 3571 1374 3634 oop-

248 3653 391 3718 uooimae
414 3661 586 3739 operatum.
611 3649 771 3738 Scriptum
794 3662 863 3716 ert:
886 3651 1093 3729 ,Diuisioaes
1112 3675 1185 3716 uero
1203 3652 1374 3736 praemunt

248 3763 340 3829 aaut,
364 3751 447 3815 idem
471 3760 574 3814 autem
586 3748 730 3836 Spiritus
738 3773 749 3830 ,·
773 3760 803 3812 et
815 3749 989 3813 diuioioaee
1006 3749 1281 3813 ruiabtmtiorrmu
1296 3757 1373 3819 nat,

252 3851 336 3916 idem
360 3859 463 3912 uatem
486 3849 661 3924 Dominam·
691 3858 721 3912 et
744 3847 917 3912 divisiones
939 3848 1156 3933 operationum
1179 3859 1272 3922 aaut,
1296 3845 1375 3908 idern

251 3971 324 4013 uero
348 3949 445 4025 Deua,
469 3948 524 4032 qai
547 3956 699 4032 operator
719 3947 828 4010 omnia
850 3946 886 4008 iu
909 3945 1087 4010 omuibao.“
1134 3941 1172 4008 Si
1195 3945 1276 4008 enim
1299 3942 1374 4005 diei·

252 4048 357 4110 eioaee
376 4047 595 4131 operationum
614 4055 689 4108 auat
701 4043 837 4124 multae,
856 4053 887 4106 et
901 4044 960 4108 leue
973 4041 1178 4106 omueoDeas
1189 4042 1224 4104 ia
1235 4037 1374 4104 membris

253 4141 396 4206 omnibus
413 4141 507 4227 pleni
528 4143 670 4228 eorporis
691 4151 861 4228 operatur,
884 4149 1002 4226 quanto
1025 4139 1126 4224 mugio
1148 4139 1248 4225 cupiti
1268 4145 1371 4200 aestro

256 4235 381 4302 Gistate
405 4239 542 4302 Domino
567 4240 642 4302 bueo
650 4249 787 4324 poemat
804 4237 990 4324 plenissime
1012 4237 1168 4324 cooptari.
1193 4273 1237 4283 -
1258 4229 1373 4315 Quoad
1445 4313 1446 4322 ἵ
