2806 4848
253 471 304 528 148
666 467 708 524 De
725 467 797 523 facto
815 466 944 524 Nectarii

253 616 399 696 exibant,
424 612 628 698 atque.illud
652 613 795 698 spatium
809 611 967 697 temporis
990 634 1055 698 quo
1079 613 1113 676 in
1136 611 1199 677 hac
1222 615 1341 678 statione
1386 683 1387 706 ,

253 713 484 778 detinebantur
515 719 584 774 erat
606 711 784 796 praecipue
812 711 1034 795 poenitentiae
1058 710 1199 776 durioris
1221 722 1340 797 tempus,
1386 715 1387 724 ’

252 833 316 898 quo
344 810 500 896 jejuniis,
538 808 710 894 precibus,
749 807 905 893 durisque
937 831 977 872 ac
1008 807 1179 873 laboriosis
1208 809 1342 896 operibus

251 908 499 973 exercebantur.
523 944 566 952 —
591 905 719 986 Quarta
742 907 838 970 statio
862 917 932 970 erat
954 908 1187 970 consistentium
1212 905 1341 995 (orionu-

250 1005 326 1093 τες),
351 1008 407 1092 qui
431 1005 473 1069 ab
497 1004 637 1069 ambone
670 1026 773 1090 usque
803 1004 846 1068 ad
870 1006 1093 1068 sanemarium
1117 1004 1262 1069 collocati
1285 1015 1343 1090 post

252 1125 416 1190 egressum
449 1102 759 1167 catechumenorum
793 1113 826 1165 et
848 1102 1084 1166 substratorum
1110 1126 1183 1169 oum
1209 1102 1343 1168 fidelibus
1386 1169 1387 1192 ,

251 1201 497 1291 permanebant,
522 1200 676 1286 precibus
700 1209 731 1264 et
746 1200 906 1263 sacrificio
930 1199 1135 1282 assistebant,
1161 1200 1228 1265 noir
1250 1213 1341 1264 tamen
1386 1201 1387 1229 ¹

251 1301 441 1380 offerebant,
466 1321 573 1385 neque
597 1300 724 1384 corpori
739 1307 772 1361 et
790 1299 944 1380 sanguini
960 1297 1081 1363 Christi
1105 1301 1342 1387 participabant

250 1441 293 1449 -
322 1401 409 1463 Istae
437 1407 577 1484 quatuor
607 1398 762 1460 stationes
792 1396 870 1460 inde
900 1395 943 1460 ab
971 1396 1072 1460 altero
1107 1399 1215 1462 medio
1240 1398 1344 1464 saeculi

251 1500 336 1563 tertii
362 1499 396 1561 in
420 1497 626 1560 documentis
649 1503 835 1574 occurrunt,
861 1503 893 1556 et
915 1516 975 1579 per
997 1516 1140 1559 canones
1165 1497 1343 1562 determina·

251 1607 321 1660 tum
345 1605 423 1676 erat,
449 1592 608 1679 quamdiu
633 1595 706 1679 quis
719 1595 754 1656 in
769 1593 887 1678 quavis
903 1594 1043 1656 statione
1066 1597 1191 1658 versari
1217 1595 1344 1660 deberet.
1386 1579 1387 1646 l

250 1695 301 1759 Ita
324 1715 351 1758 e.
375 1715 406 1777 g.
423 1693 455 1757 S.
472 1691 614 1755 Basilius
637 1691 658 1755 l.
683 1713 711 1756 c.
736 1713 862 1754 canone
886 1690 1007 1754 XXII:
1031 1693 1089 1755 Est
1113 1703 1218 1757 autem
1239 1697 1345 1781 inquo·

251 1805 321 1856 tuor
344 1793 438 1855 annis
455 1789 629 1877 praefinita
645 1789 882 1875 fornicantibus
899 1811 1016 1875 poeno.
1050 1791 1180 1877 Oportet
1202 1818 1254 1859 cos
1275 1817 1346 1856 anno

245 1893 350 1977 primo
374 1915 394 1954 a
411 1889 558 1975 precibus
581 1886 700 1973 capelli
722 1898 752 1950 et
765 1888 845 1972 flere
874 1887 917 1950 cd
931 1887 1024 1973 sores
1047 1890 1203 1970 ecclcsiae,
1228 1891 1346 1956 sensndo

250 1990 294 2052 ad
317 1989 509 2053 auditionem
541 1986 690 2064 admittti,
720 1987 811 2048 tertio
844 1985 888 2049 od
904 1989 1151 2071 poenitentiam,
1175 2001 1285 2076 quarto
1312 1989 1348 2052 ad

250 2087 396 2151 standena
427 2109 492 2148 una
516 2108 583 2148 cum
603 2083 724 2170 populo
755 2083 946 2148 abstinentes
976 2085 1015 2148 ab
1047 2085 1214 2168 oblatione,
1248 2090 1347 2155 deinde

250 2187 294 2248 cis
311 2185 456 2270 permitti
479 2183 553 2246 boni
575 2183 824 2246 communionem.

87 2285 233 2358 ¹³⁰⁶J¹il⁰¹¹ll²⁰
340 2284 390 2348 14.
414 2281 501 2346 Illud
524 2291 633 2345 autem
657 2279 736 2344 utile
760 2287 809 2342 est
823 2279 1007 2364 observare,
1032 2283 1260 2372 indisciplina
1281 2307 1346 2372 poe·

106 2349 221 2398 mmmm
249 2382 406 2444 nitentiae
439 2401 588 2444 summurn
611 2383 669 2467 jus
701 2377 834 2462 quidem
874 2399 932 2462 per
971 2401 1113 2448 canones
1146 2387 1346 2450 constitutum

248 2480 357 2560 fuisse,
382 2478 440 2542 sed
463 2487 533 2541 tum
548 2475 784 2541 consuetudine
808 2477 902 2539 varia
925 2497 980 2540 eos
1003 2479 1170 2562 mitigatos
1186 2498 1263 2558 esse,
1285 2483 1346 2537 tum

249 2579 283 2641 in
299 2579 527 2663 episcoporum
550 2576 651 2640 fuisse
674 2573 818 2655 arbitrie,
844 2584 880 2638 ut
902 2577 1124 2660 poenitentiae
1147 2578 1285 2662 spatium
1307 2595 1346 2636 re·
1386 2611 1387 2690 ,

249 2677 454 2759 stringerent.
499 2674 540 2738 Id
572 2672 626 2736 vel
657 2673 692 2736 in
725 2673 940 2737 severissimis
972 2673 1004 2739 S.
1028 2675 1143 2740 Basilii
1177 2671 1346 2740 canonibus

248 2772 532 2837 animadvertitur.
577 2771 629 2835 Ita
652 2792 680 2834 e.
704 2791 735 2854 g.
768 2771 804 2835 in
827 2768 909 2837 (lan.
942 2771 994 2835 III
1028 2783 1200 2860 postquam
1236 2771 1345 2837 indica·

249 2874 298 2934 vit
321 2893 442 2955 poenas
466 2869 597 2934 diaconi
629 2868 823 2933 fornicantis
855 2870 984 2934 scribit:
1013 2871 1115 2958 Atque
1139 2875 1214 2936 baec
1235 2869 1345 2958 quidem
1386 2877 1387 2900 ¹

249 2981 320 3032 sient
343 2992 421 3054 quoe
449 2991 488 3032 en
518 2968 791 3032 constitutionibus
817 2968 977 3032 labentur.
1025 2970 1063 3033 In
1091 2969 1232 3034 omnibus
1253 2978 1346 3032 orden

247 3069 351 3132 verior
371 3067 528 3130 medicina
551 3076 596 3130 est
617 3087 755 3129 recessus
783 3089 803 3128 a
820 3077 962 3151 peccato.
1012 3065 1117 3139 Quare
1147 3071 1203 3154 qui
1224 3076 1346 3156 propter

249 3167 355 3228 curuis
370 3163 560 3250 voluptatem
575 3165 711 3251 qratiam
727 3164 851 3254 objecit,
864 3165 894 3228 is
908 3165 936 3228 si
950 3189 1074 3228 carnem
1083 3167 1263 3230 contemndo
1279 3175 1307 3226 et
1315 3165 1345 3226 in

248 3287 366 3328 ornnem
381 3264 547 3327 secundum
561 3264 770 3328 continent-iae
779 3264 981 3349 praescr-epto
997 3265 1175 3328 seruitutem
1190 3261 1343 3350 radicando

248 3363 371 3427 socedat
388 3385 408 3425 n
417 3360 629 3448 voluptatibus
643 3385 665 3424 a
680 3361 790 3446 quibus
803 3361 902 3425 uictus
916 3372 946 3424 et
954 3374 1139 3448 prostratris
1152 3375 1209 3442 est,
1226 3362 1342 3451 plenum

247 3462 337 3525 nobis
361 3483 435 3524 suae
459 3461 632 3522 curationis
656 3459 809 3544 specimen
830 3458 930 3524 dabit.
959 3461 1068 3546 Itaque
1091 3463 1171 3526 scire
1193 3485 1247 3526 nor
1266 3470 1342 3522 cren·

248 3583 304 3645 quc
328 3569 458 3645 oportet,
483 3568 512 3622 ct
536 3581 614 3642 quoe
647 3568 719 3620 suist
750 3560 861 3621 srcmmi
875 3560 962 3648 juris
985 3569 1015 3622 et
1037 3583 1116 3645 quoa
1140 3571 1212 3624 sunt
1232 3581 1343 3624 emune-

249 3659 383 3728 ncdinis:
407 3658 494 3742 sequi
516 3657 675 3719 antonin
698 3656 739 3718 iis
763 3677 841 3740 quoe
858 3679 1006 3720 nummum
1021 3661 1078 3745 jeus
1101 3681 1165 3722 non
1188 3657 1342 3722 adnitmut

240 3757 381 3844 fiscinam
416 3751 614 3838 traditam).
656 3791 699 3799 —
735 3753 778 3816 Et
801 3775 927 3818 canone
955 3755 1138 3820 LXXXIV
1162 3759 1221 3820 ait:
1262 3753 1345 3816 Haec

249 3865 352 3918 arielem
375 3854 480 3916 omnia
512 3853 683 3930 scribi-nus,
716 3861 751 3914 ut
775 3851 904 3937 fructus
925 3853 1104 3939 probentur
1129 3851 1342 3941 poenitentioe.

250 3953 325 4015 Non
360 3952 440 4014 enim
475 3952 599 4014 omnino
635 3961 769 4036 temporo
805 3951 1015 4038 dijudicamus
1042 3976 1093 4016 res
1116 3950 1267 4044 ejusmodi,
1288 3947 1344 4009 sed

249 4049 292 4114 ud
315 4049 438 4113 ruod-um
456 4050 671 4136 poenitentiae
696 4047 924 4134 attendimus').
963 4088 1006 4096 —
1043 4051 1221 4138 Meritoque
1249 4047 1341 4112 etiam

323 4265 343 4332 ¹)
362 4263 410 4330 Ep.
431 4277 487 4316 can.
506 4261 529 4319 I.
548 4261 599 4332 (ep.
621 4263 690 4333 188).
854 4263 876 4334 ²)
894 4262 943 4332 Ep.
962 4279 1018 4318 osu
1038 4263 1091 4320 111.
1109 4267 1161 4334 (ep
1179 4262 1242 4332 2l⁷l
