2806 4848
249 477 301 532 150
614 479 617 484 “
665 479 705 532 De
722 477 795 534 iacto
813 479 941 535 Nectarii.

248 621 320 701 fuit,
345 629 382 683 ut
403 620 467 685 bac
495 622 621 686 ratione
645 624 755 686 omnia
785 624 846 686 rite
873 631 906 685 et
928 622 1073 706 legitime
1097 623 1340 710 disponerentur.

250 717 423 782 Crescente
447 719 603 783 videlicet
625 720 835 784 multitudine
867 719 1014 785 fidelium
1038 720 1207 787 difficilius
1228 723 1294 801 fuit,
1313 734 1342 784 ut

248 818 422 901 episcopus
444 816 542 902 hujus
574 819 622 880 roi
655 840 767 882 curam
800 817 1000 904 peculiarem
1030 818 1176 902 haberet,
1210 819 1264 884 sed
1286 822 1343 904 ipsc

249 913 414 999 delegavit
446 915 675 1000 presbyterum
708 918 761 980 eui
786 915 867 980 illud
893 938 1019 1011 ‘munus
1043 917 1189 1000 contulit,
1215 929 1251 982 ut
1271 939 1343 1003 quae

249 1013 484 1098 poenitentiam
508 1013 701 1098 spectabant
724 1015 978 1080 administraret.
1012 1015 1144 1080 Fideles
1166 1018 1274 1100 igitur,
1297 1017 1343 1100 qui

249 1111 311 1176 sibi
328 1112 450 1175 conscii
466 1121 561 1176 erant
574 1113 663 1198 quod
678 1114 817 1176 crimina
831 1115 983 1196 graviora
1007 1116 1168 1178 canonica
1191 1115 1344 1177 commise-

249 1219 332 1292 rant,
345 1231 420 1273 eum
434 1209 580 1292 adibant,
591 1213 878 1297 atqueipsiuserat
885 1211 1047 1297 judicare,
1062 1233 1146 1298 quae
1157 1213 1344 1298 poenitentia
1383 1223 1384 1288 ᾗ

251 1308 312 1373 illis
326 1307 525 1394 imponenda
542 1317 635 1374 esset.
668 1309 919 1374 Confitebantur
931 1311 960 1373 ei
975 1321 1112 1397 peccata
1125 1333 1193 1390 sua,
1207 1321 1241 1374 at
1252 1309 1346 1397 prouti

250 1408 319 1492 ipse
342 1406 506 1486 censebat,
531 1409 766 1490 poenitentiam
781 1408 834 1472 vel
856 1409 1021 1493 privatam
1036 1408 1090 1472 vel
1113 1407 1279 1494 publicam
1301 1410 1346 1470 irn-

251 1504 408 1591 ponebat3
439 1506 466 1568 si
496 1529 547 1570 res
571 1505 605 1570 id
629 1506 792 1589 exigebat,
822 1507 921 1570 etiarn
950 1506 993 1571 ad
1017 1507 1208 1592 episcopum
1233 1517 1264 1569 et
1285 1527 1346 1569 con·

250 1603 357 1668 silium
383 1601 575 1668 clericorum
599 1626 671 1668 eam
701 1604 913 1669 deferendam
938 1605 1121 1684 statuebat,
1147 1626 1214 1690 qua
1236 1605 1347 1667 ratieuc

250 1700 442 1766 scandalum
465 1701 708 1765 resarciendum
737 1711 821 1766 esset
853 1702 1104 1784 determinabat,
1129 1700 1349 1787 publicamque

250 1801 486 1886 poeniteutiam
506 1799 679 1883 dirigebat.
703 1799 799 1863 Multi
815 1801 1016 1881 existimant,
1041 1801 1088 1864 uti
1108 1801 1180 1886 jam
1204 1799 1347 1864 diximus.

252 1897 337 1962 hanc
369 1899 616 1978 institutionem,
641 1898 918 1983 quemadmodum
951 1899 1101 1964 Socrates
1134 1907 1255 1978 narrat,
1286 1903 1348 1982 post

251 1997 346 2060 Decii
371 1997 631 2080 persecutionem
663 2005 809 2081 tempore
832 1996 1010 2061 Novatiani
1033 1997 1156 2060 factam
1181 2018 1267 2076 esse3
1301 1992 1348 2056 olii

253 2117 329 2158 vero
354 2103 497 2175 censent,
522 2116 594 2158 eam
623 2093 664 2157 ob
693 2093 901 2158 commodum
930 2095 1008 2159 inde
1035 2096 1234 2180 proveniens
1263 2092 1349 2176 majo·

252 2213 385 2277 remque
409 2191 601 2256 facilitatem
619 2193 690 2277 jem
706 2203 802 2256 antea
820 2195 854 2256 in
878 2193 980 2257 variis
1003 2191 1160 2274 ccelesiis,
1185 2193 1349 2278 praecipue

252 2289 405 2370 Orientis,
431 2289 815 2376 introductamfuiese1).
841 2329 883 2338 -
898 2289 1078 2355 Censemus
1101 2311 1208 2376 porro,
1233 2296 1350 2374 praeter

253 2387 343 2452 illum
372 2387 598 2472 presbyterum
630 2390 934 2474 poenitentiarium,
968 2389 1058 2474 apud
1088 2411 1187 2474 quem
1223 2387 1349 2450 erimina

252 2487 426 2566 canonica,
459 2497 619 2550 reseruata
642 2485 779 2567 dixeris,
803 2487 982 2572 aperienda
1005 2497 1116 2567 erant,
1151 2487 1250 2550 etiam
1279 2483 1349 2547 alios
1384 2474 1385 2494 ¹

251 2585 351 2648 fuisse
375 2584 580 2669 presbyteros
605 2585 827 2666 confessarios,
858 2585 978 2672 quibua
1002 2584 1114 2648 fideles
1144 2607 1203 2670 pro
1225 2582 1348 2646 arbitrie

252 2685 378 2746 minora
401 2691 537 2768 peecata
561 2682 809 2749 confitebantur.

342 2783 393 2845 li.
418 2782 516 2845 Modo
547 2781 764 2867 procedamus
796 2783 838 2847 ad
863 2782 1060 2868 explicanda
1084 2803 1229 2867 eaquae
1255 2777 1349 2842 merlia-

115 2881 216 2912 ¹¹¹¹¹¹⁹'¹“·
252 2903 315 2942 rara
350 2884 473 2969 ejusque
508 2879 731 2965 confessiorem
761 2889 930 2966 spectant,
961 2881 1084 2966 quain
1108 2903 1143 2943 re
1167 2879 1305 2944 Socratis
1326 2885 1351 2934 rt

252 2978 425 3044 Senemeni
450 2979 671 3042 narrationem
695 2978 791 3042 simul
816 2999 894 3063 prae
918 2977 1021 3042 oeulis
1044 2977 1248 3042 habebimus
1293 2973 1349 3036 lla·

253 3086 347 3140 trona
370 3077 471 3160 igitur
494 3076 612 3140 nobilis
637 3078 812 3140 criminum
826 3079 1027 3160 graviorum,
1051 3077 1098 3139 uti
1124 3076 1263 3152 videtur,
1287 3095 1349 3135 ceu·

253 3175 329 3256 scia,
354 3175 483 3238 accedit
509 3175 552 3238 ad
582 3174 809 3260 presbyterum
833 3175 1132 3260 poenitentiarium,
1166 3174 1259 3258 eique
1281 3166 1351 3232 rard

251 3269 346 3355 μέρος
379 3295 438 3336 sua
468 3281 606 3358 peccata
639 3273 822 3338 confitetur.
868 3273 1144 3338 Poenitentiarius
1173 3273 1202 3335 ei
1223 3267 1351 3354 imponit

248 3371 378 3455 jejunia
401 3381 433 3434 et
454 3371 520 3436 alia
544 3392 643 3456 opera
667 3372 898 3456 poenitentiae.
945 3371 998 3434 Ex
1018 3371 1207 3450 Sozomeno,
1230 3378 1352 3453 propter

253 3469 315 3532 ista
339 3491 438 3554 opera
467 3468 670 3554 perficienda
693 3468 811 3532 mulier
843 3470 878 3534 iu
902 3468 1041 3533 ecclesia
1066 3469 1191 3532 diutius
1212 3463 1352 3529 versaba-

253 3576 322 3648 tur,
347 3566 435 3631 unde
460 3568 574 3632 merito
599 3567 720 3631 inferre
734 3589 916 3652 possumus,
937 3568 1175 3652 poenitentiam
1198 3561 1350 3651 publicam

253 3665 283 3728 ei
307 3665 492 3748 impositam
515 3665 625 3747 fuisse,
650 3687 788 3751 eamque
802 3666 900 3729 etiam
921 3676 1014 3728 extra
1037 3675 1185 3751 tempora
1210 3657 1352 3726 sacrificii

254 3783 296 3825 ex
328 3762 449 3847 pietate
482 3763 605 3828 diutius
637 3765 671 3828 in
702 3763 839 3828 ecclesia
871 3785 940 3828 esse
964 3773 1135 3828 moratam.
1182 3757 1353 3825 Occasione

254 3861 354 3943 igitur
377 3859 473 3946 hujus
496 3863 717 3946 poenitentiae
740 3863 864 3926 factum
887 3871 945 3942 est,
969 3871 1005 3924 ut
1027 3883 1048 3924 a
1071 3861 1207 3926 diacono
1231 3855 1354 3920 seduce-

253 3967 351 4040 retur,
377 3981 451 4022 oum
477 3981 578 4046 eoque
602 3967 762 4046 peccaret.
787 3959 852 4024 Sed
876 3959 1039 4044 quomodo
1063 3959 1128 4024 hoe
1151 3958 1270 4022 crimen
1294 3971 1353 4012 ma·

254 4056 443 4122 niiestatum
468 4059 540 4122 est?
582 4059 617 4124 Si
640 4057 757 4123 modus
779 4056 936 4143 loquendi
959 4057 1050 4141 apud
1074 4057 1233 4120 Socratem
1257 4061 1353 4112 attan-

330 4274 351 4341 ¹)
370 4271 425 4326 Cir.
446 4272 475 4326 F.
495 4273 527 4327 X.
547 4273 643 4336 Kreas,
663 4269 917 4337 Realencyclopedie
939 4270 963 4322 d
983 4269 1036 4324 chr.
1055 4267 1170 4323 Altertlr.
1192 4267 1247 4318 Art.
1267 4261 1354 4314 Bassa
