2900 4800
406 439 519 494 Honorii
538 439 669 510 epistotse
686 441 883 508 expenduntur.
1150 441 1204 497 417

88 592 123 647 ut
145 581 285 666 dnbies3
308 583 472 648 Beronins
495 582 552 670 (ed
575 607 605 650 e.
630 583 728 670 633),
761 583 909 649 Bartholi
934 583 1004 671 (op.
1024 583 1111 671 cit),
1135 583 1203 650 alii-

87 703 149 768 que
164 703 221 746 ees
236 681 361 746 hebent
382 691 419 745 ut
441 680 654 767 interpolatus
675 694 708 745 et
730 692 900 768 corruptus
922 703 943 746 s
958 683 1203 768 Monotheletis3

87 799 186 866 quem
210 781 407 844 sententium
431 781 620 865 nuperrime
643 779 795 846 defendit
818 779 858 846 cl.
882 782 935 844 vir
951 778 1204 868 CespsrusBot·

86 875 284 964 temnunel).
328 876 482 964 Plerique
506 887 619 942 umen
640 886 771 958 tenent,
796 877 950 964 epistolse
974 877 1034 944 hes
1056 899 1128 943 esee
1150 899 1204 963 ge·
1219 909 1358 961 omrem

87 977 207 1040 nnines
238 985 270 1040 et
293 977 519 1064 incorruptus,
545 977 599 1040 cui
622 978 804 1041 sententiae
834 975 1110 1042 subscribendum
1135 997 1205 1041 esse
1257 969 1335 1012 *Ψ*

87 1095 269 1138 censemus.
303 1112 346 1122 -
379 1073 478 1139 Circe
509 1074 687 1138 docturum
718 1095 819 1160 quem
842 1072 1000 1160 epistolae
1024 1075 1204 1156 continent,

86 1170 208 1236 Graeci
228 1171 362 1258 quidem
387 1181 458 1236 tum
481 1173 609 1259 antiqui
633 1181 703 1236 turn
727 1181 875 1237 recentes
898 1193 954 1236 ess
978 1172 1124 1258 dogmati
1138 1172 1206 1238 Μο-

86 1269 329 1334 notheletarnrn
360 1269 474 1334 fuvere
498 1269 718 1351 contendunt,
750 1269 792 1334 ob
815 1269 917 1356 idque
939 1270 1113 1334 damnatus
1136 1291 1206 1335 esse

87 1376 122 1430 ut
144 1366 330 1432 haereticas
353 1369 388 1432 in
404 1367 552 1433 Concilio
567 1369 632 1450 VI3
657 1369 778 1454 quibus
801 1377 833 1432 et
856 1367 1077 1433 Protestuntee
1099 1389 1195 1432 ossen

87 1466 226 1530 tiuntnr.
272 1464 302 1529 E
333 1466 504 1531 catholicis
527 1488 606 1530 vero
630 1467 715 1531 varii
739 1463 925 1548 Gallicani,
949 1467 998 1530 uti
1021 1465 1205 1548 Richerius,

88 1563 221 1648 Dupin,
255 1563 296 1628 de
327 1563 360 1629 la
382 1565 548 1646 Luzerue‚
580 1564 730 1629 eumdem
761 1565 957 1628 sententium
980 1583 1207 1650 propugnare-

89 1671 177 1744 nmt‚
202 1660 324 1747 quibus
337 1673 546 1728 accesserunt
559 1672 669 1726 nostro
684 1673 830 1748 tempore
853 1663 939 1726 varii
961 1669 1125 1742 suctores,
1150 1663 1207 1748 qni

86 1761 262 1828 occasione
295 1759 435 1826 Consilii
469 1761 622 1826 Vaticani
656 1761 882 1846 quaestionem
915 1759 1001 1823 hunc
1030 1761 1207 1844 agitaruut.

87 1857 237 1938 Quidam
261 1860 434 1945 scriptores
459 1859 538 1923 dnm
559 1879 626 1924 non
640 1879 784 1944 eousque
807 1856 1072 1942 progrediuntur,
1096 1867 1208 1920 tamen

87 1953 169 2020 telin
184 1956 226 2020 iis
249 1956 394 2042 epistolis
418 1958 579 2022 contineri
594 1957 780 2038 affirment,
805 1977 890 2041 quse
913 1956 983 2036 vix,
1007 1964 1066 2018 eut
1088 1977 1130 2018 ne
1150 1955 1210 2018 vix

86 2051 226 2140 quidem
248 2053 394 2140 benigno
417 2056 686 2140 interpretatione
709 2055 861 2118 excusari
885 2054 1022 2139 possint
1053 2051 1210 2138 Plerique

86 2161 201 2215 temen
225 2162 375 2216 auctores
399 2151 553 2218 catholici
577 2151 731 2238 epistolas
754 2151 896 2216 Honorii
919 2150 961 2216 eb
986 2152 1075 2215 omni
1100 2171 1210 2215 mono-

88 2247 247 2314 theletics
258 2252 422 2335 pravitate
432 2252 596 2315 immunes
608 2249 781 2314 declarant
794 2261 828 2313 et
841 2248 992 2336 probent
1016 2285 1060 2296 -
1083 2247 1212 2314 Pariter

87 2348 180 2411 circe
203 2350 422 2412 oenomaum
445 2369 544 2434 quom
581 2347 643 2414 sibi
668 2346 731 2412 hae
755 2346 928 2412 vindicent
950 2346 1087 2428 litterae,
1112 2347 1211 2432 serip-

86 2454 176 2510 toree
200 2447 287 2510 inter
309 2467 343 2510 se
366 2467 432 2512 non
453 2447 672 2528 conveniunt,
697 2445 777 2510 dum
802 2447 984 2532 inquirunt,
1007 2453 1117 2508 utrum
1141 2465 1212 2508 ese-

88 2543 167 2608 dem
191 2543 366 2610 habendae
389 2547 455 2609 sint
479 2554 515 2608 ut
538 2543 670 2610 decreto
693 2544 772 2608 fidei
801 2565 843 2607 ex
867 2542 1025 2608 cathedre
1049 2541 1144 2622 dots,
1169 2563 1212 2604 sn

89 2663 172 2705 vero
196 2641 271 2706 telis
294 2641 466 2708 character
488 2645 528 2706 iis
552 2663 618 2706 non
642 2643 830 2706 conveniet.

181 2741 237 2804 47.
260 2739 315 2804 Ex
328 2740 380 2805 his
392 2741 641 2828 quaestionibus
665 2739 799 2826 quidem
822 2739 1026 2824 caprimum
1040 2735 1213 2802 necunde

89 2847 188 2920 esset,
213 2860 298 2924 quoe
320 2841 559 2923 genuinitstem
583 2850 615 2903 et
629 2839 850 2924 integritatem
875 2835 1005 2902 illerum
1028 2834 1213 2899 litterarum

90 2946 232 3024 spectat
278 2935 344 3002 Sed
373 2945 484 3002 nostro
507 2946 655 3022 tempore
678 2945 828 3000 suctores
858 2934 992 3020 majoris
1015 2933 1158 2998 nominis
1181 2941 1214 2995 et

90 3035 251 3121 ponderis
268 3035 340 3120 jem
363 3036 543 3100 admittunt
566 3033 777 3120 epistolarum
808 3033 1047 3118 genuinitetem
1079 3039 1112 3094 et
1134 3031 1214 3094 inte-

90 3135 268 3220 gritatem,
292 3145 391 3220 etque
414 3141 609 3218 argumente
623 3141 694 3196 tum
711 3141 848 3196 externe
871 3141 941 3194 tum
965 3131 1104 3209 interne,
1129 3147 1214 3214 quse

93 3233 163 3296 hnc
188 3241 353 3316 spectent,
378 3234 595 3318 opportunius
618 3233 850 3296 interseremns
881 3231 935 3308 iis,
966 3247 1051 3314 quue
1075 3226 1116 3291 de
1140 3225 1215 3289 doc-

93 3331 186 3394 trine
208 3329 349 3396 Honorii
373 3330 616 3417 disputabimus
646 3351 685 3394 eo
710 3328 750 3393 de
776 3328 970 3392 securitate
994 3324 1125 3390 illerum
1149 3325 1215 3409 epi·

93 3427 265 3492 stolorum.
288 3428 409 3494 Peneis
432 3431 533 3514 igitur
552 3449 688 3512 agemus
702 3427 847 3512 primum
861 3423 902 3489 de
919 3424 1106 3488 auctoritate
1130 3441 1216 3508 quse

94 3526 163 3592 illis
186 3526 332 3612 epistolis
355 3529 528 3613 competit,
554 3526 631 3591 dein
647 3547 726 3590 vero
747 3524 788 3588 de
804 3523 944 3587 Honorii
960 3521 1120 3598 doctrino,
1143 3539 1216 3605 pss—

95 3627 162 3688 sim
186 3645 265 3688 vero
289 3624 379 3691 hisce
402 3635 572 3690 nectemus
596 3645 648 3705 ea,
674 3643 758 3709 quoe
789 3620 830 3684 de
853 3620 1057 3705 genuinitete
1082 3626 1115 3681 et
1136 3618 1217 3680 inte-

94 3723 219 3806 gritate
242 3722 453 3808 epistolarum
477 3721 651 3788 statuendo
674 3720 839 3785 videntur.

189 3820 244 3886 48.
269 3819 381 3900 Quum
405 3822 513 3907 quoad
530 3821 670 3885 Honorii
685 3815 839 3904 epistolas
856 3815 937 3880 illnd
961 3816 1106 3879 maxime
1121 3835 1217 3900 quee-

124 3975 204 3982 --—
212 3974 241 3980 --.
249 3973 311 3980 ---

177 4071 199 4137 ¹)
219 4069 262 4124 De
280 4069 498 4137 HorwriiPapor
517 4067 691 4136 epistolarum
709 4067 888 4133 corruptione.
909 4063 1017 4131 scripsit
1035 4063 1066 4118 E.
1086 4063 1112 4118 J.
1125 4063 1219 4117 Botte·

98 4165 200 4206 rnsnne
219 4151 342 4204 Decenus
360 4151 388 4204 in
407 4149 601 4214 Soeterwonde,
624 4147 687 4202 olim
710 4145 735 4200 S.
754 4145 844 4200 Tneol.
869 4143 1009 4199 Professor
1025 4143 1054 4196 in
1072 4141 1220 4198 Seminario

99 4231 304 4286 Wsrmondnno
322 4231 405 4288 dioec.
424 4229 607 4286 Heriemensis
646 4226 794 4282 ancoduoi
812 4241 855 4294 sp.
873 4225 1016 4294 Boreum,
1034 4223 1112 4276 1870.

147 4333 277 4384 Jnnoeunnn,
292 4333 470 4375 Dissertsttouns.
498 4331 557 4374 'l'om
574 4327 601 4372 11.
1078 4321 1112 4373 27
