<?xml version="1.0" encoding="UTF-8"?>
<!DOCTYPE html PUBLIC "-//W3C//DTD XHTML 1.0 Transitional//EN"
    "http://www.w3.org/TR/xhtml1/DTD/xhtml1-transitional.dtd">
<html xmlns="http://www.w3.org/1999/xhtml" xml:lang="en" lang="en">
 <head>
  <title>
</title>
<meta http-equiv="Content-Type" content="text/html;charset=utf-8" />
  <meta name='ocr-system' content='tesseract 3.04.00' />
  <meta name='ocr-capabilities' content='ocr_page ocr_carea ocr_par ocr_line ocrx_word'/>
</head>
<body>
  <div class='ocr_page' id='page_1' title='image "./dissertationess02junggoog_0792.png"; bbox 0 0 2836 4804; ppageno 0'>
   <div class='ocr_carea' id='block_1_1' title="bbox 464 455 1181 512">
    <p class='ocr_par' dir='ltr' id='par_1_1' title="bbox 464 455 1181 512">
     <span class='ocr_line' id='line_1_1' title="bbox 464 455 1181 512; baseline -0.001 -1"><span class='ocrx_word' id='word_1_1' title='bbox 464 455 666 512; x_wconf 79' lang='lat' dir='ltr'>Haereticornm</span> <span class='ocrx_word' id='word_1_2' title='bbox 684 457 786 511; x_wconf 86' lang='lat' dir='ltr'>turbae.</span> <span class='ocrx_word' id='word_1_3' title='bbox 1128 457 1181 511; x_wconf 77' lang='lat'>317</span> 
     </span>
    </p>
   </div>
   <div class='ocr_carea' id='block_1_2' title="bbox 11 599 1356 4304">
    <p class='ocr_par' dir='ltr' id='par_1_2' title="bbox 11 599 1344 4304">
     <span class='ocr_line' id='line_1_2' title="bbox 83 599 1185 685; baseline 0.002 -23"><span class='ocrx_word' id='word_1_4' title='bbox 83 601 122 662; x_wconf 85' lang='lat' dir='ltr'>tio</span> <span class='ocrx_word' id='word_1_5' title='bbox 144 599 379 685; x_wconf 73' lang='lat' dir='ltr'>aliquantisper</span> <span class='ocrx_word' id='word_1_6' title='bbox 410 599 531 664; x_wconf 91' lang='lat' dir='ltr'>dubius</span> <span class='ocrx_word' id='word_1_7' title='bbox 560 601 722 685; x_wconf 89' lang='lat' dir='ltr'>episeopis</span> <span class='ocrx_word' id='word_1_8' title='bbox 751 599 896 664; x_wconf 80' lang='lat' dir='ltr'><strong>Orientis</strong></span> <span class='ocrx_word' id='word_1_9' title='bbox 929 599 1115 681; x_wconf 86' lang='lat' dir='ltr'>mandavit,</span> <span class='ocrx_word' id='word_1_10' title='bbox 1148 610 1185 664; x_wconf 86' lang='lat' dir='ltr'>ut</span> 
     </span>
     <span class='ocr_line' id='line_1_3' title="bbox 82 695 1185 782; baseline 0.001 -22"><span class='ocrx_word' id='word_1_11' title='bbox 82 719 166 761; x_wconf 91' lang='lat' dir='ltr'>snam</span> <span class='ocrx_word' id='word_1_12' title='bbox 189 696 230 761; x_wconf 89' lang='lat' dir='ltr'>dc</span> <span class='ocrx_word' id='word_1_13' title='bbox 254 695 402 762; x_wconf 77' lang='lat' dir='ltr'>Concilio</span> <span class='ocrx_word' id='word_1_14' title='bbox 427 695 687 762; x_wconf 89' lang='lat' dir='ltr'>Chalcedonensi</span> <span class='ocrx_word' id='word_1_15' title='bbox 720 698 916 761; x_wconf 88' lang='lat' dir='ltr'>sententiam</span> <span class='ocrx_word' id='word_1_16' title='bbox 939 699 1115 782; x_wconf 89' lang='lat' dir='ltr'>aperirent,</span> <span class='ocrx_word' id='word_1_17' title='bbox 1139 707 1185 761; x_wconf 74' lang='lat' dir='ltr'>at</span> 
     </span>
     <span class='ocr_line' id='line_1_4' title="bbox 82 794 1185 881; baseline 0.003 -24"><span class='ocrx_word' id='word_1_18' title='bbox 82 817 138 879; x_wconf 90' lang='lat' dir='ltr'>que</span> <span class='ocrx_word' id='word_1_19' title='bbox 169 795 245 860; x_wconf 92' lang='lat' dir='ltr'>inde</span> <span class='ocrx_word' id='word_1_20' title='bbox 275 795 399 859; x_wconf 89' lang='lat' dir='ltr'>factum</span> <span class='ocrx_word' id='word_1_21' title='bbox 432 805 498 876; x_wconf 88' lang='lat' dir='ltr'>est,</span> <span class='ocrx_word' id='word_1_22' title='bbox 532 805 568 858; x_wconf 89' lang='lat' dir='ltr'>ut</span> <span class='ocrx_word' id='word_1_23' title='bbox 599 795 752 880; x_wconf 79' lang='lat' dir='ltr'>permulti</span> <span class='ocrx_word' id='word_1_24' title='bbox 776 794 948 860; x_wconf 89' lang='lat' dir='ltr'>Praesules</span> <span class='ocrx_word' id='word_1_25' title='bbox 980 795 1118 881; x_wconf 89' lang='lat' dir='ltr'>epistola</span> <span class='ocrx_word' id='word_1_26' title='bbox 1140 796 1185 860; x_wconf 90' lang='lat' dir='ltr'>ad</span> 
     </span>
     <span class='ocr_line' id='line_1_5' title="bbox 81 889 1186 978; baseline 0.003 -24"><span class='ocrx_word' id='word_1_27' title='bbox 81 893 179 976; x_wconf 89' lang='lat' dir='ltr'>ipsum</span> <span class='ocrx_word' id='word_1_28' title='bbox 220 892 298 957; x_wconf 87' lang='lat' dir='ltr'>data</span> <span class='ocrx_word' id='word_1_29' title='bbox 339 891 524 958; x_wconf 74' lang='lat' dir='ltr'>Concilium</span> <span class='ocrx_word' id='word_1_30' title='bbox 566 889 833 956; x_wconf 88' lang='lat' dir='ltr'>Chalcedonense</span> <span class='ocrx_word' id='word_1_31' title='bbox 874 893 1010 978; x_wconf 86' lang='lat' dir='ltr'>ejusque</span> <span class='ocrx_word' id='word_1_32' title='bbox 1053 893 1186 957; x_wconf 87' lang='lat' dir='ltr'>decreta</span> 
     </span>
     <span class='ocr_line' id='line_1_6' title="bbox 80 989 1185 1076; baseline 0.002 -24"><span class='ocrx_word' id='word_1_33' title='bbox 80 989 296 1072; x_wconf 76' lang='lat' dir='ltr'>confimorcut.</span> <span class='ocrx_word' id='word_1_34' title='bbox 345 989 418 1070; x_wconf 81' lang='lat' dir='ltr'>Quo</span> <span class='ocrx_word' id='word_1_35' title='bbox 453 1013 529 1054; x_wconf 89' lang='lat' dir='ltr'>vero</span> <span class='ocrx_word' id='word_1_36' title='bbox 563 990 722 1076; x_wconf 89' lang='lat' dir='ltr'>ejusmodi</span> <span class='ocrx_word' id='word_1_37' title='bbox 754 989 948 1075; x_wconf 83' lang='lat' dir='ltr'>approbatio</span> <span class='ocrx_word' id='word_1_38' title='bbox 980 1000 1118 1076; x_wconf 80' lang='lat' dir='ltr'>spectet,</span> <span class='ocrx_word' id='word_1_39' title='bbox 1142 1012 1185 1054; x_wconf 85' lang='lat' dir='ltr'>ex</span> 
     </span>
     <span class='ocr_line' id='line_1_7' title="bbox 80 1087 1185 1173; baseline 0.004 -25"><span class='ocrx_word' id='word_1_40' title='bbox 80 1087 115 1148; x_wconf 92' lang='lat' dir='ltr'>iis</span> <span class='ocrx_word' id='word_1_41' title='bbox 136 1087 268 1171; x_wconf 88' lang='lat' dir='ltr'>colliges</span> <span class='ocrx_word' id='word_1_42' title='bbox 297 1110 381 1172; x_wconf 92' lang='lat' dir='ltr'>quae</span> <span class='ocrx_word' id='word_1_43' title='bbox 414 1088 454 1153; x_wconf 88' lang='lat' dir='ltr'>de</span> <span class='ocrx_word' id='word_1_44' title='bbox 484 1087 742 1153; x_wconf 88' lang='lat' dir='ltr'>confirmationis</span> <span class='ocrx_word' id='word_1_45' title='bbox 771 1097 889 1152; x_wconf 89' lang='lat' dir='ltr'>natura</span> <span class='ocrx_word' id='word_1_46' title='bbox 921 1090 1071 1173; x_wconf 88' lang='lat' dir='ltr'>superius</span> <span class='ocrx_word' id='word_1_47' title='bbox 1101 1089 1185 1152; x_wconf 82' lang='lat' dir='ltr'>dixi-</span> 
     </span>
     <span class='ocr_line' id='line_1_8' title="bbox 80 1184 1185 1271; baseline 0.003 -24"><span class='ocrx_word' id='word_1_48' title='bbox 80 1205 155 1249; x_wconf 87' lang='lat' dir='ltr'>mus.</span> <span class='ocrx_word' id='word_1_49' title='bbox 200 1184 365 1250; x_wconf 87' lang='lat' dir='ltr'>Videlicet</span> <span class='ocrx_word' id='word_1_50' title='bbox 393 1184 440 1250; x_wconf 90' lang='lat' dir='ltr'>illi</span> <span class='ocrx_word' id='word_1_51' title='bbox 473 1187 618 1271; x_wconf 84' lang='lat' dir='ltr'>episcopi</span> <span class='ocrx_word' id='word_1_52' title='bbox 648 1206 713 1250; x_wconf 93' lang='lat' dir='ltr'>non</span> <span class='ocrx_word' id='word_1_53' title='bbox 744 1207 868 1250; x_wconf 87' lang='lat' dir='ltr'>novum</span> <span class='ocrx_word' id='word_1_54' title='bbox 895 1185 996 1250; x_wconf 89' lang='lat' dir='ltr'>robur</span> <span class='ocrx_word' id='word_1_55' title='bbox 1018 1187 1185 1250; x_wconf 88' lang='lat' dir='ltr'>internum</span> 
     </span>
     <span class='ocr_line' id='line_1_9' title="bbox 80 1279 1185 1364; baseline 0.004 -20"><span class='ocrx_word' id='word_1_56' title='bbox 80 1279 211 1346; x_wconf 80' lang='lat' dir='ltr'>Consilii</span> <span class='ocrx_word' id='word_1_57' title='bbox 236 1282 375 1348; x_wconf 88' lang='lat' dir='ltr'>decretis</span> <span class='ocrx_word' id='word_1_58' title='bbox 398 1283 554 1364; x_wconf 91' lang='lat' dir='ltr'>tribuere,</span> <span class='ocrx_word' id='word_1_59' title='bbox 579 1282 636 1348; x_wconf 90' lang='lat' dir='ltr'>sed</span> <span class='ocrx_word' id='word_1_60' title='bbox 664 1282 810 1347; x_wconf 89' lang='lat' dir='ltr'>debitam</span> <span class='ocrx_word' id='word_1_61' title='bbox 834 1305 927 1348; x_wconf 88' lang='lat' dir='ltr'>suam</span> <span class='ocrx_word' id='word_1_62' title='bbox 950 1283 1185 1349; x_wconf 76' lang='lat' dir='ltr'>adhaesionem</span> 
     </span>
     <span class='ocr_line' id='line_1_10' title="bbox 11 1378 1186 1465; baseline 0.003 -23"><span class='ocrx_word' id='word_1_63' title='bbox 11 1437 12 1456; x_wconf 68' lang='lat'>,</span> <span class='ocrx_word' id='word_1_64' title='bbox 79 1378 259 1445; x_wconf 86' lang='lat' dir='ltr'>solemniter</span> <span class='ocrx_word' id='word_1_65' title='bbox 291 1380 508 1446; x_wconf 84' lang='lat' dir='ltr'>declararunt.</span> <span class='ocrx_word' id='word_1_66' title='bbox 555 1380 609 1445; x_wconf 88' lang='lat' dir='ltr'>Ab</span> <span class='ocrx_word' id='word_1_67' title='bbox 642 1381 805 1465; x_wconf 89' lang='lat' dir='ltr'>episcopis</span> <span class='ocrx_word' id='word_1_68' title='bbox 837 1381 937 1464; x_wconf 90' lang='lat' dir='ltr'>igitur</span> <span class='ocrx_word' id='word_1_69' title='bbox 961 1382 1129 1446; x_wconf 85' lang='lat' dir='ltr'>catholicis</span> <span class='ocrx_word' id='word_1_70' title='bbox 1153 1391 1186 1446; x_wconf 91' lang='lat' dir='ltr'>et</span> 
     </span>
     <span class='ocr_line' id='line_1_11' title="bbox 11 1467 1186 1564; baseline 0.006 -25"><span class='ocrx_word' id='word_1_71' title='bbox 11 1467 13 1558; x_wconf 52' lang='lat' dir='ltr'>J</span> <span class='ocrx_word' id='word_1_72' title='bbox 79 1497 103 1540; x_wconf 86' lang='lat' dir='ltr'>a.</span> <span class='ocrx_word' id='word_1_73' title='bbox 125 1476 157 1542; x_wconf 90' lang='lat' dir='ltr'>S.</span> <span class='ocrx_word' id='word_1_74' title='bbox 182 1477 293 1542; x_wconf 84' lang='lat' dir='ltr'>Leone</span> <span class='ocrx_word' id='word_1_75' title='bbox 318 1478 477 1542; x_wconf 88' lang='lat' dir='ltr'>Pontifice</span> <span class='ocrx_word' id='word_1_76' title='bbox 501 1499 631 1564; x_wconf 89' lang='lat' dir='ltr'>quoque</span> <span class='ocrx_word' id='word_1_77' title='bbox 655 1477 887 1564; x_wconf 86' lang='lat' dir='ltr'>interpellatus,</span> <span class='ocrx_word' id='word_1_78' title='bbox 912 1480 980 1544; x_wconf 93' lang='lat' dir='ltr'>Leo</span> <span class='ocrx_word' id='word_1_79' title='bbox 1003 1479 1186 1564; x_wconf 81' lang='lat' dir='ltr'>Imperator</span> 
     </span>
     <span class='ocr_line' id='line_1_12' title="bbox 11 1569 1185 1660; baseline 0.007 -24"><span class='ocrx_word' id='word_1_80' title='bbox 11 1569 13 1660; x_wconf 74' lang='lat' dir='ltr'>l</span> <span class='ocrx_word' id='word_1_81' title='bbox 78 1595 104 1638; x_wconf 88' lang='lat' dir='ltr'>a.</span> <span class='ocrx_word' id='word_1_82' title='bbox 125 1574 191 1640; x_wconf 80' lang='lat'>460</span> <span class='ocrx_word' id='word_1_83' title='bbox 213 1574 424 1640; x_wconf 85' lang='lat' dir='ltr'>Timotheum</span> <span class='ocrx_word' id='word_1_84' title='bbox 449 1577 556 1641; x_wconf 87' lang='lat' dir='ltr'>missis</span> <span class='ocrx_word' id='word_1_85' title='bbox 579 1577 753 1660; x_wconf 85' lang='lat' dir='ltr'>copiisex</span> <span class='ocrx_word' id='word_1_86' title='bbox 780 1574 858 1640; x_wconf 89' lang='lat' dir='ltr'>sede</span> <span class='ocrx_word' id='word_1_87' title='bbox 880 1575 1109 1644; x_wconf 82' lang='lat' dir='ltr'>Alexandrina</span> <span class='ocrx_word' id='word_1_88' title='bbox 1132 1577 1185 1644; x_wconf 90' lang='lat' dir='ltr'>de-</span> 
     </span>
     <span class='ocr_line' id='line_1_13' title="bbox 74 1670 1185 1758; baseline 0.006 -24"><span class='ocrx_word' id='word_1_89' title='bbox 74 1670 157 1754; x_wconf 84' lang='lat' dir='ltr'>jecit,</span> <span class='ocrx_word' id='word_1_90' title='bbox 173 1674 208 1736; x_wconf 92' lang='lat' dir='ltr'>in</span> <span class='ocrx_word' id='word_1_91' title='bbox 223 1671 462 1738; x_wconf 71' lang='lat' dir='ltr'>Chersonesum</span> <span class='ocrx_word' id='word_1_92' title='bbox 478 1694 552 1737; x_wconf 90' lang='lat' dir='ltr'>eum</span> <span class='ocrx_word' id='word_1_93' title='bbox 569 1673 737 1758; x_wconf 75' lang='lat' dir='ltr'>relegavit,</span> <span class='ocrx_word' id='word_1_94' title='bbox 754 1683 786 1736; x_wconf 89' lang='lat' dir='ltr'>et</span> <span class='ocrx_word' id='word_1_95' title='bbox 801 1673 844 1736; x_wconf 90' lang='lat' dir='ltr'>ad</span> <span class='ocrx_word' id='word_1_96' title='bbox 858 1673 969 1738; x_wconf 83' lang='lat' dir='ltr'>sedam</span> <span class='ocrx_word' id='word_1_97' title='bbox 984 1674 1071 1739; x_wconf 91' lang='lat' dir='ltr'>illius</span> <span class='ocrx_word' id='word_1_98' title='bbox 1085 1675 1185 1740; x_wconf 89' lang='lat' dir='ltr'>eccle·</span> 
     </span>
     <span class='ocr_line' id='line_1_14' title="bbox 11 1769 1185 1860; baseline 0.006 -30"><span class='ocrx_word' id='word_1_99' title='bbox 11 1851 12 1860; x_wconf 9' lang='grc' dir='ltr'>ἵ</span> <span class='ocrx_word' id='word_1_100' title='bbox 79 1769 138 1832; x_wconf 87' lang='lat' dir='ltr'>siae</span> <span class='ocrx_word' id='word_1_101' title='bbox 168 1769 245 1855; x_wconf 87' lang='lat' dir='ltr'>eligi</span> <span class='ocrx_word' id='word_1_102' title='bbox 276 1773 405 1834; x_wconf 86' lang='lat' dir='ltr'>curavit</span> <span class='ocrx_word' id='word_1_103' title='bbox 433 1772 621 1835; x_wconf 81' lang='lat' dir='ltr'>Timotheum</span> <span class='ocrx_word' id='word_1_104' title='bbox 653 1769 907 1856; x_wconf 81' lang='lat' dir='ltr'>Solophoeiolum</span> <span class='ocrx_word' id='word_1_105' title='bbox 938 1770 1088 1859; x_wconf 89' lang='lat' dir='ltr'>(album).</span> <span class='ocrx_word' id='word_1_106' title='bbox 1134 1773 1185 1838; x_wconf 89' lang='lat' dir='ltr'>Ita</span> 
     </span>
     <span class='ocr_line' id='line_1_15' title="bbox 78 1868 1107 1954; baseline 0.005 -24"><span class='ocrx_word' id='word_1_107' title='bbox 78 1868 187 1932; x_wconf 80' lang='lat' dir='ltr'>turbae</span> <span class='ocrx_word' id='word_1_108' title='bbox 210 1869 245 1932; x_wconf 92' lang='lat' dir='ltr'>in</span> <span class='ocrx_word' id='word_1_109' title='bbox 268 1868 420 1954; x_wconf 86' lang='lat' dir='ltr'>Aegypto</span> <span class='ocrx_word' id='word_1_110' title='bbox 445 1870 569 1954; x_wconf 75' lang='lat' dir='ltr'>sopitae</span> <span class='ocrx_word' id='word_1_111' title='bbox 593 1877 670 1932; x_wconf 90' lang='lat' dir='ltr'>sunt</span> <span class='ocrx_word' id='word_1_112' title='bbox 692 1889 795 1952; x_wconf 89' lang='lat' dir='ltr'>usque</span> <span class='ocrx_word' id='word_1_113' title='bbox 817 1868 861 1932; x_wconf 91' lang='lat' dir='ltr'>ad</span> <span class='ocrx_word' id='word_1_114' title='bbox 884 1889 1008 1932; x_wconf 88' lang='lat' dir='ltr'>annum</span> <span class='ocrx_word' id='word_1_115' title='bbox 1031 1871 1107 1936; x_wconf 84' lang='lat'>475.</span> 
     </span>
     <span class='ocr_line' id='line_1_16' title="bbox 159 1965 1183 2052; baseline 0.003 -22"><span class='ocrx_word' id='word_1_116' title='bbox 159 1965 190 2030; x_wconf 92' lang='grc'>6.</span> <span class='ocrx_word' id='word_1_117' title='bbox 215 1965 256 2029; x_wconf 85' lang='grc' dir='ltr'>Ιιι</span> <span class='ocrx_word' id='word_1_118' title='bbox 279 1965 376 2052; x_wconf 72' lang='lat' dir='ltr'>Syria</span> <span class='ocrx_word' id='word_1_119' title='bbox 398 1966 542 2032; x_wconf 90' lang='lat' dir='ltr'>haeresis</span> <span class='ocrx_word' id='word_1_120' title='bbox 556 1975 736 2052; x_wconf 86' lang='lat' dir='ltr'>propagata</span> <span class='ocrx_word' id='word_1_121' title='bbox 754 1966 817 2030; x_wconf 87' lang='lat' dir='ltr'>fnit</span> <span class='ocrx_word' id='word_1_122' title='bbox 839 1987 898 2052; x_wconf 92' lang='lat' dir='ltr'>per</span> <span class='ocrx_word' id='word_1_123' title='bbox 919 1965 1107 2032; x_wconf 73' lang='lat' dir='ltr'>Bormmom</span> <span class='ocrx_word' id='word_1_124' title='bbox 1129 1967 1183 2033; x_wconf 86' lang='lat' dir='ltr'>ab·</span> 
     </span>
     <span class='ocr_line' id='line_1_17' title="bbox 11 2059 1183 2150; baseline 0.006 -26"><span class='ocrx_word' id='word_1_125' title='bbox 11 2071 12 2086; x_wconf 65' lang='lat'>¹</span> <span class='ocrx_word' id='word_1_126' title='bbox 78 2059 191 2144; x_wconf 87' lang='lat' dir='ltr'>batem,</span> <span class='ocrx_word' id='word_1_127' title='bbox 216 2064 272 2148; x_wconf 90' lang='lat' dir='ltr'>qui</span> <span class='ocrx_word' id='word_1_128' title='bbox 303 2065 338 2127; x_wconf 93' lang='lat' dir='ltr'>in</span> <span class='ocrx_word' id='word_1_129' title='bbox 360 2063 613 2149; x_wconf 84' lang='lat' dir='ltr'>pseudosynodo</span> <span class='ocrx_word' id='word_1_130' title='bbox 637 2062 806 2150; x_wconf 80' lang='lat' dir='ltr'>Ephesius</span> <span class='ocrx_word' id='word_1_131' title='bbox 839 2063 1036 2128; x_wconf 84' lang='lat' dir='ltr'>Flavianum</span> <span class='ocrx_word' id='word_1_132' title='bbox 1065 2069 1183 2131; x_wconf 76' lang='lat' dir='ltr'>saeris·</span> 
     </span>
     <span class='ocr_line' id='line_1_18' title="bbox 78 2159 1184 2248; baseline 0.007 -28"><span class='ocrx_word' id='word_1_133' title='bbox 78 2159 151 2222; x_wconf 88' lang='lat' dir='ltr'>sime</span> <span class='ocrx_word' id='word_1_134' title='bbox 185 2169 402 2243; x_wconf 81' lang='lat' dir='ltr'>tractaverat3</span> <span class='ocrx_word' id='word_1_135' title='bbox 434 2170 533 2247; x_wconf 86' lang='lat' dir='ltr'>atque</span> <span class='ocrx_word' id='word_1_136' title='bbox 562 2163 662 2225; x_wconf 87' lang='lat' dir='ltr'>etiam</span> <span class='ocrx_word' id='word_1_137' title='bbox 695 2162 800 2244; x_wconf 86' lang='lat' dir='ltr'>magis</span> <span class='ocrx_word' id='word_1_138' title='bbox 831 2181 891 2245; x_wconf 90' lang='lat' dir='ltr'>per</span> <span class='ocrx_word' id='word_1_139' title='bbox 920 2161 1045 2227; x_wconf 83' lang='lat' dir='ltr'>Petrum</span> <span class='ocrx_word' id='word_1_140' title='bbox 1069 2185 1184 2248; x_wconf 92' lang='lat' dir='ltr'>cogno·</span> 
     </span>
     <span class='ocr_line' id='line_1_19' title="bbox 77 2258 1184 2326; baseline 0.006 -6"><span class='ocrx_word' id='word_1_141' title='bbox 77 2267 179 2322; x_wconf 86' lang='lat' dir='ltr'>mento</span> <span class='ocrx_word' id='word_1_142' title='bbox 214 2258 387 2324; x_wconf 80' lang='lat' dir='ltr'>Fullonem</span> <span class='ocrx_word' id='word_1_143' title='bbox 418 2259 627 2324; x_wconf 88' lang='lat' dir='ltr'>monachum.</span> <span class='ocrx_word' id='word_1_144' title='bbox 673 2259 739 2323; x_wconf 89' lang='lat' dir='ltr'>Hic</span> <span class='ocrx_word' id='word_1_145' title='bbox 767 2279 809 2322; x_wconf 87' lang='lat' dir='ltr'>ex</span> <span class='ocrx_word' id='word_1_146' title='bbox 833 2258 1087 2326; x_wconf 84' lang='lat' dir='ltr'>Acoemetarum</span> <span class='ocrx_word' id='word_1_147' title='bbox 1119 2283 1184 2326; x_wconf 91' lang='lat' dir='ltr'>mo·</span> 
     </span>
     <span class='ocr_line' id='line_1_20' title="bbox 77 2354 1186 2445; baseline 0.007 -29"><span class='ocrx_word' id='word_1_148' title='bbox 77 2357 211 2420; x_wconf 78' lang='lat' dir='ltr'>nestorio</span> <span class='ocrx_word' id='word_1_149' title='bbox 228 2354 371 2438; x_wconf 86' lang='lat' dir='ltr'>CPtano,</span> <span class='ocrx_word' id='word_1_150' title='bbox 395 2379 434 2422; x_wconf 87' lang='lat' dir='ltr'>ac</span> <span class='ocrx_word' id='word_1_151' title='bbox 459 2357 535 2421; x_wconf 92' lang='lat' dir='ltr'>dein</span> <span class='ocrx_word' id='word_1_152' title='bbox 559 2377 600 2420; x_wconf 85' lang='lat' dir='ltr'>ex</span> <span class='ocrx_word' id='word_1_153' title='bbox 615 2356 753 2420; x_wconf 91' lang='lat' dir='ltr'>ecclesia</span> <span class='ocrx_word' id='word_1_154' title='bbox 769 2355 1029 2422; x_wconf 90' lang='lat' dir='ltr'>Chalcedonensi</span> <span class='ocrx_word' id='word_1_155' title='bbox 1052 2369 1186 2445; x_wconf 92' lang='lat' dir='ltr'>propter</span> 
     </span>
     <span class='ocr_line' id='line_1_21' title="bbox 78 2449 1186 2545; baseline 0.005 -30"><span class='ocrx_word' id='word_1_156' title='bbox 78 2449 234 2517; x_wconf 81' lang='lat' dir='ltr'>haeresim</span> <span class='ocrx_word' id='word_1_157' title='bbox 257 2455 390 2540; x_wconf 90' lang='lat' dir='ltr'>ejectus,</span> <span class='ocrx_word' id='word_1_158' title='bbox 423 2456 516 2518; x_wconf 87' lang='lat' dir='ltr'>venit</span> <span class='ocrx_word' id='word_1_159' title='bbox 540 2453 760 2536; x_wconf 81' lang='lat' dir='ltr'>Antiochiam,</span> <span class='ocrx_word' id='word_1_160' title='bbox 783 2454 849 2545; x_wconf 75' lang='lat' dir='ltr'>lubi</span> <span class='ocrx_word' id='word_1_161' title='bbox 872 2455 1019 2518; x_wconf 88' lang='lat' dir='ltr'>favorem</span> <span class='ocrx_word' id='word_1_162' title='bbox 1042 2456 1186 2521; x_wconf 86' lang='lat' dir='ltr'>Zenonis</span> 
     </span>
     <span class='ocr_line' id='line_1_22' title="bbox 78 2551 1185 2638; baseline 0.005 -24"><span class='ocrx_word' id='word_1_163' title='bbox 78 2553 203 2634; x_wconf 86' lang='lat' dir='ltr'>patricii</span> <span class='ocrx_word' id='word_1_164' title='bbox 216 2563 250 2616; x_wconf 87' lang='lat' dir='ltr'>et</span> <span class='ocrx_word' id='word_1_165' title='bbox 264 2552 358 2618; x_wconf 89' lang='lat' dir='ltr'>ducis</span> <span class='ocrx_word' id='word_1_166' title='bbox 373 2553 542 2638; x_wconf 88' lang='lat' dir='ltr'>copiarum</span> <span class='ocrx_word' id='word_1_167' title='bbox 557 2551 765 2616; x_wconf 83' lang='lat' dir='ltr'>orientalium</span> <span class='ocrx_word' id='word_1_168' title='bbox 780 2561 974 2616; x_wconf 86' lang='lat' dir='ltr'>consecutus</span> <span class='ocrx_word' id='word_1_169' title='bbox 985 2560 1042 2618; x_wconf 90' lang='lat' dir='ltr'>est.</span> <span class='ocrx_word' id='word_1_170' title='bbox 1072 2553 1185 2618; x_wconf 90' lang='lat' dir='ltr'>Postu-</span> 
     </span>
     <span class='ocr_line' id='line_1_23' title="bbox 12 2637 1183 2737; baseline 0.004 -26"><span class='ocrx_word' id='word_1_171' title='bbox 12 2637 14 2662; x_wconf 63' lang='grc'><strong>’</strong></span> <span class='ocrx_word' id='word_1_172' title='bbox 78 2647 171 2731; x_wconf 78' lang='lat' dir='ltr'>lavit,</span> <span class='ocrx_word' id='word_1_173' title='bbox 212 2659 248 2713; x_wconf 90' lang='lat' dir='ltr'>ut</span> <span class='ocrx_word' id='word_1_174' title='bbox 278 2648 398 2715; x_wconf 87' lang='lat' dir='ltr'>celebri</span> <span class='ocrx_word' id='word_1_175' title='bbox 431 2651 583 2735; x_wconf 87' lang='lat' dir='ltr'>trisagio.</span> <span class='ocrx_word' id='word_1_176' title='bbox 621 2649 755 2713; x_wconf 78' lang='lat' dir='ltr'>Sanctus</span> <span class='ocrx_word' id='word_1_177' title='bbox 784 2650 888 2729; x_wconf 81' lang='lat' dir='ltr'>Deua,</span> <span class='ocrx_word' id='word_1_178' title='bbox 922 2648 1057 2714; x_wconf 79' lang='lat' dir='ltr'>Sanctus</span> <span class='ocrx_word' id='word_1_179' title='bbox 1071 2651 1183 2737; x_wconf 78' lang='lat' dir='ltr'>sortis,</span> 
     </span>
     <span class='ocr_line' id='line_1_24' title="bbox 12 2691 1185 2834; baseline 0.003 -24"><span class='ocrx_word' id='word_1_180' title='bbox 12 2691 15 2808; x_wconf 83' lang='lat' dir='ltr'>l</span> <span class='ocrx_word' id='word_1_181' title='bbox 79 2700 427 2827; x_wconf 55' lang='lat' dir='ltr'>&amp;castrametatis</span> <span class='ocrx_word' id='word_1_182' title='bbox 451 2747 736 2812; x_wconf 90' lang='lat' dir='ltr'>adderenturhae</span> <span class='ocrx_word' id='word_1_183' title='bbox 759 2767 874 2810; x_wconf 85' lang='lat' dir='ltr'>voces:</span> <span class='ocrx_word' id='word_1_184' title='bbox 915 2745 977 2820; x_wconf 74' lang='lat' dir='ltr'>Qut</span> <span class='ocrx_word' id='word_1_185' title='bbox 1001 2771 1064 2834; x_wconf 85' lang='lat' dir='ltr'>pro</span> <span class='ocrx_word' id='word_1_186' title='bbox 1094 2749 1185 2814; x_wconf 81' lang='lat' dir='ltr'>nobis</span> 
     </span>
     <span class='ocr_line' id='line_1_25' title="bbox 74 2844 1185 2930; baseline 0 -20"><span class='ocrx_word' id='word_1_187' title='bbox 74 2869 184 2930; x_wconf 75' lang='lat' dir='ltr'>poscae</span> <span class='ocrx_word' id='word_1_188' title='bbox 209 2869 250 2910; x_wconf 83' lang='lat' dir='ltr'>ea.</span> <span class='ocrx_word' id='word_1_189' title='bbox 296 2846 390 2909; x_wconf 91' lang='lat' dir='ltr'>Haeo</span> <span class='ocrx_word' id='word_1_190' title='bbox 412 2844 553 2910; x_wconf 85' lang='lat' dir='ltr'>formula</span> <span class='ocrx_word' id='word_1_191' title='bbox 586 2847 700 2910; x_wconf 87' lang='lat' dir='ltr'>merito</span> <span class='ocrx_word' id='word_1_192' title='bbox 724 2853 875 2929; x_wconf 87' lang='lat' dir='ltr'>suspecta</span> <span class='ocrx_word' id='word_1_193' title='bbox 906 2853 984 2928; x_wconf 88' lang='lat' dir='ltr'>erat,</span> <span class='ocrx_word' id='word_1_194' title='bbox 1009 2867 1110 2930; x_wconf 88' lang='lat' dir='ltr'>quum</span> <span class='ocrx_word' id='word_1_195' title='bbox 1135 2868 1185 2910; x_wconf 89' lang='lat' dir='ltr'>ca·</span> 
     </span>
     <span class='ocr_line' id='line_1_26' title="bbox 13 2942 1185 3028; baseline 0.002 -22"><span class='ocrx_word' id='word_1_196' title='bbox 13 2961 14 2964; x_wconf 71' lang='grc'>’</span> <span class='ocrx_word' id='word_1_197' title='bbox 78 2942 147 3007; x_wconf 90' lang='lat' dir='ltr'>dem</span> <span class='ocrx_word' id='word_1_198' title='bbox 170 2943 351 3028; x_wconf 88' lang='lat' dir='ltr'>significari</span> <span class='ocrx_word' id='word_1_199' title='bbox 375 2942 553 3024; x_wconf 87' lang='lat' dir='ltr'>videretur,</span> <span class='ocrx_word' id='word_1_200' title='bbox 577 2951 642 3006; x_wconf 88' lang='lat' dir='ltr'>tres</span> <span class='ocrx_word' id='word_1_201' title='bbox 660 2942 793 3007; x_wconf 87' lang='lat' dir='ltr'>divinas</span> <span class='ocrx_word' id='word_1_202' title='bbox 816 2963 971 3028; x_wconf 90' lang='lat' dir='ltr'>personas</span> <span class='ocrx_word' id='word_1_203' title='bbox 995 2943 1029 3006; x_wconf 92' lang='lat' dir='ltr'>in</span> <span class='ocrx_word' id='word_1_204' title='bbox 1053 2965 1185 3008; x_wconf 86' lang='lat' dir='ltr'>crucem</span> 
     </span>
     <span class='ocr_line' id='line_1_27' title="bbox 77 3038 1184 3124; baseline 0.003 -22"><span class='ocrx_word' id='word_1_205' title='bbox 77 3051 161 3105; x_wconf 83' lang='lat' dir='ltr'>actas</span> <span class='ocrx_word' id='word_1_206' title='bbox 174 3061 255 3122; x_wconf 88' lang='lat' dir='ltr'>esse,</span> <span class='ocrx_word' id='word_1_207' title='bbox 271 3039 324 3104; x_wconf 88' lang='lat' dir='ltr'>vel</span> <span class='ocrx_word' id='word_1_208' title='bbox 341 3039 489 3105; x_wconf 85' lang='lat' dir='ltr'>divinam</span> <span class='ocrx_word' id='word_1_209' title='bbox 503 3049 654 3104; x_wconf 87' lang='lat' dir='ltr'>naturam</span> <span class='ocrx_word' id='word_1_210' title='bbox 672 3041 857 3124; x_wconf 86' lang='lat' dir='ltr'>passionem</span> <span class='ocrx_word' id='word_1_211' title='bbox 880 3038 1029 3105; x_wconf 86' lang='lat' dir='ltr'>subiisse</span> <span class='ocrx_word' id='word_1_212' title='bbox 1073 3040 1184 3121; x_wconf 82' lang='lat' dir='ltr'>Quum</span> 
     </span>
     <span class='ocr_line' id='line_1_28' title="bbox 13 3136 1184 3224; baseline 0.005 -27"><span class='ocrx_word' id='word_1_213' title='bbox 13 3153 15 3197; x_wconf 80' lang='grc' dir='ltr'>ι</span> <span class='ocrx_word' id='word_1_214' title='bbox 78 3139 173 3224; x_wconf 88' lang='lat' dir='ltr'>igitur</span> <span class='ocrx_word' id='word_1_215' title='bbox 194 3139 375 3222; x_wconf 80' lang='lat' dir='ltr'>Martyrios</span> <span class='ocrx_word' id='word_1_216' title='bbox 397 3137 590 3204; x_wconf 88' lang='lat' dir='ltr'>Patriaroha</span> <span class='ocrx_word' id='word_1_217' title='bbox 610 3137 838 3202; x_wconf 87' lang='lat' dir='ltr'>Antiochenus</span> <span class='ocrx_word' id='word_1_218' title='bbox 861 3138 890 3200; x_wconf 91' lang='lat' dir='ltr'>ei</span> <span class='ocrx_word' id='word_1_219' title='bbox 915 3136 1050 3222; x_wconf 87' lang='lat' dir='ltr'>obsequi</span> <span class='ocrx_word' id='word_1_220' title='bbox 1073 3138 1184 3220; x_wconf 93' lang='lat' dir='ltr'>nollet,</span> 
     </span>
     <span class='ocr_line' id='line_1_29' title="bbox 14 3201 1184 3323; baseline 0.002 -25"><span class='ocrx_word' id='word_1_221' title='bbox 14 3201 16 3308; x_wconf 81' lang='lat' dir='ltr'>l</span> <span class='ocrx_word' id='word_1_222' title='bbox 77 3238 141 3322; x_wconf 92' lang='lat' dir='ltr'>ipso</span> <span class='ocrx_word' id='word_1_223' title='bbox 166 3237 294 3323; x_wconf 88' lang='lat' dir='ltr'>dejecto</span> <span class='ocrx_word' id='word_1_224' title='bbox 317 3237 434 3300; x_wconf 82' lang='lat' dir='ltr'>Petrus</span> <span class='ocrx_word' id='word_1_225' title='bbox 457 3257 486 3300; x_wconf 90' lang='lat' dir='ltr'>a</span> <span class='ocrx_word' id='word_1_226' title='bbox 510 3237 573 3300; x_wconf 83' lang='lat'>471</span> <span class='ocrx_word' id='word_1_227' title='bbox 599 3234 710 3298; x_wconf 91' lang='lat' dir='ltr'>sedem</span> <span class='ocrx_word' id='word_1_228' title='bbox 734 3233 979 3298; x_wconf 89' lang='lat' dir='ltr'>Antiochenam</span> <span class='ocrx_word' id='word_1_229' title='bbox 1002 3237 1184 3321; x_wconf 88' lang='lat' dir='ltr'>usurpavit.</span> 
     </span>
     <span class='ocr_line' id='line_1_30' title="bbox 77 3331 1184 3424; baseline 0.003 -27.838"><span class='ocrx_word' id='word_1_230' title='bbox 77 3335 137 3399; x_wconf 82' lang='lat' dir='ltr'>Sed</span> <span class='ocrx_word' id='word_1_231' title='bbox 148 3335 217 3399; x_wconf 88' lang='lat' dir='ltr'>Leo</span> <span class='ocrx_word' id='word_1_232' title='bbox 241 3335 424 3424; x_wconf 92' lang='lat' dir='ltr'>Imperator</span> <span class='ocrx_word' id='word_1_233' title='bbox 446 3345 560 3398; x_wconf 87' lang='lat' dir='ltr'>contra</span> <span class='ocrx_word' id='word_1_234' title='bbox 582 3333 719 3397; x_wconf 87' lang='lat' dir='ltr'>Petrum</span> <span class='ocrx_word' id='word_1_235' title='bbox 742 3331 915 3397; x_wconf 84' lang='lat' dir='ltr'>Fullonem</span> <span class='ocrx_word' id='word_1_236' title='bbox 948 3333 1184 3419; x_wconf 89' lang='lat' dir='ltr'>interpellatus,</span> 
     </span>
     <span class='ocr_line' id='line_1_31' title="bbox 76 3429 1186 3516; baseline 0.001 -20"><span class='ocrx_word' id='word_1_237' title='bbox 76 3454 146 3496; x_wconf 90' lang='lat' dir='ltr'>eum</span> <span class='ocrx_word' id='word_1_238' title='bbox 169 3433 320 3500; x_wconf 77' lang='lat' dir='ltr'>Parim</span> <span class='ocrx_word' id='word_1_239' title='bbox 311 3455 347 3496; x_wconf 89' lang='lat' dir='ltr'>m</span> <span class='ocrx_word' id='word_1_240' title='bbox 378 3430 530 3516; x_wconf 82' lang='lat' dir='ltr'>Aegypto</span> <span class='ocrx_word' id='word_1_241' title='bbox 554 3430 733 3516; x_wconf 89' lang='lat' dir='ltr'>relegavit,</span> <span class='ocrx_word' id='word_1_242' title='bbox 700 3439 732 3494; x_wconf 90' lang='lat' dir='ltr'>t·</span> <span class='ocrx_word' id='word_1_243' title='bbox 768 3429 945 3495; x_wconf 87' lang='lat' dir='ltr'>adsedem</span> <span class='ocrx_word' id='word_1_244' title='bbox 969 3451 1047 3495; x_wconf 88' lang='lat' dir='ltr'>vero</span> <span class='ocrx_word' id='word_1_245' title='bbox 1072 3431 1186 3497; x_wconf 85' lang='lat' dir='ltr'>Antio·</span> 
     </span>
     <span class='ocr_line' id='line_1_32' title="bbox 14 3527 731 3596; baseline -0.006 -2"><span class='ocrx_word' id='word_1_246' title='bbox 14 3553 15 3583; x_wconf 73' lang='grc' dir='ltr'>ι</span> <span class='ocrx_word' id='word_1_247' title='bbox 76 3530 211 3596; x_wconf 88' lang='lat' dir='ltr'>ohenam</span> <span class='ocrx_word' id='word_1_248' title='bbox 236 3541 315 3595; x_wconf 89' lang='lat' dir='ltr'>tuno</span> <span class='ocrx_word' id='word_1_249' title='bbox 339 3539 473 3595; x_wconf 89' lang='lat' dir='ltr'>evectus</span> <span class='ocrx_word' id='word_1_250' title='bbox 496 3539 545 3594; x_wconf 90' lang='lat' dir='ltr'>est</span> <span class='ocrx_word' id='word_1_251' title='bbox 567 3527 731 3594; x_wconf 85' lang='lat' dir='ltr'>Julianus.</span> 
     </span>
     <span class='ocr_line' id='line_1_33' title="bbox 161 3623 1356 3715; baseline -0.002 -23"><span class='ocrx_word' id='word_1_252' title='bbox 161 3630 190 3694; x_wconf 77' lang='lat'>7.</span> <span class='ocrx_word' id='word_1_253' title='bbox 213 3630 292 3695; x_wconf 89' lang='lat' dir='ltr'>Post</span> <span class='ocrx_word' id='word_1_254' title='bbox 308 3637 445 3692; x_wconf 86' lang='lat' dir='ltr'>mortem</span> <span class='ocrx_word' id='word_1_255' title='bbox 459 3629 581 3692; x_wconf 88' lang='lat' dir='ltr'>Leonis</span> <span class='ocrx_word' id='word_1_256' title='bbox 595 3626 639 3715; x_wconf 86' lang='lat' dir='ltr'>(a.</span> <span class='ocrx_word' id='word_1_257' title='bbox 655 3624 744 3710; x_wconf 80' lang='lat'>474),</span> <span class='ocrx_word' id='word_1_258' title='bbox 762 3624 822 3689; x_wconf 89' lang='lat' dir='ltr'>sub</span> <span class='ocrx_word' id='word_1_259' title='bbox 839 3645 903 3708; x_wconf 92' lang='lat' dir='ltr'>quo</span> <span class='ocrx_word' id='word_1_260' title='bbox 919 3623 1081 3689; x_wconf 91' lang='lat' dir='ltr'>Catholici</span> <span class='ocrx_word' id='word_1_261' title='bbox 1095 3647 1184 3710; x_wconf 90' lang='lat' dir='ltr'>prae·</span> <span class='ocrx_word' id='word_1_262' title='bbox 1196 3648 1294 3690; x_wconf 71' lang='grc' dir='ltr'>ιιιιιικι</span> <span class='ocrx_word' id='word_1_263' title='bbox 1311 3649 1356 3690; x_wconf 77' lang='lat' dir='ltr'>m·</span> 
     </span>
     <span class='ocr_line' id='line_1_34' title="bbox 15 3709 1318 3810; baseline -0.003 -20"><span class='ocrx_word' id='word_1_264' title='bbox 15 3741 16 3800; x_wconf 71' lang='lat'>3</span> <span class='ocrx_word' id='word_1_265' title='bbox 74 3727 244 3792; x_wconf 82' lang='lat' dir='ltr'>valuerant</span> <span class='ocrx_word' id='word_1_266' title='bbox 265 3725 520 3809; x_wconf 83' lang='lat' dir='ltr'>Eutychianis,</span> <span class='ocrx_word' id='word_1_267' title='bbox 512 3725 687 3810; x_wconf 80' lang='lat' dir='ltr'>imperium</span> <span class='ocrx_word' id='word_1_268' title='bbox 702 3724 879 3807; x_wconf 78' lang='lat' dir='ltr'>occupavit</span> <span class='ocrx_word' id='word_1_269' title='bbox 890 3723 994 3802; x_wconf 79' lang='lat' dir='ltr'>Zeno,</span> <span class='ocrx_word' id='word_1_270' title='bbox 1017 3721 1074 3786; x_wconf 90' lang='lat' dir='ltr'>sed</span> <span class='ocrx_word' id='word_1_271' title='bbox 1098 3745 1185 3786; x_wconf 88' lang='lat' dir='ltr'>anno</span> <span class='ocrx_word' id='word_1_272' title='bbox 1223 3721 1261 3760; x_wconf 72' lang='lat'>⁶¹⁰</span> <span class='ocrx_word' id='word_1_273' title='bbox 1249 3709 1318 3752; x_wconf 58' lang='lat' dir='ltr'>“um</span> 
     </span>
     <span class='ocr_line' id='line_1_35' title="bbox 15 3819 1185 3910; baseline -0.004 -21"><span class='ocrx_word' id='word_1_274' title='bbox 15 3825 16 3848; x_wconf 62' lang='lat'><em>*</em></span> <span class='ocrx_word' id='word_1_275' title='bbox 74 3835 225 3910; x_wconf 87' lang='lat' dir='ltr'>sequente</span> <span class='ocrx_word' id='word_1_276' title='bbox 262 3825 409 3910; x_wconf 89' lang='lat' dir='ltr'>dejectus</span> <span class='ocrx_word' id='word_1_277' title='bbox 446 3823 509 3887; x_wconf 89' lang='lat' dir='ltr'>fuit</span> <span class='ocrx_word' id='word_1_278' title='bbox 542 3845 562 3888; x_wconf 87' lang='lat' dir='ltr'>a</span> <span class='ocrx_word' id='word_1_279' title='bbox 592 3819 760 3886; x_wconf 82' lang='lat' dir='ltr'>Basilisco.</span> <span class='ocrx_word' id='word_1_280' title='bbox 806 3819 839 3884; x_wconf 91' lang='lat' dir='ltr'>Is</span> <span class='ocrx_word' id='word_1_281' title='bbox 876 3830 912 3883; x_wconf 88' lang='lat' dir='ltr'>ut</span> <span class='ocrx_word' id='word_1_282' title='bbox 944 3819 1185 3884; x_wconf 87' lang='lat' dir='ltr'>haereticorum</span> 
     </span>
     <span class='ocr_line' id='line_1_36' title="bbox 15 3916 1185 4008; baseline -0.007 -21"><span class='ocrx_word' id='word_1_283' title='bbox 15 3939 16 3954; x_wconf 64' lang='lat'>¹</span> <span class='ocrx_word' id='word_1_284' title='bbox 74 3924 210 4008; x_wconf 85' lang='lat' dir='ltr'>gratiam</span> <span class='ocrx_word' id='word_1_285' title='bbox 243 3923 306 3986; x_wconf 91' lang='lat' dir='ltr'>sibi</span> <span class='ocrx_word' id='word_1_286' title='bbox 340 3929 553 4006; x_wconf 85' lang='lat' dir='ltr'>compararet,</span> <span class='ocrx_word' id='word_1_287' title='bbox 583 3939 695 3984; x_wconf 88' lang='lat' dir='ltr'>eorum</span> <span class='ocrx_word' id='word_1_288' title='bbox 729 3916 940 4002; x_wconf 86' lang='lat' dir='ltr'>coryphaeos,</span> <span class='ocrx_word' id='word_1_289' title='bbox 972 3916 1185 3980; x_wconf 82' lang='lat' dir='ltr'>Timotheum</span> 
     </span>
     <span class='ocr_line' id='line_1_37' title="bbox 73 4014 1186 4098; baseline -0.007 -12"><span class='ocrx_word' id='word_1_290' title='bbox 73 4020 229 4086; x_wconf 81' lang='lat' dir='ltr'>Aelurum</span> <span class='ocrx_word' id='word_1_291' title='bbox 253 4031 286 4084; x_wconf 87' lang='lat' dir='ltr'>et</span> <span class='ocrx_word' id='word_1_292' title='bbox 300 4020 434 4084; x_wconf 90' lang='lat' dir='ltr'>Petrum</span> <span class='ocrx_word' id='word_1_293' title='bbox 449 4018 632 4098; x_wconf 88' lang='lat' dir='ltr'>Fullonem,</span> <span class='ocrx_word' id='word_1_294' title='bbox 648 4016 690 4080; x_wconf 93' lang='lat' dir='ltr'>ab</span> <span class='ocrx_word' id='word_1_295' title='bbox 705 4014 805 4079; x_wconf 85' lang='lat' dir='ltr'>exilio</span> <span class='ocrx_word' id='word_1_296' title='bbox 822 4016 1001 4094; x_wconf 88' lang='lat' dir='ltr'>revocavit,</span> <span class='ocrx_word' id='word_1_297' title='bbox 1017 4023 1050 4077; x_wconf 91' lang='lat' dir='ltr'>et</span> <span class='ocrx_word' id='word_1_298' title='bbox 1072 4036 1102 4079; x_wconf 90' lang='lat' dir='ltr'>a.</span> <span class='ocrx_word' id='word_1_299' title='bbox 1119 4015 1186 4078; x_wconf 81' lang='lat'>476</span> 
     </span>
     <span class='ocr_line' id='line_1_38' title="bbox 74 4111 1185 4207; baseline -0.006 -23"><span class='ocrx_word' id='word_1_300' title='bbox 74 4119 236 4207; x_wconf 89' lang='lat' dir='ltr'>publicato</span> <span class='ocrx_word' id='word_1_301' title='bbox 261 4117 369 4183; x_wconf 90' lang='lat' dir='ltr'>edicto</span> <span class='ocrx_word' id='word_1_302' title='bbox 392 4117 480 4203; x_wconf 91' lang='lat' dir='ltr'>quod</span> <span class='ocrx_word' id='word_1_303' title='bbox 512 4114 699 4202; x_wconf 52' lang='lat' dir='ltr'>&amp;melicos</span> <span class='ocrx_word' id='word_1_304' title='bbox 732 4113 861 4194; x_wconf 87' lang='lat' dir='ltr'>dicitur,</span> <span class='ocrx_word' id='word_1_305' title='bbox 886 4111 1039 4176; x_wconf 88' lang='lat' dir='ltr'>omnibus</span> <span class='ocrx_word' id='word_1_306' title='bbox 1063 4113 1185 4198; x_wconf 90' lang='lat' dir='ltr'>episco-</span> 
     </span>
     <span class='ocr_line' id='line_1_39' title="bbox 73 4209 1186 4304; baseline -0.008 -22"><span class='ocrx_word' id='word_1_307' title='bbox 73 4221 123 4304; x_wconf 89' lang='lat' dir='ltr'>pis</span> <span class='ocrx_word' id='word_1_308' title='bbox 145 4227 177 4281; x_wconf 90' lang='lat' dir='ltr'>et</span> <span class='ocrx_word' id='word_1_309' title='bbox 199 4217 326 4282; x_wconf 88' lang='lat' dir='ltr'>clericis</span> <span class='ocrx_word' id='word_1_310' title='bbox 350 4215 410 4280; x_wconf 89' lang='lat' dir='ltr'>sub</span> <span class='ocrx_word' id='word_1_311' title='bbox 446 4236 552 4300; x_wconf 86' lang='lat' dir='ltr'>poena</span> <span class='ocrx_word' id='word_1_312' title='bbox 581 4212 804 4299; x_wconf 89' lang='lat' dir='ltr'>depositionis,</span> <span class='ocrx_word' id='word_1_313' title='bbox 834 4209 1003 4274; x_wconf 86' lang='lat' dir='ltr'>monachis</span> <span class='ocrx_word' id='word_1_314' title='bbox 1031 4219 1063 4273; x_wconf 88' lang='lat' dir='ltr'>et</span> <span class='ocrx_word' id='word_1_315' title='bbox 1088 4210 1186 4274; x_wconf 87' lang='lat' dir='ltr'>laicis</span> 
     </span>
    </p>
   </div>
   <div class='ocr_carea' id='block_1_3' title="bbox 0 0 1422 4804">
    <p class='ocr_par' dir='ltr' id='par_1_3' title="bbox 0 0 1422 4804">
     <span class='ocr_line' id='line_1_40' title="bbox 0 0 1422 4804; baseline 0 1"><span class='ocrx_word' id='word_1_316' title='bbox 0 0 1422 4804; x_wconf 95' lang='lat' dir='ltr'> </span> 
     </span>
    </p>
   </div>
  </div>
 </body>
</html>
