2766 4836
228 441 262 494 42
474 441 514 494 De
533 440 679 496 Arioniemi
698 439 764 494 letis
783 455 815 494 ao
831 440 865 494 de
886 440 963 509 lapan
981 441 1091 498 Liberii.

227 606 291 664 eor,
315 586 507 650 ecowtireirni
527 587 591 649 oiri
612 585 728 663 Basili,
744 585 892 650 Eurtlleti
915 597 945 649 et
959 585 1078 666 Eleon,
1100 611 1141 652 ne
1155 587 1232 674 quid
1254 612 1330 652 reon·
1370 587 1371 644 l

228 682 299 747 doli
321 682 501 769 efferretur,
538 684 695 748 abolenda
732 685 874 748 tenuiore.
933 681 1022 756 Qrtae
1049 687 1078 749 ei
1113 697 1194 749 recte
1225 689 1331 772 scripto
1370 711 1371 724 ¹

228 791 309 858 nnat,
335 783 433 846 teceri
454 803 518 846 non
541 781 720 846 debuemnt.
769 780 806 844 Si
819 791 922 844 autem
937 783 1013 866 quio
1035 805 1098 847 non
1120 795 1202 848 reete
1225 786 1332 870 scripto

228 890 300 942 sunl
323 903 404 944 nuno
428 889 586 958 tacentur,
619 879 791 944 carendum
823 889 887 957 eet,
919 903 958 942 ne
981 879 1157 966 aliquando
1181 882 1329 945 dicontur.

228 977 365 1041 Por-eene
387 979 469 1042 enirn
491 978 529 1042 cle
552 980 600 1040 la
624 977 724 1041 adhue
746 977 826 1041 acilii
848 977 939 1040 dioc:
972 989 1075 1042 tamen
1104 1001 1222 1042 meeum
1243 1003 1330 1064 recep·

227 1077 365 1153 neruine,
389 1077 472 1161 quod
494 1099 558 1140 non
580 1077 628 1140 ito
651 1077 751 1140 omnir
772 1076 949 1160 cenreipta
972 1077 1060 1161 opud
1083 1077 1244 1164 Ancyram
1257 1078 1330 1160 fidu

227 1195 259 1235 ee
281 1173 422 1238 latebat.
472 1175 546 1238 Non
570 1173 683 1258 famae
706 1172 858 1259 fabulam
890 1173 1017 1258 loquer,
1052 1174 1233 1240 litterarum
1249 1173 1331 1258 fidem

228 1281 325 1349 teneo,
357 1294 421 1335 non
454 1296 474 1335 a
507 1273 599 1336 luicio
622 1282 786 1358 ramptano,
819 1271 874 1334 red
906 1271 946 1335 ab
970 1273 1125 1360 epiecopie
1157 1273 1275 1337 dotem
1297 1309 1330 1318 -

227 1369 343 1454 ltaque
376 1370 501 1434 clerum
535 1381 591 1452 eet,
626 1369 659 1436 S.
682 1369 849 1434 Hilarium
882 1369 1071 1434 distinxisse
1104 1373 1191 1435 inter
1214 1370 1331 1434 decreta

228 1465 417 1551 Ancyrana,
439 1491 523 1554 quae
547 1491 612 1533 non
637 1469 747 1532 omnia
771 1467 897 1552 probat,
922 1478 955 1531 et
977 1471 1113 1532 istorum
1138 1479 1266 1555 partem
1279 1469 1332 1531 nir-

229 1566 285 1628 mii
309 1577 485 1652 receptam,
516 1569 586 1631 aive
619 1567 794 1632 duodecim
825 1566 1132 1649 anathematismos,
1164 1569 1199 1632 in
1224 1566 1332 1651 quibus

229 1663 307 1726 nillil
329 1667 518 1750 eoqrioionie
540 1667 680 1730 relictum
704 1675 758 1730 eet.

317 1762 369 1827 58.
394 1763 468 1830 Hoc
491 1763 571 1844 loco,
596 1773 632 1826 ut
660 1764 846 1827 accuratius
876 1762 954 1826 dein
987 1763 1117 1847 singula
1141 1763 1331 1848 perpendero

104 1850 152 1878 ’π’
172 1849 191 1878 ⁰'
227 1861 399 1945 possimus,
423 1863 647 1926 interserimus
672 1881 710 1925 ea
729 1883 814 1947 quae
828 1860 1029 1925 Soaomenus
1042 1861 1084 1925 de
1100 1861 1227 1926 Libcrii
1250 1862 1332 1946 lapan

229 1969 348 2040 narrat,
371 1981 476 2045 quum
498 1962 696 2024 recentiores
724 1969 886 2042 auctores,
912 1959 1110 2041 utiHefele,
1135 1962 1178 2024 iis
1203 1961 1332 2024 maxime

229 2057 391 2122 insistant.
437 2056 656 2123 sozomenum
679 2069 790 2122 tamen
815 2079 932 2139 errare,
957 2055 1158 2124 videbimus.
1197 2057 1332 2123 Sozomc-

230 2177 291 2218 nus
315 2157 415 2240 igitur
438 2155 481 2221 H.
504 2157 543 2222 E.
568 2158 607 2221 L.
631 2155 690 2221 IV.
715 2179 743 2220 c.
770 2157 810 2219 13
834 2167 981 2222 enarrat:
1009 2154 1172 2228 Quomodo
1197 2155 1332 2221 Eudoxio

229 2277 279 2318 rer
300 2275 398 2318 norror
422 2258 562 2342 optinente
598 2255 751 2342 Georyiue
782 2254 978 2317 leodicenus
1008 2254 1133 2318 litterar
1156 2257 1284 2332 mireril,
1304 2263 1332 2314 at

230 2375 297 2414 com
319 2355 514 2438 reprimeret,
548 2365 577 2417 et
606 2353 644 2417 cle
676 2354 780 2418 mirsia
810 2352 849 2415 ab
877 2351 1046 2439 Aneyrcao
1075 2353 1210 2418 coneilio
1234 2351 1333 2438 leporio

231 2449 274 2512 rui
301 2447 525 2516 Constantium.
573 2452 662 2515 Dein
685 2474 713 2514 c.
746 2451 787 2513 14
809 2450 965 2513 refertur:
1005 2445 1188 2516 Constantii
1211 2453 1331 2536 Impera·

231 2551 307 2612 toria
330 2549 475 2634 epietolo,
506 2573 568 2636 qao
591 2549 758 2614 Endoniue
790 2559 820 2612 et
842 2549 897 2634 qni
928 2571 995 2612 eunt
1026 2571 1061 2612 eo
1085 2561 1179 2613 erent
1195 2549 1333 2639 jubentur

231 2647 356 2732 repelli.
404 2647 497 2712 Haec
521 2669 609 2728 voro,
633 2667 742 2711 errore
766 2647 875 2732 quoad
896 2657 1024 2731 ternpus
1048 2656 1080 2711 et
1103 2645 1215 2733 quoad
1238 2647 1331 2711 locun

231 2747 413 2826 commisso,
425 2745 625 2810 Sozorncnue
649 2747 805 2831 supponit
828 2766 894 2810 nou
909 2743 1032 2828 Sirmii,
1056 2745 1113 2810 eod
1134 2745 1259 2810 Romae
1280 2741 1330 2828 (ull

231 2841 375 2929 videtur)
399 2843 568 2909 accidisse.
592 2831 594 2838 ’
614 2844 726 2928 Pergit
757 2863 835 2907 vero
860 2861 888 2907 c.
915 2844 972 2906 15:
1021 2844 1119 2908 Haud
1150 2844 1249 2908 multo
1270 2845 1332 2928 poll

231 2941 406 3025 imperator
429 2943 468 3006 oh
491 2943 566 3006 urbe
589 2945 691 3010 Romo
716 2941 864 3004 Sirmium
894 2959 1044 3018 revertur,
1069 2963 1136 3004 cnm
1165 2940 1331 3006 Occidente·

232 3038 276 3102 ier
300 3041 439 3126 epiceopi
461 3041 647 3126 lepotionern·
679 3039 722 3103 ad
754 3061 821 3102 eurn
853 3041 1019 3116 mieireent,
1044 3037 1203 3103 Liberium
1228 3039 1331 3102 Beroea

233 3139 276 3200 orl
299 3161 330 3202 ee
354 3140 493 3202 accersit.
544 3136 676 3224 Cumque
692 3135 839 3200 adessent
854 3136 952 3222 iepati
966 3139 1182 3222 episcoporum
1199 3132 1331 3204 Orneus,

232 3239 409 3302 eorevoentir
432 3235 778 3321 sacerdotibusque
801 3236 948 3300 comitatu
971 3246 1077 3312 erant,
1103 3230 1259 3298 Liberium
1280 3251 1332 3294 roe·

227 3337 281 3420 pn
304 3334 495 3421 compellere,
528 3345 563 3398 ut
586 3333 703 3397 Filium
738 3331 829 3396 Patri
859 3353 923 3396 non
955 3355 1019 3396 eree
1052 3326 1332 3396 consubstantialem

228 3433 437 3518 profiterentr.
483 3433 651 3496 Instabont
674 3441 785 3511 antem,
810 3439 840 3493 et
850 3432 1072 3515 Imperatorem
1096 3429 1140 3494 ad
1161 3430 1218 3492 loce
1238 3420 1329 3510 impel-

234 3529 341 3593 lebant
364 3530 516 3608 Rutiliae,
542 3529 725 3618 liuetotlriue
756 3538 786 3591 et
801 3527 965 3606 'Eleum
988 3529 1044 3614 qui
1062 3525 1238 3613 praecipue
1260 3515 1332 3608 apel

235 3629 338 3715 iprum
370 3631 557 3693 anctoritate
586 3625 796 3714 pollebanu).
856 3623 919 3698 Qui
955 3647 1022 3688 orem
1058 3647 1096 3689 ee
1128 3645 1207 3710 qnae
1238 3628 1330 3685 rent-m

236 3725 369 3790 Ponione
392 3725 641 3791 Samoreteneem
663 3735 693 3788 et
711 3733 822 3788 contra
849 3724 1017 3788 Plotinum
1039 3725 1216 3809 episcopum
1238 3712 1332 3782 Sir-aii

236 3826 360 3888 decreto
376 3825 522 3910 fuerant,
556 3847 593 3887 oo
611 3833 781 3909 praeterea
797 3821 877 3906 ,idei
898 3819 1068 3903 immolent
1094 3823 1129 3884 in
1151 3813 1331 3882 dedicentur

236 3923 438 3987 Antiochensi
461 3923 578 3985 editam
600 3923 635 3984 ia
656 3941 752 3985 anemo
787 3931 859 3983 tune
888 3919 1026 3984 libellam
1050 3919 1256 4008 conjecissent,
1273 3931 1331 3996 plr-

311 4145 329 4215 ι)
348 4143 438 4198 Facile
456 4144 538 4208 vides,
557 4141 779 4198 nonnullatenus
798 4139 917 4210 componi
930 4155 989 4195 cum
1008 4155 1099 4194 eorum
1118 4137 1214 4208 egendi
1232 4132 1328 4188 ratione

236 4226 279 4279 nti
297 4239 330 4278 ex
349 4224 374 4279 S.
394 4224 499 4278 Hilario
517 4225 660 4292 colligitur.
