2836 4804
209 437 263 489 348
618 435 658 490 De
677 435 764 490 tribas
783 436 921 505 Capitulis.

209 589 344 644 caseum
367 579 558 643 desidorium
580 589 795 664 coquoscsates
824 583 1001 661 aucmentis,
1025 585 1121 648 atde
1145 587 1245 651 tribou
1269 586 1311 652 Co

204 676 333 763 pinalis,
358 675 531 762 exquibus
554 677 695 760 qaeestio
714 687 794 740 nata
818 687 872 757 est,
888 678 983 765 sacto
1005 679 1147 765 rcqsslasi
1170 695 1322 758 maccam,

208 785 336 838 seruato
359 776 531 860 aequitate,
554 773 667 838 mediis
691 778 900 840 sacrosanctis
914 777 1107 863 Errmtqeliis,
1131 779 1322 846 collaborem

209 895 277 936 cam
300 874 399 937 anias
413 871 577 958 fractior
598 870 759 957 (Orientis
782 882 815 936 et
827 873 1032 960 Occidentis)
1055 876 1227 943 habeantne
1248 876 1322 965 (ἅμα

208 964 460 1046 τοῖςὲνωθεῖσιν
482 967 556 1055 ἡμῖν
580 966 756 1056 ἀδελφοῖς),
781 981 811 1034 et
824 971 905 1054 ficis
933 973 1024 1037 denir
1044 973 1187 1060 placitas
1198 977 1275 1053 Deo,
1297 987 1323 1039 s!

209 1069 393 1132 omsveat'eus
415 1069 463 1130 bis
486 1091 564 1154 qaas
588 1089 609 1130 a
630 1070 750 1132 emicas
772 1078 906 1154 quatior
928 1069 1060 1155 definita
1082 1083 1155 1136 suat
1170 1071 1323 1148 Conciliis,

209 1169 341 1231 saeuas
363 1166 477 1251 atique,
502 1167 582 1229 sieta
605 1177 635 1229 et
657 1168 826 1230 commanis
842 1167 1057 1254 professionis
1080 1171 1257 1234 testimonio
1278 1171 1324 1234 ds-

182 1265 187 1279 '
211 1265 363 1341 claretur,
390 1274 633 1328 memoratas-sua
656 1261 854 1350 synodorum
885 1267 920 1328 ia
951 1267 1093 1330 omnibu
1124 1269 1324 1331 reverentiam

210 1359 406 1447 aatodiw).
455 1359 584 1426 Similia
615 1361 771 1426 Pontifex
805 1364 937 1449 scripsit
967 1363 1153 1450 Apollinari
1188 1365 1323 1430 Alexan

211 1459 305 1524 drino
326 1469 359 1523 st
372 1459 539 1524 Domnino
556 1458 777 1541 Antiocheno,
793 1463 849 1545 qui
865 1460 963 1526 simul
976 1483 1052 1526 cum
1067 1462 1236 1548 Eutychio
1252 1461 1322 1526 fidei

209 1557 320 1623 libello
343 1555 443 1642 hujus
466 1557 740 1642 subscripserunt.

298 1656 351 1720 51.
376 1654 422 1718 At
452 1675 519 1719 uon
554 1655 601 1719 ita
636 1654 737 1719 multo
770 1665 844 1741 post
875 1677 963 1721 nova
991 1679 1101 1722 rernm
1124 1657 1323 1744 perturbatio

210 1761 324 1816 exorta
347 1762 405 1817 est.
439 1751 582 1837 Vigilius
606 1751 733 1818 scilicet
753 1763 801 1818 tot
824 1756 1016 1819 vexationes
1031 1755 1251 1820 Orientalium
1274 1777 1324 1819 ex-

209 1861 322 1936 pertus
345 1850 460 1932 noluit,
485 1860 522 1914 ut
537 1849 723 1916 Concilium
745 1851 965 1934 inchoaretur,
982 1863 1160 1938 antequam
1185 1855 1323 1939 episcopi

210 1947 431 2013 occidentales
454 1949 614 2034 ampliore
637 1969 774 2014 numero
808 1949 1030 2014 advenissent.
1076 1949 1143 2014 Sed
1168 1949 1323 2016 Occiden-

210 2046 291 2111 tales
313 2046 526 2132 Imperatoris
549 2047 619 2111 vim
652 2069 692 2110 ac
726 2046 838 2111 dolum
870 2057 1052 2112 metuentes
1075 2049 1118 2112 ad
1143 2048 1322 2114 Concilium

209 2145 367 2209 accedere
391 2143 608 2226 declinarunt,
633 2155 666 2208 et
688 2146 785 2230 pauci
810 2144 991 2210 admodum
1006 2143 1320 2232 Constantinopolim

210 2263 341 2306 venere.
389 2241 486 2321 Quod
510 2263 611 2326 quum
624 2241 780 2305 Pontifex
803 2241 1091 2326 animadverteret,
1115 2243 1322 2329 significarit,

209 2359 285 2402 cum
311 2338 535 2404 Orientalibus
568 2349 601 2402 et
623 2341 739 2424 paucis
763 2339 855 2404 Italis
882 2349 981 2425 atque
1003 2339 1145 2424 Illyricis
1170 2341 1323 2406 Praetuli-

210 2437 273 2501 bus
295 2457 363 2500 rem
388 2439 435 2500 ita
457 2437 587 2501 definiri
611 2459 678 2500 non
701 2458 806 2523 posse,
823 2446 858 2500 ut
881 2437 973 2501 nulla
997 2438 1154 2524 deinceps
1178 2439 1221 2503 ab
1237 2439 1323 2504 Occi·

210 2535 318 2600 dentis
341 2537 504 2620 episcopis
537 2536 753 2600 contradictio
786 2535 888 2599 fieret.
934 2535 985 2600 Ea
1008 2535 1142 2600 tandem
1169 2537 1323 2602 sententie

209 2632 334 2718 placuit
366 2633 559 2718 Imperatori
593 2655 632 2697 ac
656 2633 791 2718 Vigilio,
816 2642 853 2697 ut
882 2655 925 2696 ex
948 2636 1019 2719 pari
1045 2653 1183 2698 numero
1209 2635 1323 2719 episco-

209 2753 327 2816 porum
349 2731 558 2795 orientalium
574 2741 606 2794 et
619 2731 875 2795 occidentalium
889 2729 1034 2794 mibanal
1050 2729 1221 2817 quoddam
1245 2751 1323 2794 com-

210 2839 396 2913 poneretur,
429 2852 448 2892 a
481 2850 545 2915 quo
578 2849 638 2914 per
669 2829 803 2893 modum
836 2828 951 2892 arbitri
987 2830 1134 2913 quaestio
1159 2828 1203 2893 de
1225 2827 1323 2892 tribus

212 2925 374 3012 Capitulis
398 2927 615 2994 dirimeretur.
662 2927 728 2993 Sed
744 2925 966 2990 reclamarunt
979 2927 1123 3012 episcopi
1142 2923 1319 2999 orientales,

210 3026 297 3088 inter
319 3024 401 3089 alias
423 3026 566 3089 rationes
590 3035 623 3089 et
646 3023 911 3090 Occidentalium
935 3022 1192 3088 obstinationem
1217 3025 1251 3087 in
1273 3021 1320 3086 de·

210 3121 385 3185 fendendis
417 3122 523 3187 tribus
557 3120 720 3208 Capitulis
755 3131 937 3202 causantes,
972 3119 1226 3208 Consiliumque
1257 3141 1321 3206 pro

211 3220 347 3282 missum
372 3219 529 3284 celebrari
554 3223 729 3306 petierunt.
776 3220 870 3284 Tunc
898 3219 1108 3283 Justinianus
1136 3239 1248 3284 morae
1270 3217 1321 3280 im·

210 3317 339 3402 patiens
363 3328 477 3382 contra
500 3328 598 3403 pacta
621 3327 785 3382 conventa
815 3340 836 3381 a
858 3317 958 3404 priori
983 3319 1145 3381 sententia
1169 3315 1320 3393 discessit,

210 3423 244 3478 et
267 3414 438 3499 Synodum
463 3415 517 3479 die
541 3418 657 3502 quinta
680 3417 760 3502 Maji
797 3414 1019 3480 inchoandam
1043 3413 1226 3478 mandavit.
1271 3410 1320 3474 Vi-

210 3512 308 3596 gilius
332 3521 452 3595 autem,
486 3514 574 3600 quod
598 3513 755 3597 conditio,
780 3535 880 3600 quam
911 3515 946 3576 in
969 3513 1109 3597 gratiam
1133 3511 1320 3578 Occidente·

210 3610 292 3674 lium
327 3631 385 3695 pro
410 3611 638 3676 conservanda
673 3614 843 3698 utriusque
866 3610 1035 3675 Ecclesiae
1058 3607 1270 3674 occidentalis
1292 3615 1319 3668 et

211 3707 378 3772 orientalis
401 3730 483 3794 pace
507 3718 717 3795 apposuerat,
742 3731 808 3774 uon
842 3709 957 3772 brisset
980 3717 1120 3789 servata,
1145 3707 1188 3770 ad
1213 3703 1319 3770 Conci·

209 3803 291 3869 lium
325 3807 439 3870 venire
471 3808 646 3889 recusavit,
681 3807 835 3893 idemque
867 3807 1018 3870 fecerunt
1050 3807 1148 3868 etiam
1182 3801 1317 3889 episcopi

211 3903 431 3968 occidentales
455 3903 502 3968 illi
527 3907 625 3990 pauci
649 3907 706 3990 qui
732 3903 1016 3989 Constantinopoli
1041 3901 1187 3967 aderant.

210 4091 423 4104 -—-—-.—-

287 4211 306 4280 ¹)
325 4209 423 4274 Iabbt,
442 4213 473 4270 Τ.
492 4213 524 4268 V.
543 4230 568 4281 p.
587 4215 640 4267 424
658 4229 714 4281 sqq.
