2806 4848
160 446 164 456 ’
278 463 329 514 leo
449 460 488 516 De
506 459 652 516 Arienhni
670 457 845 514 decrementis
863 473 895 512 sc
912 456 945 512 de
964 457 1041 512 Ocnc
1060 455 1209 512 OPteneL

280 605 483 670 munaum
513 606 635 682 missas,
668 604 712 668 ad
742 605 821 666 hanc
856 601 957 666 solam
981 599 1208 688 prosectionem
1236 605 1358 666 innuet

280 701 582 787 Ceratantinopolim
604 724 714 788 usque,
739 713 768 765 et
795 701 833 764 de
856 701 912 764 hac
942 709 1063 764 tantum
1084 701 1202 785 tyrroda
1224 701 1356 787 episeopo·

274 823 342 863 rum
365 801 474 886 quiin
491 801 667 886 prouinciis
689 808 904 862 remanserant
925 818 1105 880 consensum
1128 798 1310 883 adferentes:
1328 800 1358 860 de

275 895 424 982 lonpiorie
455 907 557 960 autem
577 897 787 982 profectionis
814 897 996 958 nnessitate
1028 894 1109 958 nr‘isil
1135 899 1283 982 nespicati
1304 920 1358 958 erc·

273 1017 349 1076 mus,
373 1017 428 1058 nec
451 996 574 1058 omnino
602 995 770 1080 quidquam
797 994 998 1057 audieramus
1018 994 1207 1080 priusqnmm
1232 992 1358 1058 Constat·

275 1092 410 1179 tinopoli
438 1095 681 1156 convenissemus
691 1115 702 1171 ,·
743 1115 810 1154 cum
841 1103 1009 1177 praeterea
1042 1093 1204 1154 carnatuti
1236 1093 1359 1177 temporis

274 1193 421 1276 anpsutia
443 1211 498 1254 nec
521 1191 564 1253 ad
587 1188 737 1276 loupioris
760 1191 883 1253 itineris
906 1199 1108 1276 apparebam,
1135 1209 1190 1251 nec
1213 1189 1255 1252 ad
1276 1211 1359 1252 onnes

273 1291 493 1353 cormuunionis
516 1299 640 1352 rsastrae
654 1289 815 1374 episcopos
838 1289 891 1372 qui
910 1286 1092 1350 indisertis
1108 1287 1283 1372 prouinciis
1301 1297 1359 1348 sunt

273 1387 504 1450 commonendos
529 1397 558 1450 et
584 1407 748 1448 consensus
772 1384 811 1448 ab
839 1385 951 1448 iisdem
979 1385 1188 1470 accipiendas,
1212 1384 1360 1470 sufficeret:

273 1486 420 1568 quoniam
448 1485 521 1547 haec
548 1493 577 1545 et
609 1483 677 1546 alia
700 1484 829 1568 insuper
850 1481 990 1567 piurima
1016 1477 1129 1545 malms
1150 1485 1255 1546 uenire
1271 1483 1359 1568 prohi-

273 1581 393 1660 bebant,
417 1582 499 1667 quod
521 1579 673 1666 reliquum
695 1592 764 1644 erat
786 1575 972 1667 (hdsiueaor
995 1576 1043 1666 iv)
1068 1590 1131 1643 tum
1154 1581 1199 1644 ad
1220 1603 1269 1644 res
1288 1581 1360 1644 raet-

273 1680 405 1743 tuendas
437 1691 500 1742 tum
532 1679 575 1742 ad
606 1689 746 1742 notham
776 1701 851 1764 erpa
873 1699 926 1741 aas
958 1678 1121 1742 caritatem
1143 1677 1360 1746 maturanda,

272 1778 307 1840 id
320 1777 467 1862 fecimus,
500 1777 770 1840 reverendissimos
802 1787 832 1840 et
859 1778 1036 1840 carissimos
1060 1775 1187 1862 sratrm
1210 1787 1240 1840 et
1260 1777 1361 1840 comui

271 1877 387 1939 nistrm
409 1885 533 1938 nothas
558 1871 732 1960 Cyriacum,
756 1873 923 1936 Eusebium
945 1885 974 1936 et
989 1875 1188 1938 Mannum
1210 1875 1360 1960 ἀορτοωεί

270 1985 306 2036 ut
328 1973 372 2036 ad
394 1995 446 2036 eos
475 1971 577 2036 alacri
604 1973 707 2034 achim
726 1971 998 2058 proficiscerentur
1035 2008 1073 2016 —
1113 1969 1361 2036 Commemorsnt

272 2072 348 2136 dein
374 2071 461 2135 diras
484 2071 737 2155 persecutiones,
761 2091 842 2154 quae
873 2069 933 2134 sub
964 2069 1103 2132 Valente
1134 2071 1278 2157 perpessi
1299 2080 1360 2132 eunt

272 2169 312 2234 ob
337 2169 436 2233 fidem
460 2166 688 2248 orthodoxam,
713 2177 811 2252 utque
834 2167 921 2232 hene
944 2166 1088 2232 breviter
1111 2167 1280 2234 exhibent
1319 2169 1361 2230 Ze·
1386 2185 1387 2196 ¹

272 2265 344 2345 lum,
359 2265 516 2346 scribunt,
532 2287 619 2350 quem
635 2288 698 2350 pro
714 2277 800 2328 recta
805 2265 873 2348 fide
886 2266 1039 2344 habemus,
1062 2266 1149 2360 vohis
1172 2267 1360 2332 declaramus.

273 2365 342 2430 Nos
366 2367 446 2428 enim
468 2367 532 2427 sice
551 2366 792 2449 persecutiones,
816 2365 880 2426 siue
896 2365 1087 2444 umadones,
1110 2366 1174 2428 siue
1199 2364 1360 2454 imperiales

271 2465 387 2540 minas,
411 2465 475 2526 sice
498 2461 713 2525 crudelitatem
729 2462 930 2547 praesidum,
955 2465 1018 2527 siue
1042 2463 1141 2528 aliam
1163 2486 1361 2550 pneumaque

272 2563 472 2624 tentationem
500 2559 538 2624 ab
566 2560 728 2622 haereticis
746 2558 948 2645 pertulimus,
973 2572 1003 2624 et
1023 2583 1085 2648 pra
1114 2562 1293 2648 eoanpclica
1308 2561 1361 2644 fide

271 2681 348 2742 quae
374 2659 513 2722 Nicaeae
536 2657 571 2720 in
597 2657 748 2742 Bithynia
775 2681 796 2720 a
819 2659 962 2722 cocunea
990 2670 1020 2723 et
1042 2661 1211 2724 octodecim
1234 2659 1361 2725 Patribus

270 2755 452 2840 confir-rnatu
483 2767 538 2833 est,
571 2755 782 2818 antirmimus.
830 2755 923 2820 Hanc
956 2759 1037 2820 euim
1069 2768 1098 2820 et
1120 2759 1208 2822 vobis
1241 2771 1270 2824 et
1289 2757 1361 2822 nohis

269 2863 300 2915 et
322 2854 471 2931 canina,
496 2855 549 2939 qui
571 2873 662 2915 uerae
676 2851 758 2936 fidei
775 2875 944 2917 sennonem
959 2878 1023 2919 nan
1039 2867 1229 2942 per-certant
1244 2853 1362 2944 probari

269 2950 364 3030 decet,
388 2975 480 3038 quam
502 2972 558 3014 nos
581 2952 635 3013 etc
660 2949 785 3014 tandem
808 2949 923 3038 (μόλις,
948 2975 1048 3040 aspre,
1072 2977 1139 3018 acm
1162 2954 1283 3040 labare)
1303 2953 1360 3016 ra·-

268 3069 374 3111 nemus
398 3060 427 3112 et
449 3069 615 3125 cernamus,
640 3048 754 3134 qdippe
769 3071 847 3134 quae
863 3053 1083 3136 antiquissima
1105 3054 1148 3117 sit
1171 3065 1203 3118 et
1226 3055 1360 3142 baptimo

269 3157 490 3222 consentanea,
515 3146 627 3208 docens
642 3168 699 3209 nos
721 3147 844 3210 credere
866 3150 902 3212 in
923 3173 1033 3214 numen
1055 3151 1162 3215 Patris
1191 3165 1223 3218 et
1249 3149 1362 3216 Filiist
1385 3185 1386 3198 κ

270 3243 411 3330 Spiritus
434 3243 554 3322 Sancti,
577 3267 673 3307 unam
695 3243 812 3308 scilicet
835 3245 981 3310 deitatem
1003 3259 1033 3312 et
1048 3252 1230 3334 potentiam
1251 3274 1287 3314 ac
1306 3245 1360 3310 sub

268 3344 421 3405 stantiam
443 3343 549 3404 Patris
572 3341 708 3426 Filiique
732 3354 761 3406 et
781 3341 920 3429 Spiritus
935 3343 1046 3409 Sancti
1068 3347 1245 3426 credentes;
1266 3369 1360 3432 aequu-
1385 3347 1386 3423 i

269 3439 327 3502 lcm
351 3441 423 3502 ite-m
446 3437 630 3524 dipnitatem
662 3450 691 3501 et
723 3451 917 3505 coaeternum
947 3444 1112 3530 imperium
1133 3447 1169 3508 in
1188 3446 1287 3510 tribue
1303 3465 1360 3530 per·

267 3536 359 3616 fectis
381 3535 598 3624 hypostasibus
622 3538 685 3600 siue
708 3539 743 3600 in
767 3539 864 3602 tribus
882 3540 1035 3626 perfectis
1056 3545 1214 3628 personis.
1262 3545 1308 3608 Ita
1335 3551 1360 3601 ut

267 3657 322 3698 nec
353 3631 486 3698 Sabellii
518 3632 641 3696 morbus
674 3631 773 3698 locum
805 3636 917 3702 habeat
946 3638 1165 3724 confisndeudo
1197 3643 1361 3729 mposisse

269 3741 298 3793 et
326 3729 462 3795 tollenda
493 3731 726 3816 proprietates,
753 3755 809 3797 nec
835 3735 1102 3802 Esasamianorum
1129 3749 1158 3802 et
1185 3740 1361 3804 Arianersm

268 3851 304 3892 ac
328 3829 673 3892 Hieumatamachorum
702 3829 894 3917 blasphemia
917 3836 980 3897 eim
1000 3833 1100 3900 ullam
1126 3836 1279 3911 obtineat,
1303 3832 1361 3896 nib·

267 3929 418 3992 stantiam
447 3937 476 3991 et
514 3936 662 3990 naturam
706 3951 742 3990 ac
781 3929 927 3994 deitatem
960 3933 1120 4014 dividens,
1157 3945 1187 3998 et
1217 3937 1362 3998 increatas

267 4035 297 4087 et
318 4025 580 4089 consubstantiali
603 4049 639 4088 ac
663 4036 844 4091 coaeternae
873 4029 1025 4094 Trinitati
1049 4035 1250 4098 recentiorem
1269 4053 1360 4120 quam

266 4122 340 4184 dam
362 4133 417 4186 aut
440 4132 576 4186 acutam
600 4133 654 4186 aut
679 4123 810 4188 alterisn
833 4126 1026 4192 substantiae
1060 4129 1246 4196 Trinitatem
1267 4151 1361 4216 super·

266 4219 423 4284 inducens.
449 4221 681 4284 Incansationis
711 4245 828 4307 quoque
851 4225 981 4290 Domini
1007 4231 1108 4292 nostri
1130 4231 1301 4294 doadnarn
1321 4229 1357 4290 in·
