2806 4848
306 487 474 542 unanimus
491 487 564 573 inter
581 485 684 540 Gothos
702 489 876 555 propagatus
1111 485 1146 539 99

62 634 143 696 ainus
165 641 320 695 accurate
350 629 552 712 describant,
584 651 646 716 ope
670 628 824 716 Ulphilae
857 627 1059 693 celeberrimi
1084 627 1147 694 Go-

62 727 165 792 thorum
199 729 344 814 episcopi
379 739 412 791 et
449 727 578 792 influxu
610 727 761 792 Valentis
799 727 991 814 praesertim
1023 727 1148 791 factum

61 827 144 908 inisse,
168 834 207 890 nt
230 827 293 890 ists
316 826 405 890 natio
430 845 554 889 errores
576 823 777 889 Arianorum
799 826 969 911 reciperet.
1007 825 1149 891 Conver-

59 925 159 988 sionem
175 921 360 988 Gothorum
376 922 527 988 Socrates
550 923 597 986 ita
620 922 792 986 describit:
816 923 958 987 Barbari
980 935 1070 988 nans
1083 926 1149 989 Da·
1181 991 1183 996 ,

59 1021 160 1086 rubium
184 1021 353 1086 incolentes
377 1022 431 1106 qui
446 1021 542 1086 Gotlri
564 1019 777 1108 appellantia,
794 1021 943 1084 intestino
966 1020 1046 1085 bello
1069 1023 1153 1086 inter

57 1123 123 1206 ipsos
140 1131 210 1184 orto
225 1119 306 1184 duas
319 1121 355 1182 in
364 1129 478 1205 partes
491 1119 640 1204 dirempti
653 1128 739 1196 arnt,
753 1141 885 1203 quarem
899 1117 995 1183 alteri
1002 1119 1150 1204 Fritiper-

60 1241 110 1294 rua,
129 1217 226 1282 alteri
238 1227 391 1304 praeerat
400 1216 622 1280 Athanaricus.
645 1217 742 1280 Porro
759 1239 827 1281 cum
836 1217 1048 1282 Athanaricus
1056 1241 1150 1305 prae·

11 1335 13 1342 ’
56 1315 195 1394 saluisset,
216 1315 411 1400 Fritipernus
430 1314 474 1378 ad
492 1315 652 1378 Romanos
670 1313 853 1400 consopiens
871 1337 977 1378 eorum
996 1316 1152 1381 aemilium

53 1415 133 1496 petiit.
161 1412 257 1488 erad
270 1411 324 1476 ubi
341 1411 466 1476 l'alenti
474 1412 613 1497 Auprrsta
628 1413 805 1476 cannabum
814 1415 980 1500 est,jussit,
991 1425 1026 1478 ut
1038 1413 1153 1480 miliar

55 1512 95 1594 pn‘
103 1511 305 1598 praedium
322 1509 457 1594 apebant
469 1511 504 1574 in
530 1509 669 1573 Tltracia
696 1508 841 1572 barbaris
865 1521 975 1574 nonna
999 1511 1152 1578 barbaros

56 1606 246 1672 aditandbus
274 1605 430 1671 sterilium
448 1606 598 1693 ferrent·
634 1607 757 1671 Horum
772 1607 869 1692 ipitar
896 1608 1036 1674 abadia
1058 1612 1153 1676 Gotlsi

53 1715 125 1768 rans
132 1704 319 1770 Danubium
337 1706 502 1768 ‘aicwriam
515 1705 553 1768 de
563 1705 756 1768 Athana-ico
775 1704 956 1786 rebrlemat,
972 1709 1072 1794 copiis
1086 1715 1152 1799 ejus

54 1803 192 1890 infapcm
207 1805 372 1868 measse.
402 1802 448 1867 Ob
462 1805 682 1867 inaccensam
695 1801 786 1866 rnrrlti
801 1826 841 1867 esc
854 1802 1000 1868 barbaris
1010 1808 1151 1870 christia·

53 1923 109 1964 orm
131 1899 315 1988 rdiqionem
338 1898 478 1986 ampleoei
499 1911 580 1965 sunt.
607 1901 694 1964 Nam
709 1901 906 1986 Fritipernus
929 1910 964 1964 ut
986 1901 1024 1964 ab
1047 1927 1152 1992 accep-

53 2008 101 2060 turo
121 1998 302 2084 beneficium
326 1999 515 2084 Imperatori
545 1999 683 2083 qratiam
704 1996 853 2083 referret,
877 2008 940 2062 bem
962 2000 1030 2086 ipse
1054 2003 1152 2089 Impe-

51 2099 153 2162 ratoris
174 2095 361 2181 relipionem
384 2095 698 2182 amplexationum
711 2118 783 2159 usos
801 2096 846 2159 ad
867 2096 951 2160 idern
965 2097 1154 2184 faciendum

52 2195 188 2259 iueitnoit.
208 2195 310 2280 Atque
331 2194 448 2257 ideirco
459 2191 604 2279 plerique
627 2193 797 2257 Gothorum
811 2193 953 2258 Arianae
968 2205 1067 2259 sectae
1082 2207 1154 2260 sunt

50 2291 145 2370 dediti,
160 2303 271 2380 utpote
285 2293 340 2378 qui
353 2313 388 2355 eo
403 2303 538 2377 ternpore
553 2292 759 2377 imperatoris
771 2293 877 2375 pratia
896 2293 941 2355 ad
957 2315 1024 2356 eant
1040 2303 1154 2358 sectam

11 2413 13 2418 ·
50 2412 73 2447 rr
86 2389 283 2454 cormrlerint.
312 2389 430 2453 Eadem
445 2389 540 2452 etiarn
551 2399 686 2475 ternpore
698 2387 845 2474 Ulpbilas
854 2387 1024 2454 Gothorum
1038 2393 1154 2478 episco-

11 2491 13 2538 i
45 2509 98 2570 pus
118 2487 272 2552 Gothicas
290 2485 414 2551 litteras
432 2487 628 2571 eaecopitaoit,
645 2495 675 2549 et
688 2487 788 2549 eacus
804 2484 976 2572 Scriptus-is
990 2489 1025 2551 in
1042 2487 1154 2555 Gotho-

11 2555 13 2672 l
51 2607 106 2647 rum
124 2607 299 2650 sermorwm
314 2587 471 2649 warensis
488 2583 598 2670 effecit,
613 2593 649 2648 nt
664 2583 796 2648 barbari
811 2585 922 2648 dicim
944 2583 1068 2671 eloquia
1080 2612 1154 2675 per-

11 2681 13 2702 ’
50 2681 237 2770 dborrenss).

11 2769 13 2810 ³
124 2783 180 2847 23.
205 2781 284 2846 Jam
308 2790 407 2844 antea
429 2791 540 2844 tamen
569 2781 655 2844 inter
677 2777 804 2843 Gothos
828 2777 922 2842 multi
946 2790 1039 2844 erant
1063 2779 1151 2845 Ohri·
1187 2787 1291 2839 mobiba

11 2891 12 2894 ’
48 2879 145 2962 stiani,
173 2899 356 2965 corumque
379 2879 552 2965 spiscopus
577 2877 727 2963 Ulpbilas
755 2899 785 2943 a.
809 2877 875 2941 360
899 2878 1037 2943 concilio
1062 2877 1155 2942 Aria-

48 2997 154 3040 ncrnm
181 2975 468 3061 Constantinopoli
492 2975 605 3040 habito
629 2975 745 3040 tdfuit.
777 2975 887 3060 Atque
910 2975 1038 3061 ipsein
1063 2975 1154 3040 Aria-

47 3075 184 3139 nisurum
208 3074 418 3160 propendens
445 3074 578 3138 videtur
608 3095 728 3157 magna
760 3093 801 3136 ex
823 3081 916 3160 porte
940 3073 1155 3138 contribuisse

47 3184 75 3234 ot
96 3175 131 3238 in
159 3175 227 3236 ista
250 3181 347 3256 gente
370 3171 515 3236 haeresis
537 3173 747 3258 reciperetur.
786 3169 839 3235 Ad
863 3193 932 3234 rem
955 3169 1156 3236 Sozomcnus

44 3269 229 3334 andiendus
253 3277 311 3333 est
357 3269 536 3354 Postquam
551 3269 700 3333 narrarit
720 3267 886 3355 ,quomodo
907 3267 1017 3350 Gothi,
1043 3278 1079 3332 ut
1092 3269 1156 3332 Va·

44 3365 114 3432 lenti
137 3368 285 3452 gratiam
308 3365 477 3450 referrent,
501 3366 728 3431 Arianismum
758 3366 999 3450 adoptaverint,
1025 3367 1156 3431 scribit:

45 3463 146 3550 rl'epae
183 3475 289 3528 tamen
319 3464 356 3527 id
387 3462 486 3528 solum
518 3465 632 3550 opinor
663 3465 697 3528 in
729 3485 827 3528 cansa
840 3462 921 3548 snit,
954 3475 990 3528 at
1010 3468 1159 3530 uniuersa

47 3562 215 3626 &tiorum
237 3585 312 3647 perra
335 3563 379 3626 ad
401 3563 456 3626 lroc
471 3585 565 3647 aspre
579 3573 697 3647 tempus
711 3560 905 3624 Asianorum
928 3561 1067 3646 dopmati
1083 3587 1158 3650 per·

40 3672 128 3743 petrea
164 3660 355 3724 adbaeserit.
397 3661 484 3724 Nam
511 3657 657 3745 Uiplrilas
689 3659 743 3745 qui
767 3669 838 3721 tunc
871 3659 959 3744 apud
981 3661 1068 3747 ipsas
1091 3672 1160 3724 erat

44 3761 218 3846 episcopus,
242 3758 334 3822 initio
358 3757 482 3844 quidem
503 3755 594 3820 nulla
616 3758 651 3820 in
668 3767 764 3843 parte
789 3757 937 3820 dissensit
959 3756 999 3821 ab
1019 3757 1160 3822 Ecclesia

42 3855 208 3921 cauom.
235 3853 368 3940 Curaque
382 3865 531 3939 repnante
549 3853 730 3919 Corastantio
749 3853 972 3940 imprudenter,
987 3865 1022 3918 nt
1036 3857 1159 3942 opinor,

44 3979 101 4018 una
134 3977 211 4018 cotra
233 3953 379 4021 Endon-io
413 3963 443 4017 et
473 3952 589 4017 Aeaeis
625 3951 771 4016 CPlanae
804 3952 923 4037 mnodo
955 3953 1159 4038 interficisset,

41 4077 103 4117 ram
126 4053 305 4140 Episcopis
328 4053 542 4116 Nicaenorura
565 4051 696 4114 Petram
723 4051 847 4112 decreta
871 4050 1059 4114 sectantibus
1082 4073 1159 4112 eam-

44 4154 206 4214 nonicare
225 4151 446 4236 perseuerauit.
473 4147 537 4214 Sed
563 4171 630 4212 curn
657 4150 789 4212 uenisset
816 4144 942 4211 CPolim
963 4156 996 4209 'et
1017 4147 1160 4211 Arianae

112 4251 461 4356 *matronas

1020 4369 1051 4422 7*
