2902 4824
470 433 554 490 Liber
572 431 745 496 Pontifiealis.
774 433 775 438 '
1120 439 1168 494 111

83 580 216 664 tismpini
238 579 371 664 (Eram.
397 579 497 643 Libri
522 580 619 662 Pont.
644 592 721 648 sect.
745 583 822 668 III),
848 605 867 646 a
892 581 1041 669 pluribus
1065 582 1171 646 diver·

81 679 165 762 sisque
177 677 360 743 auctoribus
386 679 587 741 existimant
601 680 698 744 etiam
722 681 809 745 hane
832 692 960 766 partem
979 679 1073 743 Libri
1097 701 1171 743 eon-

80 775 174 836 sectam
194 775 299 840 fuisse.
347 775 449 838 Vitas
464 774 665 840 Pontificum
681 779 737 863 qui
758 777 951 845 Constatino
976 799 1170 855 successere,

81 873 177 935 tionum
205 875 316 937 coaevi
351 882 510 937 auctores
535 877 809 960 conscripserunt,
842 899 882 940 sc
904 873 1032 940 Nicolai
1064 873 1173 937 Ivita

80 969 110 1031 ab
122 971 279 1034 dnsstmio
294 969 566 1036 Bibliotheeario
591 973 740 1036 confecta
763 995 833 1038 esse
857 985 1018 1040 censetur.
1053 971 1173 1053 Quam·

81 1069 116 1129 o's
135 1069 163 1130 in
176 1066 272 1132 Libro
287 1067 485 1132 Pontificali
511 1069 674 1153 quaedam
689 1071 875 1136 habeantur
889 1075 998 1136 minus
1021 1079 1174 1134 accurate

79 1167 207 1249 exposita,
239 1177 354 1231 tamen
389 1187 452 1252 pro
476 1165 615 1230 historia
638 1168 860 1233 Romanorum
889 1169 1087 1234 Pontificum
1111 1167 1174 1230 hoe

79 1285 140 1346 opus
167 1271 210 1327 est
242 1266 367 1328 summi
404 1265 578 1328 momenti.
624 1265 890 1332 Vetustissimum
925 1269 1014 1332 enim
1047 1275 1104 1347 est,
1135 1286 1174 1328 ac

78 1363 227 1435 generatim
260 1362 330 1426 fida
364 1383 480 1426 rerum
505 1360 664 1426 relatione
688 1387 723 1430 se
746 1366 972 1446 commendst3
1006 1364 1041 1428 id
1065 1373 1174 1427 nostro

79 1459 154 1521 etiam
183 1469 332 1546 tempore
368 1459 625 1544 comprobatum
659 1473 717 1545 est,
751 1485 853 1548 quum
886 1463 974 1526 facta
1006 1464 1040 1525 in
1073 1461 1174 1526 Libro

82 1555 235 1622 Pontificali
267 1559 377 1622 relata
411 1579 473 1642 per
505 1558 736 1643 inscriptiones
767 1560 896 1646 aliaque
921 1561 1117 1625 documenta
1141 1560 1174 1622 in

80 1656 260 1720 *recumbis
291 1665 430 1743 reperta
461 1653 744 1722 confirmarentur.

144 1755 173 1817 4.
193 1754 377 1818 Posteriori
402 1761 514 1818 aetate
537 1752 721 1818 scribendis
749 1755 953 1841 edendisque
976 1755 1044 1821 RR.
1068 1756 1177 1819 Ponti-

81 1851 155 1914 ficum
176 1853 250 1916 ritis
273 1863 308 1916 et
331 1853 438 1937 gestis
462 1871 531 1914 non
551 1853 646 1934 pauci
667 1862 818 1917 auctores
841 1875 974 1939 operam
1000 1852 1176 1932 dederunt3

81 1959 200 2012 recenset
222 1972 277 2014 eos
292 1951 348 2014 De
364 1948 485 2015 Smedt
509 1949 544 2010 in
567 1947 814 2015 Inrtoduotione
845 1949 990 2036 generali
1014 1949 1057 2014 od
1080 1949 1177 2012 histo·

81 2048 142 2110 riam
163 2047 421 2112 ecclesiasticam
446 2068 481 2132 p.
505 2045 572 2109 472
596 2069 665 2133 sqq.
688 2049 818 2113 Paucos
846 2049 910 2114 hoe
940 2048 1011 2112 loco
1035 2047 1178 2110 sufficiat

82 2145 222 2211 indicasse.
254 2185 299 2194 -
335 2145 480 2211 Saeculo
506 2143 572 2208 XV
589 2144 685 2230 jussu
709 2146 794 2212 Sixti
826 2147 876 2210 IV
907 2145 1179 2210 Bartholomaeus

81 2243 182 2326 urchi,
204 2245 304 2329 vulgo
324 2243 474 2326 Platina,
499 2243 630 2327 scripsit
650 2244 740 2308 Vitas
759 2246 943 2329 Pontificum
966 2247 1179 2308 Romanorum

81 2341 138 2405 sS.
158 2342 250 2406 Petro
275 2340 456 2428 usquead
481 2339 621 2404 Paulum
650 2341 701 2424 113
727 2343 856 2407 saeculo
880 2342 963 2407 XVI
987 2341 1180 2427 Onuphrius

83 2437 237 2505 Panriuius
259 2443 412 2530 Epitome
441 2443 580 2504 vitorum
609 2442 823 2505 Romanorumn
853 2441 1035 2526 Poutsfleum
1064 2439 1179 2520 edidit,

82 2557 203 2623 ‹rpusque
234 2540 393 2605 Platinae
425 2536 653 2602 additionibus
686 2539 836 2624 notisque
869 2540 1015 2620 omavit3
1049 2535 1179 2601 saeculo

83 2631 160 2698 xm
182 2637 384 2702 bisoconius
406 2637 491 2700 vitoe
519 2637 734 2700 Romanorum
756 2637 940 2720 Pontificum
967 2646 997 2699 et
1023 2633 1179 2699 Cardine-

84 2729 142 2792 b'am
161 2737 299 2820 scripsit.
352 2733 553 2798 Franciscus
575 2733 656 2817 Pagi
687 2734 817 2798 saeculo
841 2734 960 2798 XVIII
982 2731 1182 2796 Βνευίανὶυπι

84 2827 235 2896 tursum
284 2835 510 2898 Romanorum
556 2831 739 2915 Poatrflcuru
793 2831 915 2915 edidit,
968 2827 1056 2916 quod
1100 2849 1182 2913 opus

84 2927 222 2994 Asuuius
252 2929 343 3014 Pagi
380 2931 575 2994 continavit.
622 2929 663 2994 A.
701 2929 841 2994 Sandini
878 2929 1047 2993 breviores
1093 2925 1183 2990 Vitas

85 3023 240 3110 Itoufcum
273 3031 497 3094 Romame
534 3029 735 3112 composuit,
769 3037 801 3092 et
832 3027 993 3114 quasdam
1030 3026 1182 3110 Disputa-

86 3123 166 3188 tiones
185 3127 357 3192 historiens
380 3127 424 3191 ad
454 3128 538 3190 vitas
561 3125 745 3210 Ponu'fleum
771 3129 987 3192 Romanorum
1009 3125 1183 3188 concinna-

87 3223 130 3286 rit.
170 3223 309 3290 Recenti
334 3234 483 3310 tempore
512 3223 653 3305 Nosses,
678 3223 838 3307 Henrion,
870 3222 1037 3304 Obantrel,
1061 3221 1182 3304 Grbne,

86 3317 229 3388 historiam
253 3325 486 3389 Romanorum
510 3322 708 3386 Pontificum
733 3322 977 3388 elucubrarunt.
1007 3322 1091 3386 Prae
1115 3340 1184 3382 oae-

86 3419 146 3480 teris
167 3443 239 3487 vero
270 3421 312 3486 de
330 3419 551 3485 Pontificibus
574 3421 673 3484 trium
697 3423 842 3506 priorum
867 3420 1072 3485 saeculorum
1096 3437 1184 3502 egre·

86 3517 127 3591 gie
147 3523 273 3608 scripsit
295 3521 356 3586 Dr.
378 3519 519 3584 Carolus
533 3517 683 3601 Sehredl,
707 3519 742 3582 in
766 3541 880 3604 opere:
924 3517 1099 3581 Gesohiebte
1129 3515 1186 3576 der

89 3613 182 3700 tepea
204 3620 271 3684 und
294 3618 351 3682 cler
379 3615 553 3680 rdmiecbeu
582 3617 696 3680 Kirehe
730 3617 765 3680 iu
794 3617 851 3680 der
883 3616 989 3680 Urseit
1017 3613 1072 3676 dee
1099 3609 1185 3674 Otre-

88 3717 230 3782 routdums
264 3717 342 3781 oder
374 3717 438 3780 dea
480 3725 583 3778 ersten
614 3715 871 3780 Just-tunderes
902 3713 1028 3800 (Mainz
1072 3706 1185 3794 1873),

91 3809 164 3892 plura
193 3815 232 3880 de
266 3815 387 3880 iisdem
421 3815 609 3877 accuratius
633 3815 785 3898 exposuit
818 3812 858 3876 el.
891 3812 944 3875 De
968 3808 1060 3872 Rossi
1085 3806 1187 3868 variis

89 3909 144 3990 rjus
176 3916 313 4000 scriptis,
357 3933 445 3998 quae
476 3909 739 3995 arebaeologiam
776 3909 988 3974 christianam
1021 3911 1185 3989 spectaut3

92 4011 283 4078 consulendus
317 4012 424 4074 etiam
457 4019 506 4072 est
537 4009 580 4074 H.
605 4009 803 4092 Hagemann
832 4009 866 4070 in
890 4027 948 4069 suo
973 4023 1087 4088 opere:
1124 4002 1186 4064 Dic

93 4105 225 4174 trusos
247 4109 369 4176 Kirctu
394 4107 461 4170 uad
483 4107 533 4168 ihr
546 4108 686 4194 Einfluse
709 4106 774 4192 auf
791 4103 954 4191 ltieceplio
977 4101 1042 4164 rard
1066 4101 1188 4185 Dopmo

93 4205 117 4268 iu
135 4211 186 4274 deu
207 4225 309 4279 asten
334 4209 409 4272 drea·
430 4207 686 4274 donumdei-ue
709 4203 887 4292 (Freiburg
911 4197 1021 4288 1863).
