2876 4814
230 481 284 534 220
567 477 606 531 De
625 476 712 546 Opere
730 451 1014 546 Philosophoumdnon.

229 623 376 710 profecto
400 644 466 686 non
498 622 632 703 diceret,
655 623 684 686 si
707 619 764 704 ibi,
797 621 847 686 uti
869 621 1092 686 rationalistae
1115 623 1348 709 praetendunt,

230 723 390 806 viguisset
421 718 742 786 Monarchianismus
770 718 926 804 judaicus
959 719 1014 784 vel
1042 719 1225 788 Nosusnus
1248 743 1348 808 quem

230 819 453 886 Tertullianus
476 820 659 904 impugnat.

319 918 372 983 60.
395 917 474 982 Jam
507 915 753 982 consideremus
790 914 975 996 doctrinas,
1009 937 1094 1001 quae
1125 916 1168 982 ab
1202 917 1349 982 Auctore

102 1003 114 1032 ⁰
147 1004 189 1033 '¹²
228 1015 574 1101 Philosophoumenon
612 1013 801 1100 Zephyrino
847 1023 879 1077 et
921 1011 1057 1078 Callisto
1101 1014 1349 1096 adscribuntur,

229 1124 327 1202 atquo
351 1114 513 1199 imprimis
545 1111 721 1178 formulam
752 1134 773 1174 a
799 1110 988 1196 Zephyrino
1021 1113 1192 1198 prolatam.
1232 1115 1349 1201 Zephy-

228 1215 333 1278 sdnom
353 1215 465 1298 ipsam,
482 1209 606 1290 scribit,
632 1209 800 1274 tumulans
818 1209 1004 1286 adducebat,
1022 1220 1058 1274 ut
1076 1233 1181 1276 coram
1205 1213 1351 1276 omnibus

187 1301 192 1311 ’
229 1313 359 1376 diecret:
395 1311 463 1396 qu
486 1311 559 1373 aovi
581 1309 683 1372 Deum
718 1331 814 1372 ouum
841 1307 951 1372 Jesum
979 1305 1145 1387 Christum,
1170 1320 1200 1374 at
1217 1323 1351 1395 praeter

157 1436 160 1442 ·
229 1408 320 1472 illum
328 1409 480 1472 nominem
490 1406 589 1470 aliam
600 1407 739 1493 genitam
753 1415 991 1492 atqueposaum.
1026 1397 1183 1487 llytloldo
1197 1404 1255 1470 ἕνα
1272 1406 1351 1472 θεὸν

231 1503 373 1591 Χριστὸν
386 1508 510 1591 Ιησοῦν,
521 1527 574 1568 και
590 1501 673 1590 πλὴν
688 1499 785 1566 αἰτοῦ
801 1500 909 1588 ἕτερον
923 1499 1047 1580 οὐδένα,
1067 1502 1195 1590 γενητὸν
1211 1502 1267 1568 καὶ
1283 1526 1350 1568 πα-

230 1601 342 1690 θητὸν.
361 1641 405 1654 -
425 1601 544 1684 Quoad
559 1600 787 1666 orthodoxiam
803 1600 922 1665 horum
937 1601 1115 1666 verborum
1129 1623 1196 1666 non
1212 1623 1349 1668 consen·

229 1702 316 1766 tiunt
325 1709 484 1766 auctores.
499 1699 654 1764 DoRossi
665 1709 786 1780 censet,
797 1698 884 1764 hanc
893 1698 1070 1763 formulam
1079 1721 1196 1764 revera
1207 1721 1276 1764 non
1288 1700 1348 1766 dif-

229 1800 313 1864 ferre
327 1821 347 1864 a
362 1797 503 1864 formula
516 1797 624 1862 Nocti.
661 1797 766 1864 Juxta
781 1797 814 1864 S.
829 1795 1058 1884 Epiphanium
1073 1797 1230 1862 videlicet
1245 1798 1350 1862 verba

229 1899 323 1964 Noe'ti
347 1905 482 1982 propter
513 1918 598 1982 quae
621 1895 807 1960 haereticus
841 1894 1028 1960 declaratus
1057 1905 1106 1959 cst
1130 1895 1212 1960 haec
1236 1897 1349 1960 fuere:

222 1993 299 2062 Ἕνα
321 1993 402 2060 θεὸν
425 1991 559 2074 δοξάζω,
584 1990 639 2056 ἕνα
655 1987 845 2075 ἐπίσταμαι,
867 1989 921 2056 καὶ
945 1989 1002 2056 olas
1025 1990 1121 2055 dilen
1143 1991 1228 2079 atta
1251 1990 1350 2056 αὐτοῦ

229 2091 430 2180 γεννηθέντα,
455 2089 625 2156 deuorato
647 2089 700 2156 καὶ
727 2087 987 2178 annuariam
1049 2090 1115 2158 Sed
1147 2093 1174 2156 si
1206 2091 1350 2158 formula

229 2192 411 2278 Zephyrini
433 2213 549 2255 revera
572 2189 671 2276 plane
704 2211 849 2254 consone
883 2198 1035 2254 censetur
1057 2188 1217 2254 formulae
1241 2189 1349 2271 Nocti,
1429 2249 1430 2260 ,

230 2288 357 2357 nullum
390 2287 529 2352 dubium
562 2297 620 2369 ost,
653 2286 835 2374 Zephyrini
869 2286 973 2352 verba
996 2285 1038 2352 ab
1063 2286 1254 2352 adversario
1280 2289 1349 2373 ejus
1429 2281 1430 2354 ᾗ

229 2385 412 2452 deformata
434 2385 546 2452 fuisse.
593 2385 646 2450 Ex
679 2386 876 2450 testimoniis
909 2387 999 2448 enim
1022 2383 1185 2448 historicis
1209 2395 1348 2468 constat,

229 2484 409 2571 Zephyrini
433 2482 620 2548 doctrinam
644 2482 861 2548 orthodoxam
892 2493 925 2547 et
947 2503 1124 2548 consonam
1148 2483 1253 2548 luisse
1277 2483 1349 2548 doc·

229 2583 335 2648 trinae
368 2579 401 2647 S.
433 2581 562 2646 Irenaei
596 2592 628 2645 et
661 2581 694 2648 S.
728 2581 862 2647 Justini.
909 2581 961 2646 Ita
993 2579 1216 2646 Tertullianus
1250 2583 1345 2646 etiam

228 2681 430 2746 llcntanista
453 2681 488 2742 in
512 2679 667 2764 operibus
692 2681 760 2744 suis
783 2688 932 2760 testatur,
955 2687 1080 2742 rectam
1104 2677 1204 2742 fidem
1229 2681 1266 2744 in
1289 2680 1346 2744 Ec-

229 2779 329 2844 clesia
352 2777 500 2842 Romana
524 2777 718 2858 consistere,
744 2799 850 2864 neque
869 2797 944 2840 eam
967 2785 1110 2858 accusat,
1135 2776 1225 2862 quod
1249 2778 1347 2844 relate

229 2877 272 2942 ad
304 2875 425 2960 dogma
457 2875 630 2940 Trinitatis
663 2877 698 2940 iu
731 2897 874 2940 errorem
907 2873 1071 2939 inciderit.
1116 2874 1170 2938 Ex
1203 2874 1346 2940 Eusebio

229 2984 339 3040 autom
363 2975 485 3039 scimus
509 2973 566 3062 (H.
599 2973 638 3039 E.
672 2972 693 3039 l.
718 2973 758 3038 V.
793 2995 820 3038 c.
846 2969 913 3058 28),
947 2993 1050 3058 quum
1073 2971 1285 3060 Zephyrinus
1307 2974 1346 3038 ab

229 3073 445 3138 Artemonitis
478 3081 707 3150 accusaretur,
750 3069 839 3159 quod
873 3069 1058 3135 doctrinam
1099 3071 1139 3136 de
1173 3070 1346 3138 divinitate

231 3170 353 3236 Christi
386 3171 455 3256 ipsc
487 3170 614 3256 primus
646 3171 680 3233 in
714 3168 899 3234 Ecclesiam
931 3167 1110 3252 induxerit,
1144 3167 1214 3254 ejus
1249 3169 1344 3234 fidem

230 3267 436 3334 vindicatam
458 3267 559 3332 fuisse
583 3267 625 3332 ab
650 3277 783 3332 auctore
811 3265 899 3332 illiue
922 3267 1089 3352 temporis,
1114 3267 1170 3352 qui
1194 3267 1345 3348 ostendit,

231 3366 415 3430 doctrinam
438 3365 620 3453 Zephyrini
645 3364 685 3430 de
710 3365 886 3430 divinitate
902 3361 1025 3428 Christi
1049 3363 1147 3450 plane
1170 3368 1345 3430 convenire
1427 3411 1428 3414 κ

231 3486 307 3529 cum
331 3463 481 3528 doctrina
496 3463 729 3550 Apostolorum
753 3473 786 3526 et
809 3464 1022 3550 antiquorum
1044 3463 1254 3550 scriptorum,
1280 3461 1335 3528 Cle
1427 3461 1428 3505 t

231 3563 360 3644 mentis,
385 3560 554 3642 Miltiadis,
578 3562 713 3641 Justioi,
733 3561 868 3626 laenati.
892 3559 970 3626 Jam
994 3581 1072 3624 vero
1097 3561 1124 3624 si
1138 3558 1345 3646 Zephyrinus

230 3659 350 3726 diserte
382 3658 557 3724 formulam
587 3659 684 3724 Nocti
717 3659 912 3724 sancivisset
945 3668 977 3723 et
1009 3657 1256 3723 distinctionem
1280 3681 1345 3744 per·

230 3779 384 3824 sonarum
424 3769 594 3842 negasset,
625 3767 711 3822 certe
745 3767 860 3821 auctor
883 3755 937 3820 ille
965 3778 1033 3820 non
1055 3755 1216 3841 potuisset
1239 3778 1279 3819 ea
1301 3777 1344 3818 ra·

230 3859 318 3922 tione
341 3877 522 3942 provocare
554 3855 598 3921 ad
629 3856 651 3922 J
654 3857 800 3920 ustinum
824 3864 856 3919 ct
878 3855 1063 3936 Irenaeum,
1087 3854 1145 3940 qui
1168 3851 1345 3918 distinctio·

231 3977 307 4020 nem
329 3954 437 4018 Patris
460 3963 492 4017 ot
515 3953 593 4018 Filii
617 3953 704 4018 clare
727 3952 930 4038 praedicant.
977 3951 1104 4016 Auctor
1127 3949 1215 4016 illius
1239 3950 1344 4016 delen·

231 4053 331 4117 sionis
353 4050 535 4137 Zephyrini
559 4050 692 4115 videtur
716 4049 816 4116 Caius
849 4051 960 4134 luisse,
985 4050 1121 4138 ejusque
1143 4045 1229 4112 liber
1251 4048 1343 4132 insig-
1426 4049 1427 4069 l

305 4265 326 4332 ¹)
346 4261 477 4338 Epiphun.
496 4263 576 4326 Haut.
596 4264 638 4324 57.
