2874 4812
224 431 276 488 tto
619 483 621 488 ,
660 430 701 487 De
717 430 744 490 S.
763 431 906 503 Cypriane.

223 577 269 640 eie
290 585 478 660 praestaret,
503 599 546 640 en
568 599 640 641 vero
660 579 759 648 etiem
781 579 930 642 iteratam
953 576 1111 662 baptisma
1134 578 1180 641 cie
1202 599 1350 642 aemesa-

223 674 455 753 aestumasset,
489 683 638 760 tanquam
666 675 746 740 aibe’l
768 675 933 754 habituris,
963 676 993 738 si
1014 675 1069 738 boe
1091 697 1208 761 quaeqae
1235 675 1352 758 adepti

223 793 263 834 ece
285 770 406 856 intepro
427 793 492 835 eoo
506 770 658 857 fiee‘eaeat,
681 772 813 857 perinde
837 796 874 836 oc
897 773 926 836 ei
947 795 1107 858 auaqucm
1130 771 1293 856 baptizoti
1316 774 1351 836 ia

222 869 347 932 nemim
380 868 461 933 Jceu
487 865 605 933 Christi
627 870 751 955 foreat.
786 908 828 916 —
860 868 1049 955 Cyprianus
1071 871 1196 955 pariter
1218 879 1255 933 et
1280 869 1352 934 Fir·
1430 921 1431 926 ,

225 963 379 1031 milianus
402 966 437 1030 in
460 967 705 1052 oppugnatione
738 990 798 1031 sua
829 969 981 1032 nituntur
1008 966 1152 1032 refutare
1182 966 1351 1053 Stephani
1430 973 1431 1050 f

224 1065 453 1128 assertionem:
477 1063 613 1128 Multam
634 1063 760 1148 proficit
781 1087 893 1129 menen
912 1061 1029 1130 curisti
1051 1065 1096 1128 ed
1112 1064 1208 1148 fidem
1223 1076 1258 1129 et
1275 1065 1352 1149 bap·
1430 1105 1431 1112 ι

226 1162 310 1226 tieme'
333 1161 619 1246 scoehflcatioaem,
642 1172 679 1226 at
700 1163 880 1248 quicumque
908 1173 938 1228 et
959 1163 1140 1249 abmmqm
1161 1163 1199 1226 ia
1219 1165 1353 1226 nomiae

229 1257 347 1324 tharsi
360 1259 538 1342 baptizatus
553 1258 668 1345 flectit,
692 1271 899 1346 consequetur
912 1260 1020 1325 statim
1032 1261 1169 1346 pretium
1184 1255 1352 1344 thaam).

227 1353 480 1420 Conveniebant
503 1355 612 1440 igitur,
637 1355 727 1442 apud
749 1355 932 1421 haereticos
955 1357 1096 1422 conferri
1119 1356 1296 1442 baptisma
1318 1360 1353 1420 in
1430 1403 1431 1406 ,

224 1455 348 1518 comtos
375 1450 503 1518 Chresti.
549 1452 781 1538 Appellatione
797 1463 908 1519 autem
931 1454 1139 1540 baptismatis
1162 1457 1199 1519 ia
1220 1458 1353 1520 nomiae

225 1551 306 1614 Jesu
333 1547 459 1629 massi,
492 1549 534 1614 ab
566 1553 711 1637 antiquis
733 1551 889 1617 Patribus
911 1551 1156 1636 intelligebatur
1178 1551 1353 1639 baptisma

227 1647 442 1713 christianum
465 1647 531 1712 ritu
555 1650 674 1714 usitato
700 1647 863 1716 collatum.

316 1745 368 1810 89.
393 1745 493 1810 Ridet
506 1746 649 1832 ¹quidem
674 1745 707 1812 S.
732 1745 921 1832 Cyprianus
948 1769 988 1810 ao
1010 1768 1142 1832 prorsus
1165 1746 1354 1812 absurdam

227 1851 339 1907 censet
370 1845 541 1925 rationem,
574 1865 641 1928 qua
671 1844 883 1910 traditionem
916 1844 957 1909 de
990 1843 1103 1908 valore
1134 1843 1355 1929 baptismatis

227 1939 414 2026 Stephanus
437 1940 663 2023 confirmabat,
688 1950 736 2005 et:
767 1942 941 2006 Praeclara
964 1965 1050 2020 eoae,
1075 1943 1193 2027 inquit,
1218 1951 1252 2006 et
1278 1941 1354 2028 leqi-

227 2039 305 2102 timc
328 2039 458 2104 traditio
480 2037 638 2123 Stephano
646 2037 755 2125 fratre
770 2049 878 2104 nomo
893 2039 1021 2104 decorae
1042 2039 1246 2124 proponitur,
1272 2063 1355 2124 quoe

228 2137 445 2200 auctoritatem
476 2135 566 2200 achis
592 2136 752 2221 praebeat.
800 2137 888 2203 Nom
915 2138 951 2201 ia
974 2137 1080 2201 eodem
1102 2136 1168 2200 loco
1193 2137 1355 2220 epistolae

229 2256 303 2298 sace
328 2233 456 2298 addidit
482 2244 513 2298 et
542 2234 676 2324 adjecit:
714 2231 790 2298 Cam
821 2236 887 2319 ipsi
917 2234 1067 2298 baeretici
1092 2235 1226 2319 proprie
1256 2234 1355 2298 alter

228 2341 332 2395 utnon
346 2331 431 2395 adse
446 2332 604 2396 oeaieatce
625 2354 690 2396 aea
705 2331 875 2416 baptizent,
895 2331 951 2396 sed
973 2332 1195 2396 communicent
1213 2339 1354 2396 matam.

229 2428 283 2492 Ae
304 2429 358 2493 boc
381 2430 463 2493 eaien
484 2427 637 2493 melorum
669 2428 817 2494 dovolmo
846 2440 892 2495 eat
923 2429 1068 2494 Eccksio
1090 2429 1152 2492 Dei
1174 2437 1206 2491 et
1230 2450 1355 2513 epocm

233 2525 358 2605 Chasa,
391 2537 426 2590 ut
457 2527 679 2590 baereticorum
715 2526 860 2611 eaeempla
892 2525 1065 2612 sectatam).
1120 2524 1186 2591 Sed
1222 2525 1267 2590 de
1303 2525 1355 2590 his

230 2623 339 2688 verbis
367 2623 464 2708 longe
496 2622 592 2688 aliter
609 2622 824 2710 judicabunt,
858 2625 915 2710 qui
939 2645 978 2688 ea
1001 2625 1156 2688 attentius
1179 2623 1354 2709 expende·

229 2724 305 2786 rint.
352 2720 436 2785 Oum
460 2722 549 2785 enim
571 2719 615 2784 ab
638 2719 790 2784 Ecclesia
821 2722 1014 2786 recesserint
1038 2742 1150 2788 omnes
1173 2720 1353 2802 haeretici,

231 2822 351 2884 mirum
375 2826 515 2883 nonest
547 2817 588 2882 de
621 2817 771 2882 doctrina
804 2817 891 2883 illius
923 2817 1076 2884 nonnihil
1107 2839 1162 2882 eos
1193 2820 1356 2883 retinere.

231 2917 315 2982 Oum
339 2918 440 3002 igitur
463 2917 676 3001 quantumvis
700 2917 786 2980 inter
809 2938 843 2980 se
865 2915 1061 2982 dissidentes
1085 2916 1120 2980 in
1143 2913 1259 3001 aliquo
1275 2937 1356 2980 cum

229 3014 380 3080 Ecclesia
403 3014 622 3095 consentiunt,
646 3012 710 3077 hoc
732 3011 775 3076 ab
789 3012 939 3078 Ecclesia
963 3012 1026 3078 sibi
1049 3012 1207 3078 traditinn
1233 3035 1294 3078 eos
1308 3035 1357 3076 re

229 3115 376 3194 tinuisse,
401 3113 516 3176 merito
534 3111 716 3196 judicatur.
760 3109 836 3175 Non
858 3133 906 3176 ·eo
930 3110 1069 3197 proinde
1092 3109 1284 3196 pertinebat
1307 3135 1356 3176 ar·

229 3212 433 3297 gumentatio
457 3209 491 3275 S.
514 3207 685 3294 Stephani,
709 3218 746 3272 ut
760 3208 859 3274 vellet
874 3208 1114 3273 haereticorum
1136 3207 1261 3292 agendi
1288 3231 1356 3272 mo-

231 3310 309 3374 dum
342 3317 500 3394 tanquam
532 3305 721 3392 exemplum
752 3327 950 3392 proponere,
992 3306 1050 3371 sed
1083 3315 1120 3370 ut
1149 3305 1356 3387 ostenderet,

230 3405 469 3472 consuetudine
492 3403 670 3468 universali
689 3405 835 3489 ipsarum
854 3414 1018 3469 sectarum
1036 3403 1295 3487 haereticarum,
1321 3414 1358 3466 nt

231 3527 297 3570 non
319 3503 571 3589 rebaptizarent,
599 3501 731 3587 probari
755 3503 927 3589 antiquam
957 3501 1057 3566 fidem
1081 3511 1115 3566 et
1136 3499 1355 3566 traditionem

231 3602 272 3666 de
283 3601 395 3667 valore
412 3599 620 3686 baptismatis
634 3600 701 3664 ritu
718 3601 929 3664 convenienti
944 3601 1044 3664 etiam
1059 3608 1153 3664 extra
1161 3597 1357 3664 Ecclesiam

231 3699 350 3765 collati.

319 3797 373 3862 90.
397 3795 510 3862 Facile
542 3816 637 3880 porro
671 3803 720 3858 est
751 3794 931 3876 ostendere,
965 3793 999 3860 S.
1032 3793 1237 3880 Stephanum
1271 3793 1355 3858 dum

232 3917 349 3960 manus
382 3893 425 3958 ab
462 3893 591 3957 haeresi
621 3891 836 3956 redeuntibus
872 3891 1090 3976 imponendas
1122 3913 1192 3956 esse
1221 3893 1354 3970 statuit,

231 3992 321 4058 haud
343 3991 438 4076 valle,
463 4001 500 4055 ut
521 3999 765 4056 sacramentum
790 3987 1057 4056 Confirmationis
1080 3990 1115 4054 in
1139 3991 1179 4053 iis
1201 3989 1354 4052 iteretur.

306 4204 326 4271 1)
344 4201 431 4270 nnnc.
451 4201 554 4258 erran.
928 4199 949 4270 ⁸)
968 4200 1055 4268 enas
1074 4202 1117 4254 ιι.
1135 4215 1163 4258 ιι,
1179 4201 1204 4253 4.
