2766 4836
490 481 594 536 auem
611 487 698 550 gau
1115 493 1150 546 aa

55 635 79 688 et
96 627 317 710 episcoporum
340 623 541 690 Arianorum
564 626 723 691 violentia
742 637 775 691 et
797 628 897 712 fraus,
921 631 969 695 ita
991 641 1028 695 ut
1050 635 1149 699 minis

53 725 195 808 perterriti
221 743 297 788 cum
320 722 394 788 aliis
418 722 465 788 illi
489 745 619 809 quoque
637 722 736 810 legati
745 723 920 793 Athanasii
944 727 1148 798 damnationi

53 821 295 902 subscriberent3
319 820 353 887 S.
377 820 536 887 Paulinus
560 843 638 887 vero
653 823 859 888 Trevirensis
882 827 1066 914 episcopus,
1090 831 1147 916 qui

52 919 208 984 Athanasii
233 921 456 984 innocentiam
489 919 617 984 fortiter
645 921 885 1006 propugnabat,
910 925 945 989 in
967 923 1148 1011 Phrygiam

51 1017 196 1100 relegatus
220 1017 292 1082 fuit
316 1055 360 1064 -
382 1016 537 1082 Liberius
559 1017 674 1083 audita
696 1016 878 1103 legatorum
901 1043 1034 1088 suonam
1056 1047 1148 1110 prae·

51 1116 236 1180 varicatione
276 1113 380 1180 doluit
418 1114 645 1198 vehementer,
679 1125 725 1180 ut·
745 1115 902 1182 discimus
932 1139 974 1182 cx
997 1122 1149 1206 epistolis

50 1213 106 1296 ejus
125 1213 169 1280 ad
192 1213 335 1279 Hosium
359 1211 608 1280 cordubensem
631 1223 665 1276 et
692 1213 736 1278 ad
759 1213 940 1280 Eusebium
963 1217 1148 1286 Vercellen·

50 1335 113 1376 sem
156 1310 326 1376 Continuo
349 1333 427 1376 vero
451 1312 611 1396 cogitavit
633 1310 674 1375 da
697 1310 800 1376 altera
823 1312 983 1379 mittenda
1005 1315 1049 1381 ad
1065 1315 1148 1382 Con·

48 1412 190 1476 euntium
214 1409 387 1494 legatione,
411 1408 455 1474 ad
483 1431 621 1494 eamque
651 1408 750 1493 elegit
777 1411 866 1474 viros
888 1411 1083 1478 fortissimos
1106 1414 1148 1480 de

48 1529 171 1594 qnorum
195 1508 381 1573 constantia
413 1507 578 1572 confidere
610 1515 747 1592 poterat,
778 1506 934 1573 videlicet
954 1510 1148 1576 Luciferum

48 1607 260 1672 Gelasimum
291 1605 327 1670 in
350 1603 504 1670 Sardinia
533 1605 736 1691 episcopum,
770 1606 827 1690 qui
857 1627 895 1670 eo
918 1615 1064 1694 tempore
1087 1610 1148 1674 Ro-

47 1725 120 1768 mam
142 1713 290 1784 venerat,
312 1702 526 1768 Pancratium
549 1701 779 1787 presbyterum
802 1711 834 1766 et
851 1701 1017 1770 Hilarium
1041 1707 1148 1772 diaco·

47 1823 120 1880 num,
134 1799 260 1887 quibus
274 1822 308 1864 se
326 1800 467 1885 jungere
491 1799 596 1864 voluit
608 1799 774 1864 Eusebius
788 1799 1004 1866 Vercellensis
1023 1805 1148 1870 iteratis

46 1897 146 1964 litteris
181 1922 202 1963 a
224 1898 360 1962 Liberio
392 1908 534 1982 rogatus.
581 1896 720 1982 Scripsit
742 1899 842 1962 etiam
874 1897 918 1964 ad
941 1900 1147 1967 Fortunatis

47 2019 109 2062 num
132 1995 384 2083 Aquilejansem
417 1997 619 2082 episcopum,
655 2017 755 2080 quem
782 1997 937 2062 censebat
959 2021 1056 2084 neptae
1077 2023 1147 2085 per·

47 2116 126 2160 armos
147 2096 308 2160 domium
328 2095 448 2176 cereri,
482 2105 512 2158 et
527 2092 645 2180 ,fumea
675 2095 777 2181 mugio
793 2097 942 2181 praemia
964 2095 1147 2183 cupitam),

47 2193 209 2277 utlagatis
230 2193 299 2256 suis
321 2194 487 2256 assisteret
509 2195 628 2277 eosque
652 2191 788 2256 consilio
812 2214 870 2257 suo
893 2193 1048 2260 firmaret.
1081 2194 1147 2262 Sed

47 2288 78 2352 de
98 2291 335 2355 Fortunatiano
359 2310 433 2376 spes
455 2311 531 2354 cum
554 2288 679 2372 fefellit,
704 2291 782 2374 quia
805 2297 918 2374 postea
940 2293 1040 2357 minis
1054 2291 1147 2356 Aria·

45 2409 146 2454 norum
170 2398 207 2452 et
230 2385 413 2452 Constantii
444 2386 629 2452 succubuit
674 2386 809 2471 Legatis
831 2389 899 2452 suis
921 2389 1077 2454 Pontifex
1097 2389 1147 2454 lit·

46 2497 116 2552 teras
138 2485 234 2551 dedit
258 2484 449 2550 Constantio
474 2483 678 2566 deferendas,
712 2483 832 2570 quibus
854 2486 1013 2570 gravibus
1037 2488 1148 2554 verbis

46 2581 267 2668 Imperatorem
292 2584 364 2669 jam
395 2584 468 2669 ipsi,
499 2592 535 2646 ut
564 2603 607 2646 ax
629 2581 766 2667 epistola
798 2580 975 2668 colligitur,
1000 2585 1147 2651 infensis-

45 2681 160 2763 simum,
187 2680 286 2746 simul
309 2689 421 2745 monet
449 2690 482 2744 et
510 2689 665 2765 pacatum
692 2677 831 2744 reddere
860 2681 979 2765 studet,
1002 2682 1148 2748 Athana-

45 2780 116 2843 sium
139 2778 299 2860 defendit,
324 2799 515 2864 novumque
538 2777 715 2842 concilium
738 2775 891 2862 postulat.

118 2879 173 2944 49.
203 2875 377 2942 Concilium
408 2898 524 2941 revera
554 2877 673 2940 iterum
706 2897 736 2940 a.
760 2874 825 2940 355
853 2875 1033 2941 Mediolani
1056 2899 1147 2962 prae
1168 2888 1247 2930 ⁰0³0ss-
1265 2889 1308 2931 Ην

44 2985 120 3040 sente
136 2974 330 3040 Constantio
353 2974 506 3040 habitum
528 2983 585 3056 est,
606 2973 664 3038 sed
687 2975 780 3038 exitu
805 2974 929 3058 pariter
952 2975 1147 3040 tristissimo.
1173 2950 1301 2993 mmm

42 3070 128 3138 Nulla
151 3074 244 3138 enim
275 3073 311 3138 in
344 3095 383 3138 ea
416 3094 546 3158 quoque
569 3070 696 3156 synodo
730 3070 980 3157 fuitepiscopis
1003 3070 1161 3155 libertas,-

43 3181 188 3258 tantaque
213 3169 398 3236 Constantii
422 3171 581 3254 tyrannis,
605 3170 700 3234 utin
723 3191 824 3234 causa
844 3167 1148 3234 Athanasiiaolun·

43 3277 125 3332 tatem
133 3291 290 3355 mampro
299 3291 417 3334 canoas
426 3267 602 3332 bmeadcm
611 3289 676 3332 esse
686 3267 848 3352 episcopis
858 3277 1039 3352 reponeret,
1050 3277 1083 3331 et
1092 3267 1148 3353 qni

42 3369 143 3448 pravis
159 3367 231 3452 ejus
247 3368 282 3430 in
298 3365 519 3432 Athanasium
537 3364 682 3429 consiliis
706 3362 912 3430 subscribere
929 3364 1094 3446 nolebant,
1114 3366 1149 3429 in

42 3462 169 3528 exilium
184 3463 393 3550 pellerentur.
421 3463 475 3528 Ex
491 3461 544 3528 his
553 3463 687 3528 fuerunt
696 3463 879 3546 Dionysius
892 3461 1149 3528 Mediolanensis

42 3561 366 3647 etPontilicislegati3
378 3562 636 3626 Fortunatianus
646 3581 724 3624 vero
735 3559 778 3626 ab
785 3559 919 3624 Arianis
929 3559 1149 3624 devictuslm·

42 3661 191 3742 paratorio
201 3659 365 3726 mandatis
375 3658 550 3724 obsecutus
560 3669 619 3723 est.
635 3695 678 3706 --
690 3656 903 3722 Constantius
914 3656 991 3722 dein
1001 3679 1149 3743 persecu·

42 3757 155 3820 tionem
165 3758 200 3820 in
210 3759 383 3842 episcopos
398 3779 473 3822 cum
489 3755 671 3821 Athanasio
689 3755 970 3820 communicantes
981 3757 1148 3820 continua·

42 3853 91 3931 vit,
102 3855 247 3918 maxime
257 3875 335 3920 vero
343 3854 514 3919 Liberium
525 3875 641 3939 cogere
652 3852 787 3935 studuit,
799 3861 835 3916 ut
842 3851 1064 3917 Athanasium
1074 3876 1148 3918 con-

42 3949 212 4018 demnaret.
236 3953 394 4035 Primum,
410 3953 548 4016 Romam
564 3954 662 4017 misso
672 3950 817 4016 Eusebio
833 3951 995 4033 eunucho,
1007 3953 1147 4015 muneri-

41 4044 94 4112 bus
103 4051 267 4137 minisque
278 4072 354 4116 eum
369 4050 499 4116 flectere
519 4051 674 4132 tentavit3
686 4047 807 4114 deinde
816 4047 1041 4113 Mediolanum
1051 4048 1094 4112 ad
1114 4073 1147 4114 se

107 4243 129 4315 ¹)
148 4243 235 4311 aaut.
254 4247 279 4301 2.
299 4246 332 4304 sd
351 4245 447 4302 mab.
466 4245 577 4302 vercell.

81 4347 209 4398 ηις-ιιι,
221 4347 393 4390 macutum.
425 4348 484 4390 ron.
499 4347 525 4390 u
1021 4337 1038 4388 :t
