2900 4800
397 451 511 508 Honorii
530 452 660 521 epistolae
678 454 875 520 expenduntur.
1145 457 1197 512 4³1

167 595 222 660 61.
246 594 300 660 Ex
333 593 433 660 dictis
460 596 531 681 jam
564 604 672 681 patet,
707 619 880 682 perperam
914 597 1112 663 documenta
1143 599 1199 665 illa

77 694 262 758 universim
285 703 433 778 spectata
456 694 583 774 afferri,
606 715 646 758 ac
670 695 697 758 si
721 694 927 760 confirmatio
952 695 1063 782 aliqua
1087 697 1199 763 Mono-

76 789 257 856 theletismi
281 789 399 855 iisdem
424 791 640 856 contineatur.
687 791 754 858 Sed
775 793 874 857 etiam
897 792 1079 878 peculiaria
1102 817 1198 882 quae-

76 888 155 954 dam
179 889 296 970 effata,
321 909 406 974 quae
429 888 471 952 ab
485 887 685 954 adversariis
709 901 885 975 urgentur,
911 889 993 956 nihil
1018 893 1198 973 continent,

76 985 168 1072 qnod
184 984 262 1050 fidei
279 986 480 1050 contrarium
504 996 562 1052 est.
583 1024 627 1034 -
638 987 806 1052 Honorius
821 989 923 1072 igitur
936 990 971 1053 in
986 993 1199 1076 responsione

75 1083 121 1148 ad
145 1081 297 1166 Sergium
329 1084 496 1168 attingens
529 1105 675 1170 eaquae
707 1083 763 1149 hic
792 1086 984 1170 scripserat,
1009 1090 1199 1153 oeconomia

76 1179 237 1246 videlicet
259 1202 359 1266 quam
382 1181 588 1267 proponebat
612 1180 772 1247 utendum
796 1204 885 1264 esse,
909 1207 948 1248 uc
972 1183 1133 1270 affirmari
1154 1187 1199 1250 ui·
1216 1211 1262 1260 ono
1276 1219 1355 1252 ouo:

76 1279 214 1344 deantur
235 1280 271 1342 iu
297 1275 420 1344 Christo
444 1279 526 1342 duae
556 1278 734 1344 uoluntates
761 1282 958 1376 contrariae,
982 1281 1083 1346 dicit:
1112 1271 1368 1348 Uude¹'¹¹⁸'⁰¹'¹²‘¹'·

77 1387 109 1440 et
130 1399 228 1442 uuum
249 1375 441 1442 uoluntatem
457 1377 603 1462 fatemur
626 1377 667 1442 D.
694 1378 738 1444 N.
762 1378 842 1444 Joeu
869 1376 1000 1459 Christi,
1029 1383 1105 1466 quia
1121 1397 1199 1467 pro-

70 1474 159 1560 fecto
184 1498 205 1538 α
220 1473 388 1538 diuinitate
403 1486 567 1560 assumpta
581 1485 627 1538 aet
642 1487 751 1540 nostra
765 1485 899 1554 natura,
923 1501 987 1541 uon
1010 1477 1114 1563 culpa,
1139 1477 1200 1543 illa

73 1571 220 1658 profecto
235 1595 314 1656 quae
338 1581 411 1636 autc
428 1583 595 1658 peccatum
610 1583 718 1636 creatu
742 1583 808 1650 eat,
832 1597 895 1636 ooo
911 1597 990 1660 quae
1009 1587 1086 1661 poet
1105 1599 1199 1662 pruc-

76 1669 305 1737 oaricuticuom
327 1671 456 1751 uitiata3
473 1718 505 1734 ..
531 1719 538 1734 .
564 1673 630 1736 sina
641 1681 771 1756 peccato
795 1683 977 1758 conceptus,
1001 1671 1122 1737 nullum
1146 1697 1199 1738 oc·

72 1769 206 1854 pes-isne
221 1771 396 1855 coutaqium
410 1770 542 1834 uuam
558 1779 702 1834 caturae.
717 1817 744 1832 ..
758 1817 766 1832 .
783 1769 859 1832 Nou
870 1779 915 1832 ott
928 1771 1025 1856 ipitur
1039 1781 1200 1858 assumpta

79 1890 100 1930 α
114 1864 282 1930 Salinatore
296 1868 413 1932 uitiata
426 1877 563 1944 nutura,
588 1891 667 1952 puae
680 1878 871 1953 ropupuuret
884 1863 947 1954 lapi
961 1870 1074 1932 menda
1089 1873 1198 1958 ejice...

85 1963 241 2028 Voluntas
273 1965 398 2029 diuersa
429 1988 492 2030 uou
518 1965 590 2050 suit
624 1975 680 2029 cut
717 1966 881 2030 contraria
913 1962 1092 2046 Salvatori,
1124 1967 1200 2051 quio

78 2085 180 2148 supro
209 2061 304 2148 lopam
336 2072 431 2128 uatus
465 2073 510 2126 oct
541 2062 694 2126 humanae
727 2062 927 2128 conditionis.
974 2063 1016 2126 Et
1048 2063 1200 2149 siquidem

78 2160 231 2246 scriptum
254 2171 317 2225 est:
340 2160 440 2238 „Nou
462 2161 534 2224 veui
557 2159 671 2246 facere
702 2159 893 2224 volumtatem
915 2183 1031 2238 ursam,
1055 2161 1111 2224 eod
1133 2165 1201 2251 ojus

78 2259 135 2343 qui
157 2258 244 2320 mieit
265 2263 312 2320 mc
334 2259 473 2336 Putris‘ss
498 2268 548 2322 ct:
570 2257 670 2336 „Nou
693 2258 777 2344 quod
800 2280 853 2343 epo
877 2257 958 2336 uolo,
982 2259 1038 2322 aed
1060 2259 1144 2345 quod
1167 2271 1198 2324 tu

78 2357 128 2420 uic
152 2355 280 2436 Patcr“,
304 2366 334 2420 ot
357 2355 425 2420 aliu
448 2356 642 2446 hujumodi,
665 2378 730 2420 uon
753 2367 825 2421 suot
847 2357 921 2422 huso
946 2354 1088 2422 diuersae
1112 2357 1200 2444 (con-

77 2451 215 2540 trariae)
239 2453 428 2535 uoluntati,
444 2454 499 2518 ced
513 2454 762 2540 disponsationis
782 2454 988 2518 humanitatis
1011 2465 1199 2541 assumptae.

79 2553 149 2617 Ista
172 2552 255 2616 euim
278 2561 413 2638 propter
444 2573 501 2616 uos
532 2551 618 2616 dicto
641 2562 732 2633 suut,
764 2551 876 2637 quibus
905 2552 993 2616 dedit
1015 2552 1200 2638 exemplum,

78 2660 116 2714 ut
139 2671 304 2734 sequamur
326 2651 458 2736 ocatipia
481 2654 566 2740 ojus,
584 2651 663 2736 pius
686 2652 833 2735 mapiator
856 2649 1029 2735 discipulos
1051 2649 1200 2728 imbueres,

79 2759 116 2811 ut
149 2770 214 2812 ocu
248 2770 338 2812 auam
371 2750 580 2832 uuusquisque
614 2758 775 2824 coetum,
806 2746 863 2810 aed
880 2747 990 2832 potius
1013 2747 1145 2811 Domini
1166 2749 1202 2812 iu

80 2844 225 2910 omnibus
241 2844 423 2930 praeferret
446 2845 646 2910 uoluntatem.
693 2844 794 2908 Hisce
809 2845 911 2928 igitur
926 2843 1201 2908 asseruntadver·

80 2944 161 3008 sarii
187 2943 348 3008 contineri
377 2943 612 3028 professionem
636 2939 932 3024 Monotheletismi,
966 2964 1067 3028 quum
1092 2943 1202 3008 Hono-

80 3043 151 3104 rius
176 3061 275 3104 unam
299 3041 443 3106 affirmet
458 3039 580 3106 Christi
606 3040 826 3118 voluntatem,
851 3047 884 3103 et
906 3041 1093 3105 testimonia
1117 3061 1202 3124 quae

80 3159 140 3224 pro
166 3137 335 3202 voluntate
359 3137 505 3202 hnmana
529 3139 623 3202 citeri
654 3137 778 3218 solent,
802 3136 845 3202 ad
869 3137 1048 3222 quamdam
1073 3135 1201 3222 dispen-

81 3237 244 3302 sationem
279 3257 337 3300 seu
370 3237 596 3301 oeconomiam
633 3245 667 3300 et
698 3234 833 3300 modum
868 3234 1025 3320 loquendi
1055 3233 1201 3300 reducat.

82 3332 236 3399 Christus
259 3335 348 3398 enim
367 3333 466 3420 juxta
480 3333 686 3415 Honorium,
711 3334 759 3396 uti
774 3331 821 3397 illi
846 3333 1042 3417 opinantur,
1066 3353 1132 3397 non
1155 3354 1203 3396 re-

81 3453 164 3498 vera
187 3453 226 3496 ea
249 3453 345 3496 sensa
368 3431 487 3497 habuit
509 3454 594 3517 quae
618 3431 682 3496 illis
706 3428 818 3496 verbis
842 3431 1064 3506 continentur,
1089 3440 1122 3496 et
1144 3429 1203 3494 hu·

82 3551 203 3596 manae
226 3529 407 3594 voluntatis
440 3529 602 3594 indicium
626 3539 721 3610 sunt,
753 3527 811 3594 sed
835 3537 964 3592 tantum
991 3528 1035 3594 ad
1058 3538 1203 3594 nostram

81 3628 333 3692 instructionem
358 3629 403 3690 ita
426 3626 554 3692 locutus
576 3636 634 3692 est.

173 3724 226 3790 62.
250 3723 351 3789 Vario
376 3722 490 3808 modo,
520 3745 604 3810 quae
635 3722 676 3788 de
701 3722 824 3788 Christi
855 3745 923 3788 uns
946 3721 1114 3788 voluntate
1137 3723 1203 3788 Ho-

82 3823 197 3888 norius
221 3822 370 3908 scripsit,
390 3823 462 3908 jam
485 3823 669 3907 antiquitus
697 3830 848 3886 auctores
871 3822 927 3905 qni
951 3841 1026 3884 eum
1051 3820 1203 3886 defende-

82 3929 162 3986 runt
185 3921 391 4005 interpretati
415 3929 500 3984 sunt.
547 3920 622 3985 Hac
645 3919 779 3984 veroin
802 3940 836 3982 re
860 3940 1032 3983 censemus
1048 3920 1203 4004 interpre·

84 4019 244 4083 tationem
267 4016 493 4082 authenticum
510 4029 542 4080 et
555 4016 810 4102 peremptoriam
832 4017 992 4081 contineri
1008 4017 1042 4080 in
1066 4016 1204 4102 epistola

85 4115 140 4180 illu
164 4114 390 4201 apologetica,
421 4137 519 4200 quam
544 4115 691 4180 Joannes
720 4113 770 4178 IV
801 4135 859 4200 pro
884 4115 1030 4178 Honorio
1062 4115 1202 4199 scripsit·

84 4213 179 4278 Haec
202 4213 428 4299 interpretatio
452 4220 523 4278 tum
546 4235 588 4276 ex
621 4235 657 4276 eo
685 4213 864 4276 maximam
888 4213 1116 4276 auctoritatem
1140 4211 1204 4278 sibi
