2874 4812
239 471 292 526 388
673 473 716 533 De
733 474 759 532 S.
778 475 920 546 Cypriane.

239 617 337 684 eticae
367 626 401 682 et
431 617 599 686 interdum
630 623 800 689 οιιοιιιιι
828 619 1034 690 dicebantur.
1079 621 1230 696 Tertium
1253 645 1363 710 ειιιιιι

238 715 315 781 solis
346 715 473 782 clericis
506 715 656 800 dabatur,
690 717 823 804 quaudo
855 740 898 785 ex
929 718 1072 786 dioecesi
1104 743 1164 792 sna
1196 724 1232 788 in
1257 723 1362 794 aliam

238 813 474 896 concedebant,
505 813 540 878 id
570 813 659 902 quod
687 837 776 901 pace.
802 817 947 902 episcopi
973 819 1025 886 sui
1051 840 1108 884 eos
1128 819 1238 887 iecere
1263 829 1362 887 testa-

237 911 373 1000 bantur,
408 911 496 994 unde
527 912 727 980 dimissoriae
759 922 793 977 et
823 913 975 983 similiter
1004 916 1173 988 interdum
1199 915 1362 1006 pacificos

237 1010 451 1076 vocabantur.
474 1009 544 1074 Has
567 1011 742 1080 universas
751 1010 896 1096 generali
911 1013 1044 1082 nominc
1058 1012 1224 1126 sumatur
1247 1018 1363 1103 appel·

237 1109 361 1192 labant,
386 1107 475 1194 quod
497 1107 658 1196 peculiari
671 1107 787 1192 forma,
805 1099 1066 1195 singularibus'
1040 1114 1144 1196 signis
1167 1123 1201 1178 et
1223 1113 1363 1183 charac-

236 1207 362 1272 teribus
384 1207 526 1292 scriptae
548 1215 710 1272 eranu-
722 1207 834 1298 Etiam
857 1205 1070 1294 subsequenti
1093 1219 1243 1296 tempore
1267 1233 1363 1278 occa-

237 1306 329 1370 sione
344 1305 581 1392 persecutionis
594 1304 754 1372 contraS.
764 1304 787 1370 J
789 1326 931 1372 oannem
949 1304 1238 1404 Chrysostornum
1237 1317 1274 1372 et
1288 1310 1364 1422 ejus

236 1402 442 1488 apellationis
456 1401 546 1467 adS.
558 1401 679 1468 Sedem
691 1402 939 1489 (Ιιιιιιιιιιιίιιιι
948 1401 990 1490 Ι),
1006 1404 1168 1490 ejusmodi
1184 1410 1362 1492 suspensio

236 1501 478 1566 communionis
500 1499 670 1564 Ecclesiae
697 1499 866 1568 Romame
898 1523 975 1572 cum
1003 1501 1164 1569 Orientali
1198 1504 1340 1578 accidit.
1345 1509 1360 1540 ‘⁴

326 1599 378 1664 87.
393 1597 599 1683 „Diligenter
613 1599 714 1682 igitur
728 1598 949 1666 consideranti
964 1619 1004 1666 ec
1018 1619 1104 1685 quae
1118 1601 1152 1667 in
1168 1612 1363 1670 controver-

235 1698 284 1760 ιιι
308 1696 349 1761 de
372 1695 535 1782 baptismo
559 1694 800 1764 haereticorum
813 1705 906 1781 gesta
919 1705 1006 1780 sunt,
1030 1697 1156 1765 indicia
1179 1711 1363 1774 occurrent

235 1795 372 1860 minoris
395 1793 483 1858 illius
507 1794 868 1860 excommunicationis.
914 1789 1081 1890 Videlicet
1104 1793 1301 1882 Cyprianus
1331 1809 1364 1862 ct

235 1892 449 1963 Firmilianus
473 1912 549 1956 cum
578 1892 647 1956 suis
678 1914 698 1955 a
721 1890 889 1977 Stephano
913 1893 1144 1958 communione
1172 1915 1235 1967 sna
1258 1899 1363 1983 parti-

235 1990 339 2056 culnri
361 1987 518 2077 privandi
542 1988 596 2054 vel
618 1989 740 2074 privati
764 1997 872 2069 erant,
899 1990 1179 2076 interrumpendov
1201 2003 1362 2068 mutuum

235 2089 469 2152 commercium
493 2088 563 2150 sive
585 2086 767 2153 litterarum
791 2088 866 2155 sive
875 2085 1068 2171 legatorum,
1091 2087 1166 2176 (hos
1186 2103 1363 2163 recusatos

235 2187 355 2250 diserte
379 2193 507 2249 constat
528 2205 571 2248 ex
594 2182 782 2254 Firmiliani
804 2183 954 2271 litteris);
979 2205 1046 2250 non
1070 2206 1149 2252 vero
1172 2210 1193 2256 a
1219 2207 1362 2275 corpore

234 2284 413 2368 Ecclesiae
426 2284 539 2348 rescisi
562 2291 648 2348 sunt.
675 2282 746 2350 Nec
769 2281 864 2348 ullibi
887 2283 988 2350 etiam
1004 2283 1160 2378 traditur,
1183 2287 1362 2371 praesules
1429 2321 1430 2360 1

234 2384 305 2446 sive
329 2346 561 2448 Orieirtales'
536 2403 607 2446 sive
627 2379 726 2446 Afros
748 2401 885 2448 munere
908 2402 967 2452 suo
991 2367 1194 2465 interdictos,
1221 2385 1280 2450 vel
1305 2407 1360 2456 no-

234 2482 325 2544 mina
348 2502 391 2543 cx
413 2481 515 2544 sacris
538 2451 706 2564 dyptichis
729 2485 897 2563 expuncta
910 2478 1022 2574 fnisse.
1061 2479 1181 2554 Utrum
1196 2501 1283 2548 vcro
1301 2485 1359 2548 mi-

233 2587 330 2642 natus
352 2577 451 2641 fuerit
483 2575 516 2642 S.
549 2574 737 2661 Stephanus
770 2575 868 2638 etiam
901 2561 1060 2661 majorem
1084 2583 1360 2646 excommunica-

233 2665 382 2757 tionem,
399 2697 465 2762 qua
497 2675 629 2760 penitus
660 2694 774 2740 omnes
805 2671 853 2736 illi
885 2675 1031 2760 episcopi
1055 2682 1089 2738 et
1116 2674 1291 2744 dioeceses
1316 2677 1360 2742 ab

232 2773 382 2838 Ecclesia
404 2781 644 2860 separarentur,
668 2779 756 2838 certo
780 2791 846 2839 non
861 2779 1004 2854 constat3
1030 2773 1076 2836 ita
1089 2781 1199 2840 tamen
1217 2794 1293 2840 rem
1314 2777 1361 2841 iu-

231 2871 377 2956 telligere
410 2870 543 2934 videtur
574 2869 607 2934 S.
631 2867 847 2952 Augustinus,
880 2869 937 2954 qui
970 2869 1111 2934 multum
1141 2870 1288 2956 laborat,
1325 2885 1363 2936 ut

232 2969 383 3035 ostendat
405 2969 438 3035 S.
463 2967 669 3053 Cyprianum
693 2989 713 3032 a
745 2987 827 3051 pace
850 2963 1020 3032 Ecclesiae
1044 2988 1110 3032 non
1133 2969 1239 3034 fuisse
1264 2993 1362 3057 sepa-

231 3077 348 3132 ratum.
374 3066 537 3147 Quamvis
570 3066 677 3130 minor
708 3085 839 3150 quoque
862 3063 918 3128 illa
950 3066 1042 3150 pacis
1066 3070 1239 3152 suspensio
1266 3091 1361 3154 mag·

231 3188 311 3230 num
334 3164 458 3228 malum
482 3171 575 3246 esset,
592 3163 738 3250 virisque
755 3160 924 3232 Ecclesiae
940 3162 1093 3244 addictis,
1117 3163 1234 3250 quales
1260 3179 1362 3234 crant

231 3265 288 3332 SS.
322 3262 510 3348 Cyprianus
541 3270 575 3324 et
606 3258 835 3342 Firmilianns,
869 3259 1049 3329 admodum
1083 3261 1219 3327 molesta
1254 3275 1361 3352 atque

229 3361 368 3426 acerba“
386 3358 419 3446 ¹).

306 3540 326 3606 ¹)
345 3537 377 3594 V.
395 3535 520 3592 Bolland
556 3533 623 3590 Vits
640 3533 665 3588 S.
685 3534 787 3590 Firmil.
806 3537 849 3590 28.
868 3536 927 3595 Oet.
952 3553 996 3592 nu.
1013 3539 1050 3590 66
1074 3553 1130 3604 sqq.
1143 3567 1183 3602 Ι--
1202 3537 1265 3596 on.
1288 3557 1362 3609 quse

231 3618 347 3672 unimus
365 3618 398 3670 dc
416 3613 689 3670 excommunicatione
703 3613 774 3670 Diss.
794 3615 831 3670 11.
851 3632 876 3670 n
897 3617 938 3670 75.
958 3645 992 3657 ο
1011 3615 1042 3670 P.
1061 3615 1127 3671 Pius
1145 3615 1232 3672 Gams
1252 3629 1362 3688 censet,

231 3697 263 3751 de
282 3695 555 3760 ereommnnicatione
572 3694 653 3762 plena
670 3695 826 3748 nullatenus
851 3699 942 3750 sctum
967 3695 1058 3753 tunsa
1098 3699 1141 3752 On
1154 3695 1265 3763 ejecte
1285 3703 1362 3756 ordr-

230 3779 380 3830 ncirmeut
404 3794 439 3846 qu
442 3777 472 3828 'il
489 3775 634 3841 (Etlevam)
657 3791 768 3865 menaea
786 3775 814 3828 d’
823 3776 1083 3830 excommunicatione
1108 3791 1143 3829 ca
1159 3792 1206 3868 aar
1224 3778 1264 3832 de
1284 3781 1362 3836 dssc-

229 3935 337 4003 tpoque,
357 3896 407 4003 pire
425 3893 448 3988 le
463 3935 540 4023 Pepe
557 3933 764 4002 iuterrcmprait
782 3950 844 3990 avec
861 3935 902 3990 lui
920 3940 992 3990 toute
1010 3937 1125 3990 relation
1143 3897 1360 4010 meaeque

230 4014 259 4065 It
276 4030 309 4064 ιι
324 4015 438 4080 potaverit
457 4014 532 4066 venir
549 4013 568 4064 ὰ
586 4013 614 4065 la
629 4029 725 4080 pensae
743 4011 1082 4080 duPcpedrsulminerl'
1088 4018 1360 4072 aewmauntcatica

229 4105 279 4142 sur·
296 4092 324 4143 la
341 4091 430 4144 moitie‘
448 4091 481 4145 de
499 4091 517 4143 ι’
528 4091 629 4158 Eolisc,
650 4093 719 4146 mais
736 4091 757 4144 il
772 4093 887 4159 poucait
905 4093 961 4159 fort
980 4093 1040 4146 bien
1058 4093 1212 4161 reapprr‘mer
1231 4094 1277 4149 les
1289 4101 1360 4151 rulu-

231 4169 303 4221 ticns
319 4170 479 4223 ordinaires.
500 4203 531 4208 --
553 4170 662 4236 Miller,
681 4170 753 4226 Hist.
772 4170 834 4226 eccl
854 4171 934 4241 (vere.
949 4171 1030 4242 Gall.)
1046 4173 1078 4230 V.
1091 4171 1113 4226 L
1126 4172 1212 4238 From.
1228 4173 1361 4242 Panare,
