2936 4814
233 439 269 490 28
586 439 626 492 De
644 437 710 492 Sede
727 437 849 492 Romsns
865 438 891 496 S.
909 439 993 497 Petrt

234 583 349 663 cimus,
374 583 501 668 foetam
533 581 746 644 determinans
778 583 888 646 seriem
909 580 1091 667 legitimam
1115 585 1350 651 Successorum

234 679 382 763 ejusdem
407 681 492 742 sicut
515 679 549 741 in
573 677 750 762 episcopali
766 678 851 744 Sede
875 679 1033 762 Romana,
1056 682 1103 746 ite
1126 691 1159 746 et
1181 685 1215 747 in
1239 684 1349 748 eidem

233 777 372 840 adnexis
390 776 523 863 juribus
546 777 716 859 primatus,
741 779 955 841 constitutum
987 778 1059 843 fuit.
1105 781 1223 846 Merito
1247 783 1351 866 igitur

78 871 121 911 ω
136 881 220 911 ''¹⁰⁰⁶''
233 873 375 957 theologi
406 873 469 938 hec
499 875 532 938 iu
563 874 754 958 quaestione
785 884 960 938 secernunt
982 875 1078 962 legem
1100 881 1305 944 successionis
1329 903 1350 943 a

103 931 178 974 sionls.

60 1843 159 1885 contiuo
173 1855 220 1886 suc-

86 1905 196 1946 enesionis.

233 973 409 1036 conditione
433 971 591 1056 ejusdem.
629 971 719 1054 Lege
734 973 950 1036 successionis
974 973 1199 1058 significemus
1224 978 1351 1041 titulum

232 1093 296 1155 quo
321 1069 477 1134 definitur
499 1068 673 1148 successio,
705 1067 917 1152 designemus
947 1073 1056 1134 scituro
1071 1075 1256 1161 juridicum,
1282 1097 1348 1160 quo

231 1168 442 1253 praefinitum
466 1177 524 1247 est,
549 1175 585 1227 ut
615 1164 726 1250 aliqua
749 1165 875 1230 functio
908 1189 974 1231 non
998 1170 1039 1233 sit
1063 1170 1255 1255 simpliciter
1277 1195 1350 1257 per·

232 1265 362 1346 sonalis,
378 1265 437 1330 scd
459 1263 640 1352 personalis
664 1265 710 1328 ite
734 1265 784 1346 sit,
800 1274 837 1328 ut
857 1263 955 1328 simul
978 1264 1092 1331 heberi
1117 1267 1235 1332 debeat
1248 1271 1350 1333 realis

231 1371 322 1450 utque
340 1373 507 1449 perpetue.
554 1362 605 1425 Ea
638 1361 702 1448 lege
734 1371 831 1424 erunt
863 1383 992 1447 semper
1015 1366 1134 1428 summi
1157 1365 1347 1448 Pontifices,

231 1461 386 1545 Episcopi
412 1459 614 1523 universales
638 1460 671 1522 in
695 1458 856 1539 Ecclesia,
888 1481 953 1544 qua
976 1461 1048 1545 ipse
1072 1460 1223 1526 Christus
1245 1464 1347 1529 Dom.

230 1559 326 1622 Petro
350 1558 527 1642 primatum
552 1556 689 1620 contulit
712 1567 744 1620 et
773 1556 878 1620 voluit
900 1579 976 1620 eum
999 1580 1218 1642 perseverare.
1256 1562 1348 1646 Ergo

231 1654 283 1718 lec
307 1655 523 1718 successionis
546 1655 581 1717 in
604 1655 749 1738 primatu
771 1665 820 1717 est
843 1654 896 1718 lex
910 1655 1080 1720 Domitiae
1105 1665 1137 1718 et
1159 1679 1225 1721 non
1250 1680 1347 1722 ceno·

230 1752 315 1832 nice,
340 1759 372 1814 et
387 1756 462 1842 jure
486 1753 593 1814 divino
617 1752 713 1816 Petro
739 1751 936 1817 succeditur.

318 1851 348 1914 3.
377 1845 562 1913 Conditione
588 1851 804 1913 successionis
828 1849 1078 1934 complectimur
1101 1850 1136 1914 id
1160 1873 1255 1915 omne
1279 1874 1345 1938 quo

230 1946 275 2028 fit,
300 1957 336 2010 ut
358 1947 414 2011 hie
437 1949 546 2032 potius
569 1969 668 2033 quem
699 1947 791 2028 elius,
816 1946 879 2010 hoc
909 1949 1018 2032 potius
1041 1947 1112 2012 loco
1136 1969 1175 2010 sc
1198 1958 1346 2034 tempore

230 2067 329 2130 quam
359 2045 423 2109 elio
453 2046 527 2130 quis
557 2045 722 2108 succedet.
771 2044 868 2124 Quod
898 2046 999 2128 igitur
1028 2047 1181 2131 Episcopi
1207 2049 1348 2110 Rotnani

230 2143 267 2207 B.
292 2145 387 2208 Petro
421 2143 601 2206 succedunt
629 2142 751 2227 pendet
780 2163 822 2204 ex
846 2141 1013 2226 aliquibus
1036 2142 1141 2206 factis.
1178 2145 1218 2207 Δ1.
1245 2143 1344 2223 Quod

229 2239 267 2304 B.
298 2241 415 2303 Petrus
445 2240 586 2302 tenuerit
609 2239 794 2302 Romanum
825 2239 1073 2323 Episcopatum,
1098 2240 1287 2326 etquidem
1312 2243 1344 2306 2.

229 2359 333 2423 usque
356 2337 399 2400 ad
423 2345 578 2418 mortem3
608 2336 698 2421 quod
721 2337 751 2400 3.
777 2345 852 2400 ente
876 2345 1014 2399 mortem
1037 2357 1103 2400 non
1126 2339 1346 2420 resignaverit

228 2434 321 2500 alteri
345 2456 439 2499 suem
472 2436 718 2498 oecumenicam
741 2443 952 2519 potestatem
991 2434 1079 2519 quod
1103 2435 1134 2499 4.
1153 2436 1211 2519 jus
1233 2444 1268 2498 et
1288 2457 1345 2520 po·

228 2541 379 2596 testatem
404 2555 497 2596 suem
517 2531 594 2596 Sedi
618 2533 787 2595 Romanae
817 2531 996 2617 reliquerit.
1043 2531 1077 2596 Si
1102 2531 1186 2596 haec
1209 2535 1344 2597 nomine

220 2631 309 2716 facti
346 2631 515 2717 oripiaerii
551 2631 639 2693 Petri
675 2629 995 2713 comprehendimus,
1033 2629 1099 2693 dici
1136 2639 1252 2714 potest,
1289 2631 1346 2694 lsoc
1461 2703 1462 2708 η

220 2728 314 2812 facto
339 2729 435 2806 Petri,
468 2735 626 2813 tunquam
660 2725 849 2791 conditione
882 2726 1061 2808 verificete,
1085 2728 1237 2791 effectum
1262 2749 1345 2810 esse,

228 2834 264 2888 ut
286 2826 427 2890 Romani
450 2825 628 2890 Pontifices
651 2825 747 2887 Petro
780 2824 962 2888 succedant
992 2825 1026 2887 in
1050 2827 1205 2909 primatu,
1229 2847 1346 2910 quum·
1461 2839 1462 2920 ξ

228 2944 291 3008 que
314 2923 369 2987 lex
392 2923 609 2986 successionis
634 2924 676 2984 sit
693 2922 780 3006 juris
803 2921 921 3002 divini,
946 2921 1023 2984 inde
1047 2924 1259 3007 consequitur
1281 2923 1345 2987 Ro-
1461 2975 1462 2992 ,

227 3042 342 3085 menos
356 3021 532 3085 Pontifices
556 3019 732 3084 succedere
753 3021 848 3083 Petro
873 3021 907 3082 in
931 3021 1075 3104 primatu
1085 3020 1161 3104 jure
1184 3020 1345 3106 divin0.1)
1461 3011 1462 3022 ¹

315 3121 346 3184 4.
370 3119 424 3183 Ex
453 3119 551 3182 dictis
581 3120 660 3181 satis
690 3116 864 3202 colligitur,
895 3119 1010 3202 quenti
1042 3120 1198 3182 momenti
1222 3118 1278 3184 ills
1302 3120 1347 3183 sit

227 3217 375 3298 quaestio
406 3217 444 3280 dc
474 3215 555 3280 Sede
584 3217 730 3280 Romana
759 3216 797 3279 B.
823 3217 918 3279 Petri.
968 3213 1132 3279 Convenit
1154 3227 1265 3279 autem
1288 3215 1346 3279 ad·

302 3403 323 3470 ¹)
341 3402 488 3456 Distinctio
506 3401 555 3456 illa
573 3402 638 3470 lepis
649 3400 823 3455 successionis
834 3399 1121 3454 eteonditionisetism
1139 3399 1200 3453 eliis
1218 3399 1247 3453 in
1265 3399 1347 3454 rebus

226 3483 396 3551 conspicitur.
433 3483 478 3536 Ite
501 3481 587 3536 forms
611 3480 752 3548 regiminis
776 3479 847 3548 apud
866 3479 999 3532 Romanos
1028 3478 1089 3543 fuit,
1108 3483 1140 3532 ut
1157 3495 1281 3546 supreme
1299 3495 1346 3546 po

226 3567 312 3616 testes
331 3567 403 3616 esset
421 3561 491 3629 apud
510 3561 638 3614 consules.
667 3561 726 3613 Iaer
739 3558 912 3613 successionis
930 3558 959 3612 in
978 3557 1118 3612 consulatu
1136 3559 1247 3626 proinde
1265 3557 1348 3612 debet

225 3641 349 3695 collocari
368 3641 396 3695 in
415 3641 481 3708 ipsis
505 3639 752 3694 fundamentalibus
777 3638 882 3706 legibus
908 3637 1077 3705 reipublicae.
1114 3637 1165 3692 Sed
1183 3638 1253 3707 quod
1271 3643 1348 3692 certo
1461 3655 1462 3660 ¹

225 3726 345 3789 tempore
364 3726 435 3775 esset
453 3721 645 3788 potiusconsul
657 3719 800 3787 Pompejus
815 3733 894 3784 quem
903 3718 1046 3782 Antonine,
1065 3733 1099 3772 ex
1117 3719 1268 3772 conditione
1285 3729 1347 3772 sue·
1461 3775 1462 3778 Ἴ

224 3801 351 3855 cessionis
370 3801 546 3855 derivandum
572 3807 621 3854 sst.
659 3800 734 3853 Haec
760 3798 878 3852 conditio
906 3803 967 3852 eret
994 3801 1069 3852 certa
1092 3797 1347 3864 quaedemelectio.
1461 3871 1462 3874 Ἴ

224 3881 253 3935 Si
276 3881 382 3947 quaeris
401 3882 519 3949 proinde,
539 3895 590 3948 quo
605 3880 668 3947 jure
688 3878 831 3946 Pompejus
851 3877 1010 3932 successerit
1022 3877 1051 3930 ln
1070 3878 1218 3942 consulatu,
1238 3894 1348 3946 respon·

224 3961 317 4015 detur:
333 3959 395 4028 jure
407 3961 556 4028 Quiritum,
575 3960 598 4013 si
617 3958 725 4025 quaeris
744 3975 797 4024 que
810 3957 970 4020 conditione,
983 3957 1171 4024 respondetur:
1191 3957 1349 4012 conditione

224 4039 364 4108 legitimae
387 4041 533 4094 electionis.
557 4072 590 4079 -
610 4037 665 4092 Cir.
685 4039 717 4092 de
736 4037 786 4091 hac
804 4035 960 4104 quaestione
985 4036 1153 4104 Caieta-num,
1178 4035 1273 4103 Opusc
1293 4037 1348 4090 III.

223 4121 265 4174 De
283 4121 357 4174 Rom.
386 4120 525 4174 PontifieIs
550 4119 739 4173 institutione:
759 4133 781 4172 e.
807 4117 890 4184 XIII,
916 4117 990 4170 Rom.
1020 4115 1176 4169 Pontificem
1203 4116 1349 4172 succedere

223 4200 306 4253 Petro
324 4199 352 4253 in
370 4198 536 4253 Pontificatu
556 4199 641 4254 totius
660 4197 803 4252 Ecclesiae.
