2924 4818
249 473 301 528 lat
490 475 527 526 De
547 474 620 527 Rom.
640 473 718 528 Pout.
738 473 836 526 saeculi
856 473 935 542 primi
954 479 982 526 st
1001 473 1117 527 secundi.

249 618 357 682 beatas
380 619 543 703 episcopas
564 630 665 682 aester
674 616 766 682 Soter
787 641 852 682 aon
874 616 1128 696 eeroooitsolaaa,
1151 641 1258 682 oetam
1272 621 1373 684 οὑίαω

249 715 405 780 adme·
429 726 493 778 tura
516 718 774 780 manerasaactis
783 715 945 780 &abacta
968 717 1089 800 copiose
1112 715 1372 796 subministrans,

250 823 312 876 tum
327 813 454 898 frates
470 837 602 898 percpre
636 814 836 878 &venientes
860 825 1009 898 tanquam
1041 813 1155 878 liberos
1178 835 1251 878 suos
1268 825 1373 898 pater

249 913 483 976 maambamas
516 911 616 976 beatis
648 911 839 976 serraoaibas
880 910 1081 976 wmolaado.
1119 948 1163 960 —
1197 908 1293 990 Quae
1326 911 1373 977 de

249 1007 306 1074 SS.
330 1008 426 1072 Petro
451 1019 483 1072 et
497 1009 599 1074 Paulo
624 1011 659 1072 in
683 1009 745 1072 hae
770 1009 907 1094 epistola
917 1009 1101 1092 Dionysius
1124 1008 1249 1089 scribit,
1274 1030 1371 1094 prae-

249 1105 386 1170 cedente
405 1107 475 1191 jam
501 1107 646 1172 vidimus
669 1106 918 1172 Dissertatione.

116 1224 120 1240 ¹
146 1226 214 1264 rann.
336 1204 389 1269 48.
414 1203 483 1270 Sub
517 1203 629 1270 Sotero
669 1205 823 1270 Tatiaaas
855 1204 967 1270 floruit
989 1214 1088 1290 atque
1121 1203 1252 1268 defecit
1301 1203 1371 1268 Hie

248 1299 404 1364 videlicet
426 1323 468 1364 ex
492 1301 629 1386 Assyria
653 1301 822 1384 oriundus,
846 1304 991 1387 primum
1015 1303 1048 1366 in
1072 1299 1246 1386 gentilium
1271 1299 1371 1366 disci·

247 1398 347 1482 plinis
370 1421 491 1482 magna
515 1421 590 1464 cum
615 1400 703 1464 fama
728 1410 876 1466 versatus
899 1408 964 1481 est3
989 1398 1110 1464 deinde
1133 1399 1258 1464 Romae
1274 1397 1371 1464 Chri-

248 1497 374 1562 stianus
397 1496 513 1578 factus,
538 1497 571 1562 S.
604 1497 729 1563 Justini
762 1498 895 1563 auditor
926 1507 959 1562 et
987 1500 1021 1562 in
1045 1496 1290 1582 propugnanda
1312 1497 1371 1562 ad·

249 1614 363 1660 versus
402 1593 551 1660 ethnicos
589 1594 801 1680 philosophos
843 1596 1023 1660 christiana
1056 1596 1195 1661 veritate
1233 1593 1372 1680 adjutor

248 1690 319 1756 fuit.
373 1693 453 1758 Post
485 1703 622 1758 mortem
654 1693 780 1760 Justini
814 1695 919 1778 ipsius
955 1691 1085 1756 scholae
1118 1690 1371 1777 philosophicae

248 1789 399 1874 praefuit,
424 1790 482 1854 sed
506 1813 585 1854 mox
608 1791 685 1854 fidei
709 1792 919 1874 naufragium
943 1790 1031 1855 iecit.
1061 1791 1091 1854 T
1087 1793 1226 1868 anonas,
1251 1789 1373 1854 scribit

247 1886 412 1952 Eusebius
444 1888 501 1976 (H.
534 1889 574 1953 E.
606 1888 627 1954 l.
660 1888 719 1970 IV,
753 1911 781 1954 c.
805 1887 872 1975 29),
896 1889 1022 1952 Justiai
1054 1888 1371 1972 attemptatis

248 1985 371 2071 qnidam
403 2010 471 2052 carn
500 1986 557 2050 ttto
590 1997 733 2050 versatas
766 1997 820 2067 est,
844 1987 925 2050 atttt
948 1986 1101 2074 ejusmodi
1132 1985 1370 2072 (haereticum)

242 2083 388 2169 protulit.
436 2085 511 2148 Post
541 2086 727 2170 martyriam
760 2095 862 2150 autem
897 2083 987 2148 illias
1019 2083 1059 2147 ab
1090 2081 1235 2148 Ecclesia
1258 2105 1291 2148 ac
1316 2082 1370 2148 ob-

246 2205 406 2267 rumpens,
441 2182 577 2245 doctoris
609 2185 796 2268 orropoatia
828 2181 929 2246 elatas
961 2205 998 2246 ac
1032 2180 1182 2259 tumidus,
1217 2191 1371 2265 tuaquom

243 2282 463 2364 praestantior
487 2281 620 2344 caeteris
642 2303 755 2344 aooaat
770 2279 1085 2364 quamdamfoaraara
1107 2279 1271 2342 docaiaas
1296 2301 1369 2340 coa-

238 2377 345 2462 flaoit,
370 2399 482 2442 aeones
513 2378 687 2442 invisibiles
719 2389 905 2442 manicatus
932 2377 1069 2463 perinde
1101 2399 1139 2440 ac
1168 2374 1369 2450 Valentiam,

248 2497 391 2538 asserem
422 2498 541 2561 qaoque
573 2500 641 2540 man
665 2475 839 2540 Saturniae
872 2486 902 2537 et
925 2475 1099 2551 Marcione,
1131 2473 1369 2538 matrimonium

149 2624 150 2627 ,
247 2571 327 2635 nibil
365 2571 456 2638 aliud
497 2596 560 2638 esse
601 2597 694 2659 qaam
734 2574 964 2659 coemptionem
1000 2583 1030 2635 et
1061 2581 1212 2656 saspram.
1269 2567 1369 2635 Nasu

242 2681 413 2756 praeterea
436 2682 620 2758 arpameata
653 2672 696 2736 od
719 2671 956 2736 subvertendam
979 2669 1097 2734 Astomi
1119 2665 1252 2733 salama
1275 2686 1367 2730 neo·

246 2768 368 2852 pitaoit.
417 2768 505 2834 Haec
528 2770 678 2834 Irenaeas
711 2769 750 2834 de
772 2769 894 2832 haeresi
925 2791 1005 2854 qaae
1027 2779 1101 2832 tarta
1122 2766 1222 2850 sipait
1244 2763 1367 2828 ldm-

248 2865 385 2928 titaram.
420 2903 464 2911 —
498 2866 610 2945 Quum
641 2864 797 2932 videlieet
828 2867 989 2931 Titianus
1021 2865 1156 2950 ejusque
1189 2871 1368 2928 sectatores

248 2963 469 3027 continentiae
493 2965 672 3044 studerent,
697 2965 818 3030 etvini
840 2964 1157 3042 usumdamnsrent,
1183 2961 1262 3026 dicti
1286 2969 1368 3024 sunt

249 3059 433 3124 hmanas
443 3083 501 3126 seu
513 3061 737 3142 Contineutes,
762 3073 794 3126 et
816 3061 1115 3148 Hydroparastotae
1129 3063 1201 3124 sive
1215 3059 1365 3144 Aquarii

248 3155 372 3221 Versus
395 3181 521 3224 annum
546 3160 609 3224 172
624 3159 784 3226 Tatisnus
798 3159 937 3224 Romam
952 3157 1085 3244 reliquit
1108 3167 1140 3222 et
1163 3159 1198 3222 in
1220 3157 1365 3242 patriam

247 3274 398 3320 reversus
421 3267 486 3338 est;
511 3267 600 3322 secta
622 3267 733 3322 autem
757 3257 827 3342 ejus
850 3257 960 3324 adhuc
983 3256 1114 3322 saecula
1137 3254 1186 3321 IV
1210 3255 1244 3320 iu
1264 3251 1367 3336 Syria

249 3353 420 3420 existebat.

336 3451 389 3517 49.
414 3453 685 3518 Maataaistasam
708 3473 838 3538 quoque
871 3461 960 3516 secta
990 3451 1051 3516 sub
1075 3451 1188 3518 Sotero
1212 3457 1270 3516 aut
1293 3459 1366 3514 orta

247 3559 296 3612 est
318 3547 362 3635 (a.
389 3548 477 3634 171),
508 3549 604 3613 sicuti
638 3548 870 3616 Tillemontius
902 3548 1024 3634 aliique
1051 3549 1150 3633 juxta
1175 3547 1365 3614 chronicon

247 3645 385 3712 Eusebii
410 3656 568 3729 statuunt,
599 3657 657 3712 aut
686 3647 864 3734 aliquando
895 3648 986 3732 prius
1009 3647 1185 3734 jamenta,
1218 3645 1266 3710 uti
1290 3643 1367 3710 aliis

247 3743 365 3830 placet,
389 3745 450 3810 sub
475 3744 538 3810 hoe
560 3746 721 3811 Pontifice
745 3745 896 3812 invaluit.
921 3744 1038 3810 Sectae
1061 3754 1175 3810 auctor
1198 3743 1365 3816 fuittlloa-

248 3853 350 3922 tasas,
375 3841 531 3908 Ardabae
554 3843 685 3928 Mysiae
705 3843 828 3930 oppido
851 3843 1017 3928 Phrygiae
1046 3841 1197 3922 finitimo,
1222 3838 1367 3906 ethnicis

247 3939 440 4026 parentibus
463 3951 570 4021 natus,
595 3942 647 4004 vir
670 3942 922 4028 temperamenti
938 3938 1178 4021 melancholici,
1202 3940 1365 4006 auaritiae

248 4045 280 4101 et
307 4037 501 4103 dominandi
535 4038 685 4124 cupidini
719 4041 818 4104 etiam
851 4048 925 4124 post
947 4038 1148 4124 baptismum
1177 4035 1364 4121 indulgens.

248 4134 438 4202 Isdivinas
471 4137 702 4222 inspirationes
731 4137 913 4217 venditare,
946 4157 1033 4214 noua
1063 4146 1095 4200 et
1118 4134 1269 4208 inaudita
1293 4157 1365 4220 pro

247 4232 347 4322 loqui,
372 4232 548 4320 futuraque
570 4243 701 4320 praeter
725 4255 848 4300 morem
872 4244 906 4299 et
928 4235 1115 4305 institutum
1140 4256 1161 4306 a
1183 4232 1365 4318 majoribus
