2836 4804
451 479 576 534 Formula
592 479 750 536 Hormisdae
768 482 800 536 R.
819 483 849 537 P.
1142 485 1196 538 325

81 631 140 696 sed
163 633 335 697 occasione
359 631 477 696 horum
501 641 649 697 motuum
679 634 881 698 aPontifice
904 638 1140 722 praescriptam
1164 646 1196 700 et

8 769 9 784 .
82 729 125 793 ab
155 729 318 814 episcopis
347 729 489 794 oblatam
521 753 591 794 esse
623 731 811 814 formulam,
836 753 901 820 qua
923 730 1086 822 pancratio
1103 736 1195 822 priu-

83 827 167 914 cipio
190 833 429 912 proponuntur,
462 827 583 916 quibus
616 827 832 894 infallibilitas
864 828 959 894 Sedis
986 819 1196 916 Apostolicae

82 921 302 1010 praedicatur.
327 963 369 972 -
394 923 470 989 Jam
495 925 624 990 solitam
641 925 883 991 cavillationem
907 927 1058 1012 afferunt,
1083 928 1196 992 distin·

80 1031 220 1107 guentes
257 1023 342 1086 inter
373 1024 493 1102 sedem,
527 1025 561 1087 in
594 1045 660 1110 qua
698 1047 868 1112 nunquam
901 1022 1012 1090 deficit
1044 1020 1140 1107 fides,
1164 1034 1197 1090 et

82 1119 252 1200 sedentem,
276 1121 332 1205 qui
357 1141 464 1186 errare
483 1130 599 1208 potest.
623 1119 796 1209 Ejusmodi
821 1125 953 1186 inanem
977 1123 1196 1209 objectionem

81 1217 187 1282 fusius
209 1217 354 1282 refutare
377 1216 510 1282 alterius
542 1218 605 1282 loci
636 1229 694 1285 est.
740 1219 806 1286 Hic
838 1229 966 1285 tantum
991 1221 1196 1286 animadver-

82 1315 192 1396 timus,
225 1337 298 1378 eam
332 1315 465 1403 quidem
498 1316 741 1383 distinctionem
773 1319 859 1383 inter
885 1317 996 1383 sedem
1025 1327 1057 1382 et
1085 1317 1196 1382 sedeu-

81 1423 149 1475 tem
186 1414 310 1498 passim
346 1411 436 1500 apud
468 1415 621 1500 antiquos
657 1415 811 1480 inveniri.
869 1415 934 1480 Sed
968 1413 1195 1479 tantummodo

82 1531 119 1573 eo
144 1532 243 1598 scopo
267 1509 459 1596 adhibetur,
477 1520 513 1574 ut
536 1511 589 1575 vel
605 1511 753 1598 ''dipsitos
786 1511 878 1591 sedis,
903 1522 935 1576 et
957 1511 1119 1578 humilitas
1140 1523 1198 1578 aut

82 1607 261 1695 iodipuituo
284 1608 467 1696 personalis
501 1609 670 1674 obtineatis
693 1611 810 1693 sedem,
842 1621 1060 1696 opponantur,
1084 1611 1137 1675 vel
1162 1621 1198 1676 ut

82 1707 183 1770 series
211 1728 278 1770 non
311 1708 493 1792 interrupta
526 1729 769 1790 successorum,
803 1707 1018 1773 morientibus
1050 1707 1197 1792 singulis,

83 1803 259 1868 indicetur.
297 1805 484 1868 Moriuntur
507 1803 662 1869 videlicet
677 1804 835 1888 sedentes,
859 1815 970 1869 manet
992 1827 1070 1870 vero
1095 1805 1198 1871 sedes.

83 1901 149 1966 Sed
173 1903 287 1987 inepta
309 1902 407 1988 plane
431 1913 480 1966 est
503 1901 559 1966 illa
574 1901 751 1986 distinctio,
768 1903 847 1967 dum
871 1901 1062 1970 cathedram
1085 1904 1127 1969 ab
1152 1927 1198 1968 er-

82 2021 155 2064 rore
189 1999 436 2064 immaculatam
468 2000 706 2087 praetendunt,
749 2001 876 2067 etiamsi
910 2002 1027 2066 sedens
1057 2024 1198 2066 errorem

83 2097 263 2184 praedicet.
310 2097 412 2162 Sedes
435 2101 524 2162 enim
557 2097 784 2162 tantummodo
812 2121 871 2186 per
894 2099 1062 2164 sedentem
1086 2099 1128 2163 ab
1152 2121 1198 2163 er-

83 2215 156 2259 rore
178 2194 283 2259 libera
307 2205 365 2277 est,
391 2205 422 2259 et
445 2197 575 2261 nonnisi
609 2195 798 2281 peripsum
823 2197 954 2261 decreta
978 2195 1055 2262 fidei
1079 2197 1199 2261 emittit

83 2292 206 2380 quibus
239 2313 351 2358 omnes
384 2291 581 2377 obligantur.
628 2293 694 2356 Hic
724 2293 813 2358 valet
842 2294 930 2382 quod
963 2292 1044 2358 dicit
1073 2293 1115 2358 de
1138 2293 1199 2359 Ro·

83 2412 181 2454 mano
195 2389 355 2454 Pontifice
372 2390 403 2456 S.
422 2393 539 2455 Petrus
550 2391 727 2456 Damiani:
756 2391 803 2456 Tu
825 2393 893 2479 ipsc
914 2416 946 2456 cs
969 2403 1079 2457 sancta
1103 2391 1200 2470 sedes,

84 2497 116 2551 tu
140 2511 173 2550 ea
197 2487 327 2551 scelesto
350 2487 540 2575 Romanu).
588 2488 653 2554 Sed
676 2488 759 2552 haec
782 2487 983 2578 hactenus2).

176 2585 228 2650 18.
255 2583 328 2665 Quo
361 2595 507 2672 tempore
549 2585 647 2671 legati
688 2585 885 2651 Hormisdae
918 2583 1200 2672 Constantinopoli

86 2682 304 2747 versabantur
327 2683 370 2772 (a.
395 2681 486 2771 519),
511 2685 739 2749 vehementius
773 2687 858 2750 inter
880 2683 1057 2750 catholicos
1080 2683 1202 2748 exarsit

8 2819 10 2848 ι
83 2783 310 2845 controversia
333 2779 373 2845 de
396 2782 556 2846 formula:
584 2783 711 2848 Uatiae
739 2783 895 2847 Trinitate
913 2805 1032 2869 passus
1055 2791 1108 2846 est.
1133 2779 1201 2844 Mo·
1241 2807 1338 2851 nomen

84 2878 183 2943 nachi
226 2878 360 2964 quidam
396 2877 541 2963 Scythae
572 2879 855 2966 Constantinopoli
897 2878 984 2944 hanc
1026 2878 1200 2943 formulam
1240 2867 1340 2919 siim·

85 2997 205 3060 magno
231 2975 346 3040 ardore
369 2975 636 3064 propugnabant,
661 2987 698 3041 ut
717 2979 935 3042 necessariam
959 2977 1001 3041 ad
1026 2977 1125 3040 fidem
1150 2999 1200 3040 ca-

85 3073 243 3139 tholicam
266 3074 434 3160 tuendam,
458 3077 594 3162 ejusque
617 3076 889 3162 approbationem
912 3099 931 3140 a
952 3076 1069 3160 legatis
1092 3082 1200 3160 postu·

84 3170 205 3236 larunt.
255 3169 328 3253 Quo
361 3171 496 3256 factum,
528 3184 565 3237 ut
596 3175 629 3236 in
662 3175 882 3260 suspicionem
909 3172 1199 3260 Menophysitismi

86 3272 249 3350 venirent,
281 3279 312 3334 et
344 3269 386 3335 ad
417 3271 574 3335 tuendam
607 3273 773 3358 propriam
804 3271 1033 3336 orthodoxiam
1061 3271 1200 3334 Romam

8 3407 9 3424 .
85 3367 128 3432 ad
161 3366 374 3432 Hormisdam
404 3369 598 3433 Pontificem
631 3369 925 3455 proficiscerentur.
976 3370 1100 3433 Romae
1124 3390 1201 3454 quo-

8 3511 9 3532 .
85 3488 149 3552 que
172 3475 281 3530 motus
298 3467 485 3531 excitarunt
499 3467 541 3531 ob
557 3465 888 3552 vehementiam,qua
912 3466 1001 3531 illam
1026 3464 1200 3530 formulam

8 3603 9 3646 ,
85 3573 355 3649 propugnarunt3
389 3587 427 3628 ae
459 3563 593 3628 tandem
624 3586 725 3650 quum
761 3574 1007 3651 exspectaretur
1036 3560 1200 3626 adventus

8 3647 9 3696 l
85 3659 278 3745 legatorum,
303 3683 384 3748 quos
408 3661 470 3726 sibi
495 3663 604 3725 minus
618 3661 730 3727 favere
755 3661 913 3742 sciebant,
938 3661 1020 3724 urbe
1045 3659 1129 3723 clam
1155 3657 1201 3723 di·

85 3761 186 3843 gressi
210 3768 295 3824 eunt.
341 3757 535 3822 Hormisdcs
555 3759 648 3846 Papa
672 3781 784 3822 eorum
807 3758 926 3844 agendi
951 3759 1078 3822 ratione
1101 3757 1200 3820 offen-

162 4016 182 4083 ι)
201 4013 268 4084 Opp.
286 4020 350 4068 tom.
369 4012 421 4068 111.
439 4015 499 4068 221.

161 4095 183 4163 ¹)
200 4091 242 4148 De
260 4091 540 4148 somnialiormisdse
559 4091 840 4162 videHergenrttther,
855 4091 955 4148 Kirche
974 4091 1028 4146 und
1038 4091 1117 4146 Staat
1126 4091 1201 4146 XVI.

87 4187 113 4239 p.
133 4173 186 4226 952
203 4189 258 4244 sqq.
277 4203 311 4212 -
330 4171 466 4237 Ballerini‚
485 4172 526 4226 De
544 4172 572 4225 vi
591 4189 622 4226 ac
646 4173 751 4228 ratione
774 4172 906 4240 primatus
925 4189 946 4226 c.
965 4169 1043 4226 xm.
1062 4172 1086 4239 fi.
1106 4171 1147 4226 15.
1169 4200 1202 4209 -

87 4253 339 4308 Animadversiones
357 4253 386 4306 in
404 4259 520 4324 quatuor
538 4258 632 4306 contra
650 4249 884 4306 infallibilitatem
902 4253 989 4306 editos
1006 4249 1108 4304 libellos
1127 4251 1159 4304 V.
