2810 4846
277 479 328 536 leo
691 477 733 538 De
750 477 823 537 lecto
840 479 968 538 Nectarii.

145 655 226 698 rm„
362 625 415 691 57.
441 624 538 706 Quod
561 626 677 690 attinet
698 627 738 690 4⁰
764 625 807 690 ad
821 635 947 692 textum
964 624 1193 710 difficiliorem,
1216 649 1305 714 quem
1324 649 1358 690 ex

126 717 243 760 ⁶¹fl⁶¹¹¹⁰¹·
275 722 506 809 Chrysostomo
540 725 689 808 superius
722 725 912 806 citavimus,
944 733 1094 788 auctores
1120 727 1240 811 passim
1260 725 1358 790 adver·

272 831 355 904 tunt,
381 821 459 886 dum
484 819 734 906 chrysostomus
757 821 854 886 dicit:
879 822 955 886 Non
978 831 1006 886 ta
1028 823 1064 887 ιἰι
1087 823 1236 888 mmmm
1256 846 1359 888 wmar-

273 943 380 984 ιιοιιιιιι
403 931 524 984 tuorem
547 918 635 999 duco,
660 941 734 983 eum
758 918 902 984 alludere
935 928 971 982 ut
994 941 1212 986 successorem
1233 921 1358 985 Nectarii

273 1017 317 1082 ad
348 1017 538 1103 abrogatam
568 1018 803 1102 poenitentiam
835 1016 1013 1104 publicam,
1037 1017 1185 1105 adeoque
1208 1019 1359 1084 confessio·

273 1138 349 1182 nem
372 1115 443 1180 Deo
467 1114 652 1180 faciendam
676 1117 738 1201 ipsi
772 1137 841 1180 esse
871 1135 955 1196 eam,
980 1137 1065 1202 quae
1087 1117 1243 1202 privatim
1273 1137 1360 1180 sacer·

255 1214 341 1279 'doti
365 1211 445 1299 flu).
491 1212 557 1278 Sed
580 1235 645 1278 non
677 1213 791 1296 video,
824 1212 1087 1279 obseruationem
1121 1213 1210 1280 illam
1234 1215 1272 1280 de
1292 1215 1360 1278 Nec·

273 1313 347 1376 tarii
370 1311 457 1376 facto
482 1310 536 1374 hic
560 1311 603 1375 ad
625 1331 694 1374 rem
718 1333 798 1376 esse.
844 1311 985 1382 Etenim,
997 1311 1177 1378 Homiliam
1201 1313 1232 1378 V
1262 1313 1297 1378 de
1320 1313 1359 1376 l-

273 1408 540 1496 compreheosidili
554 1407 805 1493 chrysostomus
829 1419 916 1474 certo
933 1408 1050 1478 habuit
1071 1419 1108 1474 ut
1129 1411 1296 1496 presbyter
1307 1411 1361 1474 An-

272 1507 423 1589 tiochiae,
448 1529 584 1592 eamque
608 1509 642 1572 in
666 1506 731 1570 fine
754 1509 833 1571 anui
859 1507 923 1572 386
951 1506 1098 1572 habitam
1123 1531 1194 1574 esse
1219 1507 1360 1574 Montfau·

273 1608 386 1670 conius
410 1602 605 1690 ostendit2),
630 1604 777 1690 adeoque
801 1625 838 1669 eo
862 1613 1023 1690 tempore,
1048 1627 1112 1691 quo
1136 1629 1199 1672 nec
1222 1607 1274 1671 ille
1293 1607 1360 1670 Nec-

272 1706 353 1769 tario
378 1711 587 1784 successerat,
611 1724 717 1789 neque
749 1704 805 1767 hic
836 1704 1072 1788 poenitentiam
1095 1703 1263 1790 publicam
1282 1703 1360 1768 abro-

272 1811 416 1888 gaverat
463 1799 528 1866 Sed
551 1821 593 1865 ex
615 1799 679 1866 hoc
701 1803 782 1886 ipso,
808 1800 896 1888 quod
918 1803 1120 1887 poenitentia
1142 1801 1276 1888 publica
1295 1811 1360 1865 tuuc

272 1900 381 1966 adhuc
395 1901 430 1962 in
449 1921 511 1962 usu
526 1907 619 1980 esset,
645 1898 716 1984 jam
741 1898 871 1980 inferes,
897 1898 1083 1964 nullatenus
1107 1898 1360 1985 Chrysostomum

273 1998 382 2063 verbis
406 1997 543 2083 objectis
555 1996 694 2079 edicere,
710 2018 838 2082 semper
853 1997 896 2062 ad
919 1999 1144 2064 remissionem
1169 2009 1360 2085 peccatorum

272 2097 432 2176 sufficere,
456 2094 512 2158 illa
534 2095 671 2158 interius
694 2095 765 2159 Deo
790 2094 948 2160 confiteri.

359 2192 411 2258 58.
436 2191 778 2256 Animadvertendum
801 2213 895 2277 porro
927 2203 984 2274 est,
1010 2190 1279 2277 Chrysostomum
1298 2193 1317 2257 l.
1338 2214 1359 2254 c.
1386 2223 1387 2284 ,

272 2312 338 2356 non
370 2313 466 2375 agere
499 2313 540 2354 ex
571 2289 715 2376 professo
749 2289 789 2354 de
818 2291 1034 2376 poenitentia,
1058 2311 1165 2376 neque
1190 2311 1263 2356 eum
1284 2311 1359 2354 enar·

271 2411 343 2453 rare
367 2410 451 2475 quae
474 2411 516 2452 ex
539 2387 653 2453 ordine
675 2386 828 2452 facienda
844 2388 918 2470 sint,
940 2397 976 2451 ut
998 2389 1144 2453 remissio
1170 2399 1359 2475 peccatorum

272 2485 467 2552 obtineatur.
523 2485 713 2551 Generatim
748 2487 782 2551 in
815 2488 882 2550 suis
914 2485 1057 2550 homiliis
1090 2509 1195 2574 quum
1227 2487 1359 2553 adessent

272 2585 370 2648 etiam
395 2583 631 2666 catechumeni,
655 2605 722 2648 non
746 2582 826 2648 solet
848 2593 1000 2647 accurate
1024 2583 1211 2650 describere
1233 2601 1357 2668 eaquae
1385 2651 1386 2668 ,

271 2682 315 2746 ad
344 2684 583 2768 susceptionem
615 2691 892 2746 sacramentorum
922 2683 1096 2767 pertinent.
1142 2683 1226 2768 Agit
1247 2704 1281 2747 eo
1300 2680 1356 2744 loco
1385 2695 1386 2770 ,

271 2781 341 2866 ipse
366 2779 406 2844 de
431 2781 464 2844 vi
494 2781 649 2845 orationis
673 2789 705 2844 et
726 2777 902 2865 respondet
933 2780 973 2845 iis
1005 2781 1061 2866 qui
1095 2779 1230 2864 dicunt,
1253 2803 1285 2844 sc
1305 2799 1356 2842 non

271 2878 392 2943 andere
415 2899 489 2944 cum
513 2877 635 2943 fiducia
658 2899 760 2959 orare,
774 2899 811 2942 eo
835 2876 923 2964 quod
945 2871 1132 2964 peccatores
1156 2881 1234 2944 sint
1264 2875 1356 2954 Vides,

271 2976 431 3062 ejusmodi
462 2975 680 3040 diffidentiam
714 2983 861 3061 spectare
898 2995 1011 3040 omnes
1043 2977 1243 3058 universim,
1273 2991 1356 3062 quum
1384 3043 1385 3046 ,

271 3077 369 3138 etiarn
384 3073 562 3138 Christiani
585 3075 729 3137 timorati
753 3083 786 3138 et
809 3074 832 3138 ii
850 3073 970 3158 quibus
993 3082 1127 3159 peccata
1145 3074 1219 3159 jam
1242 3073 1357 3138 remissa
1384 3081 1385 3139 l

349 3305 370 3373 ¹)
389 3302 443 3358 Clr.
463 3317 486 3357 e.
505 3319 545 3372 gr.
564 3299 757 3357 Scheffmacher
775 3301 791 3355 l.
811 3317 833 3358 c.
851 3331 886 3342 -
904 3301 995 3356 Etiam
1004 3301 1185 3358 Bellsrminns
1203 3301 1354 3359 existimarit.

271 3385 321 3454 (De
339 3383 444 3438 Poenit.
463 3381 492 3436 L.
513 3383 559 3436 IV.
584 3399 599 3436 c
635 3384 688 3448 14),
716 3381 741 3438 S.
762 3381 978 3449 Chrysostomum
1008 3397 1088 3449 quum
1111 3383 1188 3450 dicit,
1216 3398 1279 3450 ,non
1295 3379 1353 3434 teir

270 3464 406 3520 theatrum
424 3479 610 3517 conservorum
630 3466 736 3517 tuorum
754 3461 846 3528 duco“,
872 3461 997 3516 adludere
1015 3462 1048 3516 ed
1067 3463 1230 3532 abrogatam
1246 3479 1289 3532 per
1303 3459 1353 3516 h'ee
1383 3469 1384 3507 ι

270 3543 369 3598 tarium
387 3543 580 3612 poenitentiam
598 3541 738 3612 publicam.

343 3623 363 3682 't
382 3623 424 3676 Ex
442 3622 506 3692 ipsis
524 3621 649 3677 Homiliis
667 3621 739 3676 hand
757 3619 902 3676 difficulter
916 3621 1045 3688 cumdem
1063 3621 1162 3676 indicis
1182 3621 1300 3694 temporis
1315 3617 1352 3672 rol·

269 3703 401 3772 liguntnr.
438 3701 484 3756 Ita
507 3701 535 3755 in
560 3702 688 3757 Homvl
710 3700 1015 3770 delucomprehensihili
1043 3717 1090 3756 seu
1109 3703 1141 3757 de
1158 3703 1191 3757 B.
1209 3701 1352 3771 Philogono.

270 3783 473 3850 chrysostomus
499 3781 567 3837 dicit
596 3799 622 3836 ιι.
651 3786 675 3847 8,
694 3797 723 3836 se
742 3781 796 3836 alia
815 3781 848 3835 de
871 3781 902 3836 B.
921 3781 1080 3851 Philogonio
1098 3781 1210 3838 dicende
1226 3783 1353 3848 nunquan
1382 3823 1383 3873 ,

270 3862 401 3917 communi
429 3862 501 3930 petri
523 3863 655 3928 Beatique
673 3861 827 3932 Philogonii
851 3862 986 3928 sectatori,
1012 3878 1049 3917 se.
1068 3862 1199 3919 Flaviano
1217 3861 1353 3920 Antiochiae

270 3942 398 4010 episcopo.
436 3941 468 3995 ln
486 3941 562 3996 Hom.
581 3941 625 3996 III
642 3943 676 3997 de
693 3941 958 4010 Inoomprehensihili
976 3959 1001 3996 n
1022 3946 1037 3996 7
1056 3943 1135 3998 dicit:
1162 3948 1248 4012 ,Ante
1264 3944 1305 3997 hos
1319 3941 1352 3992 ds

270 4037 325 4077 cem
354 4037 436 4076 annos
461 4021 567 4088 quidam
591 4022 762 4090 tyrannidem
789 4020 948 4076 affectantes
976 4023 1130 4092 deprehensi
1158 4025 1276 4094 captique
1296 4028 1352 4076 sunt.

271 4101 340 4169 quod
359 4117 405 4155 vos
423 4117 475 4155 non
495 4101 654 4170 ignoratis‘*
692 4101 825 4168 quuitur
844 4108 935 4156 antem
953 4103 1137 4166 deTheodoro.
1156 4103 1201 4170 qui
1219 4119 1242 4157 a
1259 4105 1303 4155 371
1320 4108 1351 4165 ty·
1381 4149 1382 4158 ,

270 4181 408 4235 renuidem
426 4179 576 4236 affectaret.
602 4182 641 4236 De
660 4181 717 4250 ipso
735 4181 819 4236 etiam
839 4183 901 4250 agit
917 4181 946 4236 in
964 4183 1041 4239 Hom.
1060 4183 1094 4238 ad
1112 4183 1225 4238 Viduam
1239 4181 1350 4251 juniostffl
1381 4192 1382 4239 l

270 4275 296 4317 u.
317 4261 357 4314 14.
376 4261 416 4314 De
434 4275 486 4330 quo
505 4261 636 4317 Ammian
657 4259 801 4315 Marcellin
820 4261 851 4317 L.
870 4261 970 4318 XXIX.
