2900 4800
230 431 283 484 386
603 428 643 482 De
661 443 742 482 causa
760 429 873 484 Honorii
892 429 925 484 R
944 429 975 484 P.

230 572 315 654 relli,
351 573 400 638 De
435 574 622 638 auctoritate
658 574 748 638 Rom.
788 572 907 658 Ponttf.
946 573 1032 636 Τοιη.
1066 573 1109 638 II.
1134 599 1203 662 cap.
1231 581 1286 642 10.
1313 613 1361 624 —

232 670 356 751 Palma,
380 669 621 746 Proelectiones,
649 671 679 734 T
677 693 734 734 om.
768 671 810 734 ΙΙ.
836 671 871 734 P.
901 671 926 734 I.
955 667 987 736 C.
1013 671 1069 735 XJ.
1094 673 1167 737 XII.
1191 675 1285 738 XHI.
1312 713 1361 722 —-

232 769 396 850 Wouters‚
420 769 554 832 Dissert.
593 769 677 832 Tom.
707 769 750 832 [I.
784 767 870 832 Dias.
895 767 1029 832 XLVII.
1059 766 1209 834 XLVIIL
1235 773 1358 836 XLIX.

230 904 275 916 -
298 867 482 944 Pennocclti,
515 865 568 930 De
591 866 731 930 Houorii
764 887 863 932 cause
893 877 955 930 eto.
979 865 1105 952 (1870).
1145 905 1186 914 -
1225 869 1359 952 Helele,

233 963 279 1034 (l.
294 963 335 1030 G.
359 964 397 1029 B.
421 963 482 1028 III.
507 1001 551 1010 —
574 962 756 1047 Dbllinger,
780 963 1000 1049 Papstsabclsa
1027 1001 1067 1012 —
1094 965 1245 1046 Bottalls,
1266 967 1358 1054 Pope

231 1063 405 1142 Hortos-ius,
429 1060 570 1126 London
597 1061 692 1126 1868.
723 1099 766 1108 -
799 1061 1012 1146 Reiuerding,
1035 1063 1184 1150 Bcitrs'ipc
1206 1089 1265 1128 zur
1291 1065 1357 1128 Hc

230 1161 339 1224 meos
371 1159 438 1222 aad
468 1158 704 1244 Liberiusfrapc
727 1157 853 1245 (1865).
884 1195 926 1206 —-
951 1158 1192 1243 Sebueemann,
1217 1161 1360 1228 Studien

230 1256 307 1322 tiber
321 1257 373 1322 dic
386 1256 641 1342 Honoriasfrops
656 1267 765 1320 cte-
781 1257 1015 1336 Bottemanne,
1031 1257 1081 1322 De
1093 1258 1232 1322 Hortarii
1242 1259 1358 1346 Papae

232 1355 438 1441 epistolarum
461 1357 673 1440 comptiores,
697 1353 885 1418 Busooduci
917 1355 1010 1418 1870.
1039 1393 1082 1404 -
1105 1355 1361 1440 Hergenriither

232 1452 274 1516 K.
299 1451 340 1518 G.
371 1453 397 1518 Ι.
431 1475 462 1538 p.
486 1453 551 1516 356
585 1474 675 1538 sqq.,
706 1451 769 1518 III.
793 1475 824 1537 p.
852 1453 915 1518 134
938 1452 1007 1539 (nn.
1042 1451 1105 1518 186
1129 1452 1215 1540 sqq.)
1240 1454 1299 1518 ubi
1325 1467 1361 1519 et

232 1549 469 1635 amplissimam
494 1549 707 1614 litteraturam
730 1549 794 1614 hac
817 1549 859 1614 de
882 1551 1074 1636 quaestione
1098 1552 1258 1618 invenies.

777 1865 813 1928 1.

362 1987 431 2050 Dc
459 1991 591 2050 statu
618 1987 861 2052 Ecclesiae
891 2003 944 2052 ac
971 1987 1029 2050 cie
1056 1988 1226 2054 taetitia

583 2101 1000 2168 Monothelcttsmt.

71 2261 140 2305 sena
158 2263 182 2307 a.
199 2263 223 2303 a.
322 2237 354 2300 5.
376 2235 488 2299 Pauca
522 2243 651 2296 tantum
681 2232 744 2298 hoc
775 2232 847 2298 loco
878 2231 1081 2317 colligimus,
1115 2245 1151 2300 ut
1183 2251 1358 2321 appareat.

79 2324 212 2367 mmmm·
233 2333 340 2420 qualis
363 2332 462 2396 fuerit
485 2331 630 2396 conditio
654 2353 764 2394 rerum
789 2331 1085 2398 ecclesiasticarum
1111 2335 1146 2398 iu
1170 2333 1358 2400 Occidente

234 2441 265 2496 et
289 2433 323 2494 in
344 2429 494 2510 Oriente,
520 2431 711 2515 praesertim
736 2429 824 2514 quod
847 2430 891 2494 ad
915 2440 1046 2494 mutuas
1069 2429 1246 2496 relationes
1272 2437 1359 2500 inter

233 2541 407 2614 utramque
429 2527 600 2592 Ecclesiae
624 2527 806 2592 catholicae
833 2539 960 2612 partem
984 2529 1111 2593 attinet.
1135 2567 1179 2576 -
1203 2529 1355 2596 Eventus

234 2627 281 2692 illi
313 2629 368 2712 qui
393 2625 454 2690 sub
487 2625 683 2711 pontificatu
718 2623 834 2708 Vigilii
872 2625 981 2689 locum
1014 2624 1176 2708 habuere,
1207 2631 1353 2692 maxime

234 2726 459 2790 controversia
492 2724 533 2788 de
556 2723 661 2788 tribus
685 2722 857 2808 Capitulis,
890 2724 1079 2804 effecerunt,
1111 2733 1147 2788 ut
1169 2729 1354 2809 generatim

235 2833 395 2888 cresceret
418 2821 474 2886 illa
497 2820 645 2886 simultas
655 2822 690 2885 in
705 2819 946 2900 Occidentales,
971 2821 1066 2906 cujus
1088 2825 1241 2906 germina
1265 2824 1353 2909 apud

235 2920 421 2986 Orientales
439 2921 511 3006 jam
536 2919 658 3003 passim
682 2920 925 3002 conspeximus,
950 2929 1050 3004 utque
1073 2921 1174 2984 etiam
1190 2921 1352 2986 Occiden-

234 3019 350 3084 talium
379 3020 482 3082 animi
512 3017 555 3082 ab
587 3016 651 3082 illis
684 3018 789 3100 magis
824 3016 1101 3082 abalienarentur.
1146 3017 1218 3082 Nee
1243 3029 1352 3084 tamen

234 3117 278 3182 ad
301 3127 448 3202 apertam
473 3115 672 3180 discordiam
704 3137 756 3178 res
789 3136 826 3178 eo
857 3123 1003 3200 tempore
1021 3115 1093 3200 jam
1117 3129 1350 3200 pervenerunt,
1442 3141 1443 3145 ¹

235 3215 480 3300 florueruntque
513 3223 583 3276 tum
616 3214 649 3278 iu
682 3211 942 3276 occidentalibus
973 3223 1042 3276 tum
1077 3215 1112 3276 in
1135 3213 1350 3278 orientalibus

234 3313 384 3398 partibus
407 3313 551 3397 episcopi
576 3321 608 3374 et
630 3311 735 3374 sancti
760 3311 823 3374 viri
856 3309 968 3374 multis
992 3309 1171 3376 virtutibus
1194 3312 1350 3396 insigues.

324 3411 355 3475 6.
380 3411 557 3474 Pontifices
593 3410 648 3494 qui
680 3407 803 3492 Vigilio
836 3417 1073 3486 successerunt,
1105 3409 1153 3472 uti
1172 3409 1246 3494 jam
1270 3409 1349 3473 dixi·

236 3531 319 3588 mus,
344 3507 463 3572 multos
486 3506 710 3571 adhibuerunt
731 3505 860 3572 labores
883 3527 1069 3590 magnaque
1093 3505 1280 3572 debuerunt
1302 3509 1349 3570 uti

235 3606 421 3692 prudentia,
453 3614 490 3668 ut
519 3607 689 3690 episcopos
721 3604 832 3668 varios
863 3601 1083 3668 occidentales
1103 3603 1145 3668 ob
1170 3603 1349 3670 damnatio-

236 3725 313 3768 nem
337 3705 437 3768 trium
470 3702 698 3787 Capitulorum
730 3701 878 3766 turbatos
910 3725 929 3764 a
963 3700 1139 3766 schismate
1163 3723 1348 3787 praeserva-
1440 3701 1441 3768 l

236 3811 323 3884 rent,
349 3802 403 3867 vel
433 3801 475 3866 ab
509 3823 547 3865 eo
571 3809 774 3866 revocarent.
805 3836 848 3846 —
875 3799 1006 3864 Primus
1039 3799 1154 3884 Vigilii
1185 3820 1350 3864 successor

236 3902 300 3964 fuit
322 3899 470 3984 Pelopiae
493 3900 515 3963 I
532 3899 575 3985 (a.
599 3896 801 3982 aaa-560),
834 3899 890 3983 qui
920 3907 1018 3960 antea
1049 3897 1156 3960 fuerat
1183 3897 1255 3982 ejus
1275 3915 1348 3980 apo·

237 4000 404 4063 crisiarius
429 3995 723 4082 Constantinopoli,
755 4004 786 4058 et
813 3993 995 4060 Justiniani
1027 3993 1199 4058 fruebatur
1228 3993 1344 4057 favore.

237 4097 335 4160 Initio
360 4105 543 4181 suspectus,
567 4093 654 4180 quod
667 4091 783 4178 Vigilii
806 4093 904 4157 fuerit
923 4092 1132 4156 adversarius
1155 4092 1343 4178 persecutio
1439 4087 1440 4100 ¹

239 4213 384 4276 numque
407 4195 442 4258 in
466 4215 541 4256 eum
566 4193 740 4277 particeps,
766 4191 923 4276 injustam
937 4191 1181 4254 accusationem
1206 4211 1282 4256 mox
1300 4209 1343 4252 rs·
