2874 4812
374 479 503 534 Doctrina
520 479 553 534 de
571 475 685 535 Unittte
703 478 848 536 aalma
1118 481 1173 536 303

74 643 147 682 raas
168 641 224 705 per
243 623 472 686 auctoritatem
495 623 525 685 ei
545 622 657 687 datam
680 624 890 687 constituitur
912 633 949 686 ut
971 625 1172 711 principium

73 726 100 780 et
125 720 213 801 origo
241 717 327 782 illius
356 721 492 784 catate
523 721 663 785 moralis.
711 719 865 785 Absurde
888 742 983 806 porro
1007 724 1173 804 asseritur,

73 814 153 878 laud
175 817 225 900 agi
249 815 311 880 hcc
334 817 406 881 loco
429 817 471 881 de
503 819 629 882 unitate
652 818 822 882 Ecclesiae
844 819 1051 884 universalis.
1096 819 1174 884 livi-

71 911 178 977 denter
204 915 291 978 enim
322 935 361 979 eo
384 917 528 1001 pertinet
551 916 730 1002 disputatio
755 915 788 981 S.
813 913 984 1001 Cypriani,
1009 924 1046 979 ut
1069 926 1173 980 osten-

70 1008 128 1088 dat,
162 1011 236 1074 inds
267 1011 311 1076 eb
344 1015 438 1076 initio
471 1035 492 1077 a
524 1012 655 1078 Christo
688 1015 849 1079 unitatem
881 1011 1052 1079 Ecclesiae
1074 1017 1174 1079 totius

69 1127 121 1190 per
141 1107 332 1173 electionem
356 1103 445 1174 Petri
470 1111 638 1176 conditam
661 1112 777 1194 fuisse,
802 1131 941 1197 samque
965 1111 1086 1176 debere
1110 1134 1175 1177 om·
1199 1171 1200 1174 ,

69 1225 120 1268 nes
141 1216 259 1271 tenere.
285 1207 390 1286 Haec,
413 1209 537 1293 inquit,
562 1209 721 1274 Ecclesiae
744 1211 897 1273 acritatem
920 1211 974 1295 qai
995 1233 1059 1274 aaa
1083 1221 1173 1292 tecet,

68 1315 161 1366 arm
182 1325 214 1367 ee
227 1303 329 1388 fidem
351 1305 472 1370 aediti
497 1303 562 1378 Qat
584 1307 742 1371 &clerice
765 1307 1117 1386 restauraretur,
1141 1307 1176 1370 ia
1294 1317 1297 1324 “

69 1400 199 1464 &cleda
221 1423 255 1478 se
278 1423 343 1465 esse
367 1403 486 1467 acar?

146 1498 198 1563 48.
222 1498 315 1562 Dum
339 1499 551 1564 sdversarius
573 1503 705 1584 asserit,
731 1522 772 1565 ex
797 1501 965 1587 Cypriane
993 1521 1052 1587 per
1073 1501 1177 1564 verba

66 1595 193 1660 Domini
217 1595 262 1660 ad
284 1596 420 1660 Petrum
445 1595 571 1662 directa
594 1607 722 1662 tantum
750 1599 791 1664 ob
816 1599 927 1664 oculos
950 1599 1029 1684 poni
1053 1597 1176 1663 Christi

66 1692 243 1772 dowinam,
261 1693 442 1759 decoritate
464 1697 500 1760 ia
524 1695 654 1760 molesia
661 1697 859 1782 particular-r¹
874 1693 1092 1779 observanda,
1108 1705 1176 1760 tex-

66 1791 106 1852 tui
118 1792 185 1854 vim
199 1793 312 1856 infert.
336 1792 449 1856 Verba
459 1795 562 1857 enim:
588 1795 905 1880 loquittrDome'aas
919 1795 963 1858 ad
976 1794 1102 1858 Petram
1114 1801 1177 1858 etc.

66 1897 230 1973 propterea
249 1891 444 1971 afferuntur,
460 1898 498 1953 ut
513 1890 565 1954 lca
589 1902 622 1954 et
642 1893 802 1957 eamear
816 1891 939 1956 Christi
954 1893 1179 1955 cameritatioa

65 1987 272 2070 exprimetur,
297 1987 450 2051 doctriua
472 2006 551 2052 vero
575 1989 655 2074 ejus,
686 1997 848 2074 quatenus
870 1989 934 2053 hac
957 1983 1029 2074 ipse
1050 1987 1122 2073 lege
1146 1997 1179 2052 et

66 2093 134 2146 actu
165 2085 376 2148 auctoritatis
408 2087 605 2150 continetur.
651 2087 823 2172 Numquid
852 2087 918 2168 ills,
952 2109 1046 2173 asper
1082 2108 1179 2150 auara

66 2181 246 2266 aedificarit,
270 2192 304 2246 et
335 2185 470 2247 mritaas
493 2184 630 2272 ejusdem
654 2186 804 2268 oripiaem
831 2185 871 2248 ab
893 2207 955 2248 aaa
979 2185 1179 2270 incipientem

67 2301 117 2342 rsa
147 2282 339 2344 meaa
369 2280 538 2365 disposuit,
571 2300 696 2344 merem
730 2281 914 2346 doctrinam
948 2291 1079 2365 sonant,
1113 2302 1179 2368 qua

65 2379 285 2442 uwessimtsm
330 2379 467 2441 unitatis
508 2379 674 2442 Dominus
719 2387 847 2444 tautum
893 2379 1178 2465 repraesentaret?

69 2473 156 2561 Origo
178 2476 318 2538 unitam
341 2485 391 2538 est
413 2477 522 2560 ipsum
545 2477 747 2562 principium
770 2476 857 2541 recle
880 2479 1026 2558 unitatis,
1052 2477 1179 2543 eodem·

68 2593 124 2656 que
140 2571 225 2636 llaec
248 2571 371 2637 locutio
393 2573 546 2658 pertinet,
572 2595 636 2660 quo
664 2573 841 2660 appellatio
857 2575 1067 2662 fundamenti
1081 2597 1179 2660 super

65 2669 145 2754 quod
167 2669 324 2734 Ecclesia
346 2669 521 2735 aedificata
544 2681 603 2735 est.
639 2671 721 2735 Rem
754 2673 852 2736 etiem
877 2669 1179 2758 comparationibus

64 2765 133 2832 dein
163 2765 357 2852 Cyprianus
389 2766 529 2832 illusuet
560 2767 603 2856 (c.
637 2767 659 2832 ὃ
692 2767 788 2855 sqq.).
819 2768 990 2848 Quomodo,
1014 2769 1069 2851 ait,
1094 2771 1181 2834 inter

65 2863 132 2945 alia,
164 2863 246 2928 colis
277 2864 370 2928 maid
391 2865 490 2944 radii,
513 2866 569 2930 sed
598 2867 727 2930 lumea
749 2889 877 2946 aaam‚·
900 2878 930 2930 et
951 2867 1035 2929 rami
1056 2867 1181 2930 amoris

64 2915 161 3039 malli,
187 2962 246 3025 sed
267 2961 364 3025 robur
385 2984 481 3026 acam
503 2965 635 3026 tenaci
660 2964 791 3027 radice
807 2965 1037 3050 faedatam
1061 2974 1090 3026 et
1113 2985 1180 3027 arra

64 3058 96 3122 de
110 3061 206 3146 fonte
230 3081 293 3122 arro
314 3062 380 3123 riui
398 3059 536 3174 plur-irai
561 3060 715 3147 dcflamrt,
734 3063 944 3126 numerositas
966 3059 1039 3125 licet
1061 3059 1181 3147 de’ffam

64 3158 204 3221 rideatur
229 3157 425 3222 madentis
447 3158 556 3244 copiae
589 3157 749 3244 larpitata
781 3161 890 3223 aritae
913 3169 1016 3222 tamea
1039 3169 1182 3222 servatae

64 3257 93 3316 ia
115 3251 280 3342 οηφηεῑ).
326 3253 418 3318 Dum
442 3254 527 3318 haec
549 3254 748 3338 consideres,
773 3253 888 3344 (robur
918 3255 1044 3320 arboris
1076 3275 1180 3319 unum

63 3355 160 3416 emaci
191 3351 303 3416 radice
327 3349 537 3438 firadctam),
560 3351 658 3415 facile
681 3351 794 3434 vides,
820 3351 987 3437 Cypriane
1019 3354 1180 3438 originem

65 3451 195 3514 unitau's
230 3464 296 3514 nou
330 3469 400 3514 esse
432 3469 560 3512 merum
583 3451 725 3529 initiam,
755 3458 829 3535 post
851 3448 940 3536 qaod
964 3449 1042 3514 dein
1075 3449 1182 3514 multi.

64 3546 189 3631 plicites
213 3549 381 3632 sequitur,
414 3546 472 3612 sed
502 3568 619 3612 verum
642 3548 841 3634 priaa'pr’aor
873 3547 1019 3614 unitatis.
1067 3547 1179 3612 Socan-

63 3643 146 3711 ἆιιήι
169 3643 323 3732 prolecto
347 3646 446 3708 etiam
469 3644 513 3709 ad
536 3642 599 3708 hoc
622 3644 749 3709 attendi
779 3653 895 3731 potest,
920 3645 1009 3729 quod
1033 3646 1067 3708 in
1091 3668 1181 3710 eaor-

62 3743 110 3806 ds'o
132 3741 300 3808 habeatur
331 3743 451 3824 unitis,
485 3751 518 3806 et
541 3737 597 3824 ita,
622 3763 696 3818 eam
726 3763 855 3827 semper
877 3741 1076 3806 servandam
1100 3763 1180 3824 esse,

64 3839 262 3905 ostendatur.

142 3937 202 4002 49.
227 3935 382 4024 Improba
404 3935 517 4000 labore
540 3935 711 4002 Reinkeus
735 3933 859 4024 duplici
883 3943 1077 4022 argumento
1107 3957 1181 4000 cou-

67 4081 270 4094 -σι--ι-ο

131 4161 156 4225 Ι)
172 4157 215 4210 De
232 4156 275 4210 his
303 4153 548 4222 ammomum
574 4154 712 4210 Reiukcm
739 4155 888 4223 prudenter
910 4159 992 4222 tacet,
1018 4153 1063 4208 vel
1089 4154 1131 4208 its
1148 4154 1182 4212 de

64 4233 95 4288 iis
109 4235 181 4306 agit,
199 4240 234 4290 ut
249 4249 305 4303 qao
322 4233 480 4303 manaa
495 4233 569 4289 licut
587 4239 727 4304 appareat.
