2924 4818
502 499 622 554 Examen
641 499 773 555 criticum.
1146 501 1197 553 187

98 640 305 724 marcar,
320 643 441 730 etfacit
456 645 656 708 mustitanum
672 645 710 708 de
725 645 863 723 ecclesia,
880 656 915 709 at
925 657 1065 730 patenae
1080 648 1198 710 vitreae

97 755 158 806 nate
178 742 354 806 sacerdotes
376 743 412 805 in
443 741 602 806 camelam
624 744 764 806 ministri
790 755 891 807 errent
914 743 1143 830 mbportantee,
1168 755 1198 808 et

97 853 157 906 ante
178 842 356 906 sacerdotes
383 841 556 918 adstantes,
581 842 654 904 dam
677 843 840 928 episcopas
862 843 990 905 misaam
1013 841 1197 906 celebraret:

96 942 133 1003 ric
159 941 269 1003 ramae
302 938 533 1004 celebrarentur
565 951 691 1026 eaeoepto
714 940 798 1026 qaod
812 945 870 1030 jao
897 941 1037 1026 episcopi
1057 942 1196 1016 interest,

97 1049 124 1100 st
143 1049 259 1101 tantam
292 1038 394 1101 clerice
426 1039 593 1101 antinerct
624 1039 766 1102 omnibns
792 1037 1027 1124 praesentibus,
1051 1037 1197 1124 quodem

97 1161 127 1199 ea
146 1139 375 1200 maceratione
398 1135 437 1199 de
460 1159 556 1200 mann
576 1138 795 1228 episeopijam
818 1159 964 1201 coronam
986 1147 1198 1200 consecratam

96 1236 233 1322 acciperet
249 1235 420 1322 presbyter
443 1235 631 1298 tradendam
648 1235 779 1320 popolo.
806 1237 869 1299 Hic
884 1236 966 1322 fecit
982 1235 1198 1298 ordinatiomee

96 1343 213 1417 petitor
229 1355 295 1418 per
317 1355 450 1395 mntem
482 1333 694 1412 Decembrem,
722 1334 924 1420 presbyteros
946 1356 1068 1412 nonen,
1092 1333 1197 1397 diaco-

97 1453 142 1493 aor
162 1442 287 1516 reptem,
321 1431 482 1517 episcopos
502 1454 565 1517 per
592 1431 717 1495 diversa
744 1432 813 1495 loco
841 1443 908 1496 octo
937 1431 994 1518 (al.
1019 1431 1198 1517 tredecim),·

96 1531 139 1614 pi
159 1531 253 1592 ctiam
276 1527 418 1613 sepultae
450 1540 496 1592 est
518 1531 553 1592 in
576 1531 754 1593 coemeterio
787 1553 842 1594 ano
858 1535 959 1620 jrmta
986 1531 1198 1594 coemeterium

99 1623 205 1692 Galhti
233 1626 297 1690 Via
320 1625 430 1712 Appia
450 1627 515 1690 VH
532 1626 607 1691 Kal.
632 1625 831 1713 Sepotembrie,
863 1639 892 1694 et
915 1630 1047 1693 cessavit
1069 1627 1197 1714 Episco-

93 1737 175 1810 patus
196 1725 268 1789 dier
291 1747 357 1788 ace.

172 1823 222 1888 18.
252 1821 400 1888 Callatim
430 1825 559 1887 notiam
584 1826 755 1903 Romanae,
788 1847 828 1888 ee
854 1837 951 1911 patre
983 1825 1135 1902 Domitio,
1159 1826 1197 1888 do

97 1925 202 2008 rapiam
241 1919 324 1986 Urbe
356 1921 565 1986 Rauennatio.
613 1919 703 1986 Sedit
734 1945 835 1986 annos
867 1945 940 2001 cce,
968 1945 1087 1988 monem
1109 1922 1198 2003 daos,

96 2019 153 2084 dier
172 2021 285 2086 decem
334 2018 410 2083 Fuit
433 2031 536 2084 comm
559 2021 748 2108 temporibus
778 2022 919 2085 Macrini
941 2033 971 2085 et
995 2019 1199 2106 Helioqabali

97 2141 113 2181 a
135 2117 296 2183 maulam
315 2116 472 2182 Antonini
489 2130 519 2182 et
532 2119 722 2183 Alexandri.
768 2121 831 2183 Hic
848 2122 1001 2203 martyrio
1020 2130 1196 2184 coronatum

99 2215 149 2281 llic
160 2215 324 2282 manmit
332 2217 492 2304 jejuniam
510 2217 561 2280 die
576 2215 710 2281 Sabbati
725 2229 771 2281 ter
788 2219 823 2281 in
837 2218 1018 2302 onnofieri,
1029 2218 1196 2305 frumenti,

98 2317 159 2394 uini,
172 2329 205 2380 et
217 2312 289 2393 olei,
305 2313 472 2378 comendam
476 2317 677 2401 prophetiam
689 2317 805 2402 quarti,
816 2317 941 2402 septimi
950 2327 980 2380 et
989 2317 1110 2381 decimi.
1136 2317 1199 2380 Hic

91 2413 332 2496 fecitbasilicam
342 2428 432 2481 naas
446 2413 589 2477 Tiberim.
616 2414 678 2477 Hic
680 2414 764 2500 fecit
773 2413 990 2479 ordinationes
999 2417 1133 2502 quinque
1138 2439 1199 2502 per

98 2535 214 2577 maran
240 2514 454 2591 Decembrem,
477 2511 679 2598 presbyteros
706 2513 852 2592 sedecim,
876 2514 1027 2576 diaconae
1054 2524 1198 2598 quatuor,

97 2612 242 2698 pncopoe
269 2637 333 2698 per
359 2613 485 2676 diversa
509 2609 578 2674 loca
601 2621 678 2674 octo.
729 2608 793 2682 Qui
815 2613 909 2674 etiam
934 2610 1073 2697 sepultae
1096 2621 1142 2675 eet
1164 2613 1197 2674 in

97 2711 261 2773 monaterio
289 2707 457 2797 Calepodii
478 2709 532 2772 oio
555 2707 703 2786 Aurelia,
727 2708 878 2772 milliario
906 2711 970 2788 III,
989 2709 1100 2795 pridie
1123 2709 1200 2772 ldae

101 2804 244 2886 Octobr-ia·
277 2819 308 2872 et
322 2807 407 2894 fecit
439 2805 530 2870 alind
561 2807 774 2870 coemeterium
804 2808 859 2870 oia
881 2807 1000 2894 Appia,
1033 2807 1088 2869 nbi
1109 2806 1200 2870 malti

98 2905 260 2970 matam
282 2918 314 2970 et
334 2915 489 2988 martyres
511 2904 716 2990 reqaieammt,
738 2905 820 2990 qnod
843 2904 1025 2990 appellatur
1047 2927 1141 2989 rosque
1163 2904 1200 2967 in

97 3001 263 3068 iudicaram
286 3004 370 3068 Mem
387 3002 607 3068 Coensemmom
626 3000 766 3082 Catam-
789 3012 819 3065 et
837 3004 969 3067 merant
988 3003 1200 3088 Episcopatus

98 3097 154 3164 dier
173 3125 237 3166 ecce.

173 3199 267 3282 Quas
290 3201 326 3264 iu
349 3197 440 3263 hisce
463 3199 542 3262 vitis
575 3197 765 3263 obscuriora
780 3206 967 3280 occurrunt,
992 3199 1129 3263 multam
1152 3198 1198 3263 lu·

99 3317 158 3362 cem
179 3300 345 3385 accipient
377 3319 419 3361 cx
451 3297 492 3360 iis
528 3318 614 3382 qaae
646 3295 943 3360 animadvertenda
975 3298 1111 3360 venient
1155 3297 1198 3362 ad

100 3399 305 3462 narrationem
329 3395 484 3460 Auctoris
506 3393 861 3480 Philosophoumeuon.

175 3496 224 3561 19.
248 3495 327 3561 Jam
359 3495 534 3558 veniamus
566 3492 609 3557 ad
633 3491 907 3556 considerandam
940 3494 1044 3557 vitam
1069 3493 1101 3559 S.
1127 3493 1198 3558 Cal·
1224 3515 1352 3565 omnuim

100 3589 161 3658 listi.
205 3593 346 3659 Servum
379 3613 455 3656 cum
486 3591 587 3655 fuisse
612 3589 816 3677 Carpophori
841 3588 1030 3673 Christiani,
1055 3593 1151 3678 eique
1179 3615 1198 3656 a
1244 3577 1328 3618 “m

100 3687 215 3756 domino
239 3691 417 3778 pecuniam
442 3691 650 3754 commissam
674 3698 710 3752 ut
725 3709 767 3752 cx
791 3689 955 3752 mensoria
978 3691 1198 3774 negotiatione

99 3785 210 3854 lucram
233 3789 397 3871 redderet,
429 3787 520 3852 hand
554 3787 744 3852 dubitamus
776 3787 907 3850 veritati
941 3797 1197 3852 consentaneum

99 3905 166 3951 cam.
210 3887 338 3952 Auctor
361 3886 439 3950 dein
472 3885 636 3970 ambiguis
669 3884 779 3950 verbis
803 3893 923 3966 narrat,
948 3887 1060 3950 omnia
1083 3909 1103 3949 a
1127 3885 1198 3952 Cal·

99 3981 161 4048 lim
183 3983 354 4072 deperdita
377 3984 494 4065 fuissem
527 3993 672 4047 attamen
701 4006 742 4048 ue
772 3984 842 4068 ipso
871 3982 1005 4068 quidam
1029 3982 1129 4048 audet
1152 3983 1198 4047 di-

101 4091 174 4146 recta
204 4081 377 4149 Callistum
410 4103 575 4164 accusare,
600 4081 689 4168 quod
721 4080 809 4145 malo
831 4080 897 4144 fide
920 4082 1033 4167 egerit.
1079 4081 1199 4147 Proba-

101 4175 196 4244 biliter
225 4203 276 4246 ros
309 4182 356 4246 ita
388 4203 422 4245 ae
454 4179 589 4262 habuit,
614 4189 651 4245 ut
679 4177 833 4245 Callistus
860 4177 938 4245 hero
963 4179 1145 4246 industrius
1168 4191 1200 4244 ct

102 4295 206 4363 magna
236 4279 408 4345 nativitate
440 4278 610 4365 praeditus
642 4281 733 4343 visus
756 4277 868 4361 fuant,
902 4286 1004 4367 utque
1026 4287 1199 4368 propterea
