2876 4814
228 444 282 500 270
689 445 730 500 De
748 443 773 500 ἃ
792 442 934 513 Cypriam.

231 587 414 652 dubitantis
445 587 615 668 miscebat,
646 588 803 673 inopere
834 609 913 652 vero
937 587 986 650 De
1004 587 1178 673 principiis
1201 587 1353 672 apertius
1431 599 1432 648 ἱ

230 696 452 770 proposuerat.
499 687 637 771 Propter
668 685 727 749 bas
759 686 862 769 igitur
893 687 1044 766 rationes,
1068 705 1134 748 non
1159 706 1238 748 vero
1264 683 1352 746 invi·
1431 703 1432 752 ;

231 783 286 848 dia
316 784 368 846 vel
402 782 566 847 simultate
598 783 764 868 abreptus,
797 783 987 847 Demetrius
1014 781 1240 846 Alexandriae
1273 803 1351 845 con·
1431 795 1432 808 ¹

231 883 365 944 vocavit
397 880 561 964 synodum
593 881 821 965 episcoporum
847 880 993 966 Aegypti
1023 889 1055 943 et
1077 880 1352 965 presbyterorum

230 978 554 1056 Alexandrinorum,
587 977 826 1042 mutilationem
859 977 1014 1062 Origenis
1046 977 1284 1058 manifestavit,
1311 999 1352 1040 ac
1431 995 1432 1060 J

230 1075 272 1140 de
295 1076 425 1141 dotrina
449 1076 519 1161 ejus
549 1083 748 1161 conquestus
771 1085 828 1142 est.
874 1076 1013 1161 Pr0pter
1041 1075 1129 1141 facta
1152 1096 1353 1138 commemo·
1431 1069 1432 1088 ¹

230 1185 302 1238 rata
325 1183 357 1238 et
380 1173 546 1238 doctrinas
569 1195 722 1238 erroneas
754 1183 833 1238 tunc
857 1174 1017 1258 Origenes
1041 1195 1177 1238 munere
1205 1171 1351 1238 docendi
1431 1181 1432 1190 ’

231 1273 389 1358 privatus,
429 1281 461 1336 et
497 1294 517 1335 a
561 1274 793 1337 communione
837 1271 1059 1336 ecclesiastica
1095 1271 1253 1336 exclusus
1291 1279 1352 1335 est
1431 1277 1432 1330 l

229 1370 330 1435 Brevi
354 1379 429 1454 post
450 1367 553 1435 altera
576 1369 702 1453 synodo
726 1369 850 1452 habita,
875 1372 974 1434 etiam
991 1371 1173 1436 sacerdotio
1198 1370 1353 1454 privatus

230 1467 303 1531 suit.
333 1467 408 1552 Ipse
439 1476 549 1532 autem
573 1489 676 1553 quum
699 1469 734 1531 in
753 1467 919 1553 judicium
943 1477 1126 1550 vocaremr,
1152 1467 1226 1553 jam
1253 1476 1353 1552 capta
1431 1467 1432 1534 l

230 1565 309 1649 fuga
328 1587 362 1628 se
382 1575 551 1650 receperat
570 1565 614 1628 ad
632 1566 777 1629 amicum
805 1587 902 1630 suum
921 1565 1148 1630 Theoctistum
1165 1562 1353 1628 Caesareae

229 1663 432 1747 episcopum.

322 1760 373 1826 10.
397 1761 586 1824 Demetrius
619 1761 773 1823 certiores
805 1760 951 1825 reddidit
982 1760 1023 1824 de
1047 1761 1110 1824 bae
1134 1759 1353 1823 damnatione

231 1879 345 1922 omnes
368 1859 549 1943 episcopos,
592 1859 731 1944 ipsique,
755 1859 903 1943 exceptis
920 1857 1127 1944 praesulibus
1141 1854 1354 1920 Palaestinae

231 1955 385 2037 Arabiae,
410 1955 610 2020 Phoeniciae
633 1965 666 2019 et
687 1953 845 2036 Achaiae,
870 1954 949 2019 huic
972 1956 1153 2020 sententiae
1176 1973 1353 2016 assensum

230 2055 474 2140 praestiterunt.
520 2052 644 2116 Romae
668 2073 757 2134 vero,
782 2055 829 2116 uti
855 2053 1010 2135 diximus,
1026 2052 1059 2118 S.
1074 2052 1261 2116 Pontianus
1285 2071 1353 2114 non

231 2161 359 2216 tantum
383 2148 577 2236 simpliciter
600 2151 781 2214 sententiae
806 2151 879 2236 jam
908 2150 994 2215 latae
1016 2151 1165 2230 assensit,
1190 2148 1251 2212 sed
1277 2169 1353 2212 con·

231 2259 349 2314 vocata
373 2247 498 2332 synodo
519 2249 696 2332 Origenem
720 2247 964 2313 condemnavit.
1012 2247 1123 2328 Quum
1147 2257 1242 2310 tanta
1265 2257 1353 2310 esset

231 2345 386 2430 Origenis
409 2347 498 2410 fama
521 2355 620 2431 atque
644 2347 678 2410 in
703 2345 852 2410 docendo
885 2347 1071 2426 auctoritas,
1096 2344 1253 2408 Pontifex
1278 2365 1352 2408 cen·

231 2445 305 2524 suit,
339 2452 375 2507 ut
407 2444 547 2528 supponi
581 2453 696 2528 potest,
730 2445 764 2506 in
796 2445 891 2527 gravi
921 2445 984 2508 isto
1017 2444 1147 2528 negotio
1178 2441 1351 2527 expedire,

231 2551 267 2606 ut
290 2540 442 2626 specialis
466 2540 696 2605 condemnatio
712 2542 745 2604 in
761 2563 836 2604 eum
851 2542 993 2606 ferretur
1005 2564 1025 2605 a
1039 2539 1135 2622 Sede,
1159 2540 1212 2602 cui
1240 2561 1353 2626 supre-

232 2660 322 2704 mum
346 2637 515 2702 doetrinae
539 2639 764 2722 magisterium
789 2640 1001 2703 commissum
1025 2647 1083 2704 est.

322 2737 373 2801 11.
398 2734 589 2800 Generatim
627 2737 762 2821 quidem
799 2745 949 2800 auctores
988 2735 1152 2814 referunt,
1191 2735 1270 2798 inde
1311 2737 1353 2800 ab

232 2835 292 2898 isto
316 2844 462 2918 tempore
496 2833 673 2918 Origenem
707 2831 889 2898 Caesareae
921 2833 1082 2898 docuisse.
1130 2831 1354 2897 Animadver-

231 2931 367 2997 tendum
390 2939 501 2995 tamen
531 2939 589 3012 est,
614 2941 741 2995 mortuo
766 2932 935 2995 Demetrio
968 2953 1070 3016 quum
1095 2929 1256 2994 Heraclas
1279 2929 1354 2996 Ori·

230 3029 324 3113 genis
358 3027 539 3114 discipulus
569 3027 614 3092 illi
646 3030 679 3092 in
709 3031 901 3114 episcopatu
929 3028 1130 3111 succederet,
1153 3028 1244 3092 bunc
1268 3030 1354 3114 epis·

231 3148 350 3212 copum
383 3128 538 3209 magistro
571 3127 767 3211 permisisse,
799 3135 835 3190 ut
858 3124 1097 3191 Alexandriam
1120 3133 1353 3204 reverteretur,

230 3247 270 3288 ac
307 3223 472 3288 studuisse
518 3245 593 3287 oum
631 3225 665 3286 in
702 3232 791 3287 recto
825 3223 956 3288 tramite
975 3223 1164 3294 ‚doctrinae
1196 3223 1354 3287 rotinere.

231 3322 284 3386 Ex
316 3321 379 3385 hoc
412 3319 518 3384 reditu
552 3319 816 3384 concludendum
841 3329 899 3402 est,
924 3322 950 3384 si
974 3328 1198 3406 praecesserat
1220 3341 1353 3384 excom·

232 3421 411 3484 manicatio
435 3419 566 3503 proprie
590 3417 687 3500 dicta,
722 3417 809 3482 bane
839 3439 909 3482 esse
936 3428 1135 3483 revocatam.
1182 3416 1249 3482 Sed
1273 3439 1353 3483 mox

231 3517 329 3580 etiam
369 3514 527 3579 Heraclas
568 3515 705 3580 adactus
742 3516 823 3596 fuit,
863 3524 898 3579 ut
934 3525 1067 3600 propter
1103 3515 1271 3580 doctrinas
1309 3525 1353 3579 te-

232 3615 399 3694 merarias,
424 3637 505 3699 quas
524 3612 595 3697 jam
619 3623 731 3698 aperte
755 3613 916 3698 Origenes
948 3613 1155 3676 sermonibus
1178 3612 1351 3692 miscebat,

232 3713 339 3777 denuo
364 3713 472 3796 ipsum
497 3733 516 3774 a
540 3711 772 3775 communione
805 3719 998 3790 removeret,
1023 3709 1230 3774 Alexandria
1253 3709 1352 3795 pelle-

231 3819 289 3889 ret,
323 3831 363 3872 ao
395 3807 513 3873 nullibi
547 3809 581 3871 in
614 3807 768 3894 Aegypto
801 3807 919 3872 docere
946 3807 1159 3893 permitteret.
1205 3806 1257 3871 Ita
1281 3829 1350 3871 rem

231 3929 266 3970 se
289 3906 458 3988 habuisse,
483 3905 647 3989 colligitur
670 3907 847 3990 praecipue
870 3927 913 3970 ex
941 3905 1126 3990 fragmento
1148 3902 1272 3984 Photii,
1297 3907 1350 3969 cui

231 4003 338 4068 fontes
360 4004 563 4089 antiquiores
586 4002 742 4068 historiae
764 4025 844 4088 prae
868 4002 1022 4068 manibus
1045 4011 1147 4068 erant
1180 4001 1222 4066 In
1245 4003 1351 4088 ipsius

232 4123 330 4186 opere
356 4103 538 4182 Συναγῶγαι
571 4097 625 4164 καὶ
658 4093 841 4181 ἀποδείξεις
874 4100 1108 4188 (Collectiones
1140 4109 1173 4164 et
1204 4099 1350 4166 Demon-

232 4197 419 4285 strationes)
444 4197 505 4263 sub
520 4195 697 4284 ἐρωτήματι
712 4195 1036 4287 (quaestione)·nono
1060 4197 1143 4262 baec
1166 4196 1349 4264 habentur:
