2874 4812
223 485 275 532 308
658 482 698 534 De
716 482 741 533 S.
760 481 902 548 Cypriane.

54 623 406 726 fflg‘l‘msstffitsuffrcpium
429 624 534 708 plebis
558 625 663 688 fidelis
688 627 720 687 in
736 621 895 686 electione
914 624 1143 707 episcoporum
1168 633 1204 686 et
1228 626 1266 688 in
1291 623 1345 687 ad·

105 699 130 736 μ’
179 718 185 727 ’
222 724 461 786 ministratione
476 723 709 787 ecclesiastiea.
732 760 777 768 -
801 720 900 800 Quod
919 722 1037 784 attinet
1060 719 1102 783 ad
1126 719 1214 785 illud
1231 722 1345 786 suffra·

220 820 312 902 gium
347 821 379 882 in
409 819 567 883 electione
600 821 838 905 episcoporum,
872 839 915 880 ex
947 819 1027 902 ipsis
1050 817 1197 902 epistolis
1223 817 1259 883 S.
1285 817 1346 902 Cy·
1427 853 1428 910 p

221 919 328 1000 priani
353 916 440 980 clare
472 916 645 1001 colligitur,
677 916 768 980 baud
800 916 994 1000 suffragium
1027 916 1208 1000 positivum
1235 915 1345 980 etde
1427 941 1428 980 ι

221 1013 387 1076 finitivum
411 1013 580 1078 electionis
600 1014 687 1100 plebi
703 1013 792 1077 fideli
814 1014 1024 1092 convenisse,
1049 1013 1107 1076 sed
1131 1015 1347 1077 testimonium

221 1111 378 1196 quoddam
392 1112 430 1173 de
447 1113 602 1198 dipnitete
613 1135 781 1198 personne,
801 1121 834 1173 et
853 1109 1118 1188 declarationem,
1138 1109 1232 1196 quod
1252 1121 1347 1196 grata

222 1217 306 1271 esset
329 1207 453 1273 electio.
500 1209 551 1271 Ita
585 1211 619 1273 in
652 1209 789 1294 epistola
811 1209 855 1272 55
884 1208 928 1271 ad
951 1207 1190 1288 Antonianum,
1220 1209 1258 1271 in
1283 1230 1347 1294 qua

221 1308 330 1388 agitur
353 1305 394 1368 de
418 1307 576 1370 electione
605 1307 637 1372 S.
663 1305 807 1372 Cornelii
830 1305 1018 1384 Pontificis,
1041 1303 1129 1368 hanc
1151 1304 1237 1368 inde
1263 1326 1346 1368 eom-

222 1403 356 1466 mendat
372 1401 569 1489 Cyprianus,
594 1405 685 1490 quod
708 1426 784 1467 cum
801 1402 973 1466 Cornelius
996 1402 1180 1487 eligeretur,
1197 1403 1347 1467 adfumst

222 1502 321 1564 etiam
355 1501 467 1585 populi
501 1502 687 1566 testificatio
721 1501 762 1565 de
795 1500 943 1586 ejusdem
976 1501 1064 1564 vitae
1096 1501 1347 1584 integritatem

221 1597 265 1660 ad
289 1599 516 1681 pontificatum
551 1600 819 1685 consequendum
852 1601 979 1680 merito,
1013 1597 1166 1684 quodque
1199 1597 1347 1684 populus

222 1695 410 1774 ostenderit,
445 1697 507 1760 sibi
540 1707 668 1780 gratam
701 1699 835 1760 omnino
868 1717 938 1760 esse
963 1693 1106 1760 Cornelii
1134 1694 1346 1761 electionem.

222 1793 349 1856 Electio
372 1803 482 1857 autem
507 1795 579 1878 ipsa
603 1794 704 1858 fiebat
726 1816 786 1879 per
815 1796 985 1879 episcopos
1013 1805 1046 1857 et
1073 1794 1210 1857 clerum.
1237 1794 1346 1857 ——In

222 1891 359 1975 epistola
383 1891 448 1972 67¹,
474 1893 508 1953 in
533 1913 598 1976 qua
622 1895 731 1976 agitur
754 1892 794 1955 de
819 1891 977 1955 electione
1009 1891 1149 1955 duorum
1173 1893 1347 1978 episcopo-

222 2010 294 2051 rum
329 1989 564 2072 Hispanorum,
598 1992 697 2052 etiam
731 1989 850 2052 clarius
874 2012 894 2052 a
918 1987 1085 2074 Cypriane
1117 1989 1347 2075 participatio·

223 2105 299 2148 nem
323 2084 410 2148 hanc
432 2085 545 2171 populi
570 2085 789 2171 significatam
812 2088 1011 2151 invenimus.
1042 2087 1196 2164 Videmus,
1224 2089 1346 2174 inquit,

223 2181 261 2244 de
285 2182 396 2246 divine
419 2187 605 2247 anctoritate
629 2184 822 2263 descendere,
843 2197 878 2248 ut
898 2185 1044 2248 sacerdes
1061 2185 1152 2271 plebe
1170 2198 1346 2270 pmesemle

224 2279 278 2342 sub
303 2281 439 2343 omnium
462 2280 561 2344 oculis
582 2281 726 2367 elipeum,
757 2293 787 2344 et
809 2282 924 2368 dipsas
947 2293 1039 2368 atque
1061 2281 1192 2346 idoneres
1210 2282 1346 2368 publico

216 2377 341 2466 judicio
359 2401 396 2439 ac
420 2380 595 2442 testimonio
610 2379 832 2464 comprobetur.
856 2417 900 2428 —
924 2380 1058 2465 Propter
1072 2379 1154 2466 quod
1171 2379 1348 2467 dilipenter

224 2473 261 2536 de
287 2475 458 2538 maditione
482 2475 594 2539 divine
626 2487 655 2540 et
678 2477 855 2562 apostoliea
877 2477 1090 2542 obseruatione
1114 2477 1347 2543 obseruandum

224 2582 278 2649 est,
295 2619 302 2633 .
321 2620 352 2634 ..
378 2584 413 2634 ιιι
437 2573 480 2635 ud
503 2574 720 2636 ordinationes
742 2576 803 2637 rite
826 2574 1041 2654 celebrandos,
1066 2575 1109 2639 ad
1132 2597 1200 2638 eom
1220 2575 1351 2661 plebem

224 2670 275 2731 cui
301 2672 507 2754 praepositus
539 2669 717 2750 ordinatam,
750 2673 914 2758 episcopus
946 2673 1104 2760 delipetur
1128 2671 1224 2757 plebe
1252 2697 1349 2759 prae·

224 2776 318 2844 sente,
343 2789 422 2852 quoe
447 2767 640 2853 simpulorum
662 2771 760 2832 citam
771 2767 956 2854 plenissime
974 2772 1070 2848 nouit,
1094 2781 1125 2833 et
1146 2770 1349 2858 uuiuewp'us·

223 2887 280 2948 qne
304 2874 406 2926 actum
429 2857 468 2926 de
501 2869 567 2954 ejus
601 2868 833 2930 conversatione
860 2869 1035 2953 perspexit.
1087 2865 1179 2940 Quod
1201 2879 1236 2930 et
1259 2869 1350 2954 apud

223 2984 277 3024 uos
291 2961 418 3046 fectrsm
448 2962 588 3025 uidemus
620 2965 655 3026 in
685 2963 799 3027 Sabini
830 2964 965 3052 collepae
996 2967 1099 3029 aest-i
1130 2965 1348 3040 ordinatim,

223 3068 258 3120 ut
290 3058 327 3120 de
355 3060 519 3121 erriuersce
544 3059 768 3144 fraternitatis
801 3061 961 3148 suffr-apio,
996 3073 1025 3125 et
1056 3063 1095 3126 de
1128 3065 1350 3148 episcopumve

223 3156 277 3238 qui
300 3157 334 3217 in
353 3158 540 3240 praesentia
570 3169 786 3236 convenerant,
817 3162 928 3245 quique
955 3160 994 3222 de
1017 3182 1052 3222 eo
1076 3161 1119 3224 od
1141 3183 1196 3224 cos
1217 3159 1350 3224 litteras

215 3251 372 3337 fecerunt,
398 3253 533 3342 judicio,
567 3257 765 3342 episcopatus
796 3259 826 3320 ei
849 3258 1033 3343 deferretur,
1064 3269 1094 3320 et
1119 3281 1234 3322 mames
1258 3261 1291 3322 α’
1314 3259 1348 3322 in

224 3347 323 3412 locum
345 3350 503 3414 Basilidis
532 3354 751 3438 imponeretur.
776 3391 820 3400 -
843 3355 1014 3420 Judicium
1047 3357 1148 3440 igitur
1170 3363 1203 3418 et
1226 3354 1347 3420 electio

223 3445 396 3511 definitiva
428 3448 598 3533 spectabat
638 3451 682 3514 ad
723 3451 846 3515 clerum
888 3454 1101 3538 episcoposve
1134 3463 1347 3537 praesentem

223 3547 353 3608 varium
382 3545 416 3608 id
448 3556 517 3609 erat
546 3549 580 3610 in
605 3550 706 3612 variis
730 3549 930 3634 regionibus.
976 3549 1131 3615 Debebat
1154 3559 1243 3614 certe
1268 3573 1345 3614 con-

224 3649 309 3704 stare
339 3642 380 3705 de
413 3641 573 3726 dignitato
607 3645 750 3729 eligendi
775 3650 831 3732 qui
855 3649 1041 3733 propositus
1063 3657 1149 3729 erat,
1174 3657 1207 3711 et
1228 3647 1275 3711 ad
1301 3657 1345 3712 te-

223 3738 375 3802 standam
409 3739 495 3803 banc
526 3741 720 3826 dignitatem
753 3745 939 3830 pertinebat
962 3747 1156 3830 suffragium
1179 3743 1345 3810 fidelium.

225 3836 336 3915 Quium
370 3859 447 3901 vero
481 3838 679 3904 ordinationi
714 3841 848 3906 divinae
881 3853 914 3906 et
936 3843 1104 3907 traditioni
1128 3841 1345 3927 Apostolicae

223 3932 304 3996 illud
329 3935 522 4018 suffragium
556 3936 661 4022 plebis
695 3938 883 4025 Cyprianus
915 3940 1084 4024 adscribit,
1108 3939 1217 4003 latiori
1241 3961 1341 4004 sensu

224 4031 285 4093 ista
308 4033 503 4117 accipienda
526 4044 611 4099 sunt.
660 4034 756 4099 Certe
789 4059 830 4100 ox
854 4037 918 4102 Dei
951 4038 1157 4104 ordinatione
1180 4037 1344 4120 indignus

223 4149 243 4189 a
275 4129 456 4193 sacerdotio
489 4132 661 4214 arcendus,
695 4141 728 4198 et
760 4157 826 4200 non
862 4137 927 4200 nisi
960 4136 1081 4221 dignus
1113 4133 1343 4198 admittendus

224 4233 281 4287 est.
327 4225 382 4289 Ad
399 4227 533 4290 modum
552 4228 728 4312 judicandi
744 4232 779 4295 in
798 4245 938 4298 conecto
954 4233 994 4298 de
1009 4233 1065 4300 illa
1081 4232 1244 4319 dignitate
1267 4253 1341 4316 per-
