2766 4836
237 413 270 466 16
484 410 525 464 De
543 407 689 464 Arianismi
708 407 775 464 tatis
794 425 826 465 ae
844 405 877 466 de
896 411 973 480 lapsu
992 410 1104 468 Liberti

236 554 374 639 aliisque
407 551 613 617 documentis
649 552 823 638 colligitur,
851 555 924 640 jam
957 575 1072 618 versus
1104 553 1202 620 finem
1231 579 1257 621 a.
1278 557 1330 620 343

237 652 414 716 concilium
447 651 510 714 hoc
534 651 706 734 incepisse,
730 673 770 716 ac
803 653 920 736 primis
943 652 1113 718 mensibus
1135 675 1165 718 a.
1189 653 1251 718 344
1271 675 1331 717 con·

236 752 401 814 tinuatum
424 749 526 812 fuisse
535 746 568 833 ¹).
614 746 669 810 Ad
701 769 875 812 numerum
909 751 1138 834 episcoporum
1170 752 1254 837 quod
1274 753 1331 815 atti·

236 857 311 912 net:
340 845 543 924 Conveniunt,
581 844 696 909 scribit
718 844 931 930 Athanasius,
971 857 1036 912 tam
1073 871 1113 912 ea
1141 849 1261 914 Ονίοηέι
1282 861 1333 912 arn

237 969 277 1009 ere
305 945 469 1009 Occidente
492 945 527 1007 in
551 941 688 1007 Serdica
719 944 794 1008 urbe
827 946 966 1030 episcopi
990 943 1069 1031 plus
1101 948 1205 1011 minas
1232 957 1333 1011 eentum

237 1040 480 1129 septuapintff).
527 1039 711 1105 Orientales
743 1043 891 1106 maxima
923 1053 1016 1127 parte
1046 1051 1141 1108 erant
1163 1043 1332 1108 Eusebiani.

237 1143 308 1205 Hos
322 1139 528 1206 Eusebianos
550 1139 618 1202 fere
642 1141 800 1226 oetopinta
823 1138 923 1204 fuisse
938 1139 1120 1223 Praesules,
1144 1163 1187 1205 ex
1210 1145 1333 1228 ipsorum

189 1235 194 1250 '
237 1239 354 1303 litteris
377 1238 545 1323 synodicis
568 1245 666 1322 atque
699 1259 742 1300 ex
774 1237 908 1303 Socrate
941 1236 999 1324 (Π.
1030 1237 1087 1324 20)
1119 1247 1152 1302 et
1174 1239 1333 1306 Souomeno

238 1337 313 1424 (Ill.
349 1336 412 1423 1⁶2)
445 1335 627 1418 colligitnr3
663 1335 748 1398 inter
779 1356 861 1422 quos
893 1335 1038 1400 Aeacius
1071 1335 1287 1402 Caesariensis
1311 1347 1335 1399 et

239 1435 426 1521 Stephanus
449 1431 677 1497 Antiochenus
701 1432 901 1498 eminebant.
925 1471 969 1480 -
992 1433 1103 1498 Julius
1121 1431 1159 1498 P.
1184 1435 1284 1500 abfuit
1303 1433 1334 1498 ob

238 1536 355 1617 gravia
378 1533 516 1612 motiva,
542 1531 589 1592 uti
614 1539 704 1614 patet
727 1552 769 1593 ex
791 1530 908 1594 litteris
941 1531 1059 1615 synodi
1084 1532 1273 1618 adipsum:
1305 1531 1336 1594 a

240 1633 411 1716 tattoque,
435 1629 635 1692 dilectissime
651 1627 772 1712 frater,
806 1649 934 1714 corpore
965 1640 1141 1715 seperatim,
1165 1643 1262 1696 mente
1282 1651 1336 1694 con-

240 1729 327 1792 cordi
350 1749 386 1790 ae
409 1726 569 1790 uoluntate
593 1725 745 1811 adfuisti:
769 1727 940 1790 etheneeta
955 1723 1028 1811 fuit
1051 1738 1081 1791 et
1102 1731 1278 1794 aeceaearic
1297 1751 1337 1792 er·

240 1827 359 1890 mentio
383 1823 553 1900 absentiae,
577 1845 615 1886 ne
640 1833 695 1888 aut
719 1823 788 1910 lapi
811 1825 999 1888 satientatiei
1013 1824 1142 1910 fartam
1156 1829 1298 1914 facerent
1317 1837 1339 1888 et

239 1932 388 2009 raperent
405 1943 466 2006 per
487 1921 635 1999 insidiae,
659 1932 716 1985 aut
749 1945 843 1984 canes
868 1923 1017 1986 haeretiei
1038 1923 1151 1988 rabido
1167 1925 1278 2010 firme
1298 1945 1340 1985 er·

240 2023 296 2085 citi
317 2021 426 2084 insani
461 2017 667 2097 oblatrarent,
701 2029 758 2082 aot
780 2029 860 2083 certe
892 2041 1020 2104 serpens
1047 2019 1196 2086 diabolus
1218 2021 1340 2107 blasphe-

239 2121 372 2183 miorum
402 2139 551 2181 cenenum
583 2115 765 2202 effunderet.
814 2117 883 2180 Hoc
916 2118 998 2180 enine
1030 2119 1183 2204 optimum
1214 2129 1243 2184 et
1264 2117 1341 2182 ealda

241 2215 549 2303 cotspuentissimam
562 2237 627 2278 asse
649 2215 815 2293 videbitur,
840 2217 868 2278 ei
891 2215 935 2278 ad
958 2225 1063 2301 eaput,
1086 2215 1123 2278 id
1145 2227 1193 2280 est
1215 2216 1257 2280 ad
1270 2213 1343 2279 Petri

241 2313 389 2400 Apostoli
412 2313 523 2391 sedeat,
548 2311 586 2376 de
611 2311 743 2397 ainpnlis
772 2311 940 2398 potibusque
959 2313 1137 2398 prouinciis
1159 2313 1289 2378 Doctini
1307 2335 1343 2372 re-

233 2413 350 2499 ferant
386 2409 604 2496 sacerdotes³).
663 2409 905 2474 Praesederunt
941 2411 1042 2495 igitur
1078 2411 1151 2474 viee
1192 2409 1344 2476 Pontificio

241 2509 364 2574 Hosius
389 2507 612 2572 Cordubensis
634 2517 733 2593 atque
757 2506 980 2572 Archidamus
1012 2515 1045 2571 et
1067 2507 1269 2574 Philoxenus
1296 2507 1345 2569 Ro·

242 2629 360 2671 ntanae
384 2605 543 2670 ecelesiae
566 2605 749 2690 presbyteri
773 2629 793 2669 a
816 2604 977 2668 Pontifice
1000 2607 1102 2669 missi.

209 2748 216 2776 .
331 2706 383 2768 24.
408 2703 588 2768 Eusebiani
622 2724 701 2766 suae
725 2725 843 2768 causae
867 2702 1056 2767 diffidentes
1079 2702 1156 2768 inde
1182 2727 1202 2768 a
1222 2699 1344 2766 Consilii

94 2810 106 2837 ⁰
148 2812 158 2836 ⁸
189 2809 208 2839 ⁰·
242 2805 336 2868 initio
370 2803 577 2886 tergiversati
610 2809 695 2865 sunt.
752 2799 806 2864 Ad
838 2793 1004 2884 synodum
1036 2801 1150 2864 venire
1194 2799 1344 2866 nolebant,

242 2902 395 2988 quamvis
433 2898 533 2963 semel
570 2900 744 2962 etiterum
769 2899 916 2981 invitati3
947 2898 1194 2964 contendebant
1217 2902 1299 2964 enirn
1319 2917 1344 2958 se

243 3000 487 3064 communicare
510 3018 577 3060 non
601 3017 697 3082 posse
724 3017 800 3059 cum
823 2995 1019 3074 Athanasio,
1043 2997 1199 3062 Marcello
1224 2997 1344 3080 aliisque

243 3096 444 3181 synodorum
474 3095 636 3159 sententia
664 3093 832 3179 depositis.
878 3094 1010 3158 Deinde
1034 3094 1264 3180 intelligentes,
1287 3093 1343 3156 ficri

243 3217 309 3259 non
341 3215 435 3280 posse
472 3194 553 3278 quin
591 3192 776 3256 calumniae
814 3190 933 3277 quibus
957 3191 1179 3257 Athanasium
1216 3193 1344 3277 aliosque

242 3290 532 3378 persequebantur,
557 3292 592 3354 in
616 3289 754 3353 concilio
787 3288 1017 3374 detegerentur
1039 3311 1078 3354 ac
1103 3291 1344 3356 confutarentur.

247 3456 455 3465 ——ffl

318 3543 338 3611 ¹)
358 3541 390 3595 V.
409 3539 512 3606 Helela,
531 3541 548 3594 l.
567 3558 589 3596 c.
608 3541 624 3612 ξ
644 3542 686 3596 58.

317 3621 337 3692 ¹)
355 3621 489 3689 Apologia
506 3637 527 3675 c.
551 3621 666 3675 Arianos
689 3637 709 3674 c.
732 3621 772 3674 15.
801 3649 833 3658 -
853 3619 986 3674 Assorunt
1004 3619 1111 3691 quidem
1128 3617 1253 3674 sonans
1270 3625 1296 3674 et
1311 3617 1346 3670 Sc

242 3715 368 3758 ecmonus
387 3705 521 3755 trecentos
547 3700 689 3755 Praesulcs
703 3699 892 3755 occidentales
920 3699 1040 3754 Concilio
1059 3699 1210 3754 Sardieensi
1236 3699 1346 3753 adfuisse.

243 3783 289 3838 sed
307 3784 336 3836 in
355 3797 471 3836 errorem
490 3781 593 3835 inducti
612 3785 677 3836 sunt
695 3779 783 3835 vorbis
802 3779 946 3834 Athanasii
964 3779 1039 3849 Apol.
1060 3796 1081 3834 c.
1103 3781 1131 3834 l:
1169 3781 1211 3834 Iis
1235 3795 1299 3849 qna
1315 3777 1346 3846 (in

244 3879 341 3928 magna
357 3862 456 3930 synodo
470 3861 594 3915 Sardiano
613 3862 716 3931 coacta)
736 3860 822 3913 nostri
839 3861 933 3928 pratia
951 3859 1056 3912 decreta
1073 3863 1196 3928 sumat,
1216 3861 1347 3927 suffragrari

243 3950 308 3997 sterit
329 3945 394 4010 plera
413 3959 493 4010 orsam
512 3943 623 3994 trecenti
640 3938 767 4008 episcopi.
796 3970 829 3978 -
857 3937 1003 4006 Computat
1021 3955 1084 3994 vero
1102 3939 1127 3995 S.
1147 3937 1310 3993 Athanasius
1325 3933 1345 3986 h.

243 4023 260 4080 Ι.
280 4022 363 4077 etiam
382 4021 508 4077 absentes
525 4020 586 4074 illos
605 4020 651 4090 qui
669 4023 763 4088 postea
781 4017 850 4071 actis
868 4017 967 4085 synodi
981 4016 1180 4074 consenserunt.

319 4103 339 4171 ³)
359 4101 458 4155 Hilarii
476 4117 510 4154 ex
528 4115 608 4168 opere
626 4099 721 4154 histor.
740 4099 935 4168 Fragmentum
959 4097 996 4154 11.
1024 4129 1057 4140 -
1076 4099 1180 4154 Ultima
1197 4097 1281 4152 verba
1300 4093 1347 4148 nr

245 4181 315 4236 enim
337 4186 387 4235 etc
406 4197 424 4235 a
442 4181 599 4249 quibusdem
616 4180 756 4252 supposita
774 4179 916 4234 habentur.
