2806 4848
246 435 281 488 90
418 439 458 493 De
477 437 623 494 Arientsmi
641 440 816 496 decrementis
834 457 866 494 ec
884 441 918 496 de
936 441 1014 494 Cone
1034 441 1144 495 GPtano
1164 441 1184 495 Ι.

246 588 309 646 tur.
356 581 421 648 Sed
445 583 478 646 in
504 582 665 648 haeresim
681 584 841 650 Arionem
856 584 903 649 illi
927 585 1042 650 Patres
1065 584 1247 650 nullatenus
1266 583 1335 669 lapsi

247 688 332 744 sunt.
365 719 409 728 --
433 679 585 746 (litantur
614 683 778 748 interdum
802 683 904 748 verba
932 682 965 748 S.
990 683 1195 768 Hieronymi,
1218 684 1251 747 in
1271 683 1336 745 Dic·

248 776 316 862 lopo
347 789 457 842 contro
488 780 709 865 Lucifedaeoe
738 781 779 845 de
811 779 949 846 coneilio
974 781 1176 846 Ariminensi
1200 781 1336 846 dicentis:
1382 815 1383 864 y

251 876 337 938 Teuc
364 877 458 941 Ueios
490 900 600 942 nomon
634 877 785 944 obolitum
816 889 873 957 eet,
899 879 1064 943 Nicocreon
1082 879 1166 964 fidei
1196 879 1337 942 umnec
1382 871 1383 900 r

247 972 443 1038 coaciam-otc
465 986 527 1056 cst,·
549 976 698 1060 ingemuit
721 987 801 1040 totam
824 976 908 1040 ortis
931 987 961 1040 et
983 976 1140 1040 Arionem
1163 999 1194 1042 se
1217 997 1276 1038 cecc
1296 975 1337 1036 mi·

247 1083 337 1137 rotue
360 1083 414 1137 cat.
462 1073 526 1138 Sed
551 1075 792 1158 Hieronymum
825 1074 906 1140 haec
938 1075 1060 1140 dixisse
1091 1072 1294 1160 hyperbolico
1313 1081 1336 1134 et

249 1171 434 1256 emphatico
457 1170 612 1257 loquendi
638 1172 744 1254 modo,
770 1173 980 1238 menifestum
1005 1182 1068 1254 est,
1097 1193 1200 1259 quum
1223 1173 1256 1236 in
1277 1171 1337 1234 Dia·

248 1269 321 1352 logo
346 1268 400 1333 illo
425 1279 538 1334 contre
552 1270 781 1336 Luciferienos
803 1279 891 1335 totus
914 1271 949 1336 in
973 1293 1011 1335 eo
1035 1273 1087 1353 sit,
1112 1281 1148 1335 ut
1162 1272 1270 1334 Patres
1282 1268 1338 1332 Ari·
1382 1285 1383 1348 t

250 1369 414 1432 minenses
444 1390 464 1432 a
495 1370 777 1454 praevaricatione
808 1367 974 1434 defendat
1019 1369 1136 1455 Itaque
1164 1368 1227 1434 illis
1249 1365 1340 1430 verbis

250 1467 452 1530 consectaria
474 1469 583 1553 potins
607 1489 684 1551 prae
708 1466 811 1532 oculis
825 1466 1166 1532 hebetedmisssionis
1189 1465 1271 1530 illins
1291 1465 1341 1528 for-

250 1563 367 1646 mulae,
393 1575 425 1628 et
449 1565 624 1629 discrimen
649 1567 683 1628 in
707 1565 796 1650 qnod
825 1565 908 1630 fides
931 1575 1049 1629 vocata
1072 1567 1114 1630 sit
1137 1575 1266 1650 propter
1285 1584 1342 1626 sen-

229 1683 333 1742 sum,
357 1684 455 1748 quem
466 1663 583 1728 Ariani
607 1665 636 1726 ei
661 1662 903 1747 attribuebant3
928 1664 1129 1746 ingemuisse
1153 1663 1233 1727 dicit
1253 1661 1343 1744 ligura

251 1759 413 1826 rhetorice
436 1771 540 1825 toturn
565 1761 678 1825 orbem
693 1771 725 1824 et
738 1763 886 1826 miratum
899 1783 974 1838 cese,
999 1759 1089 1846 quod
1110 1760 1220 1824 nolens
1241 1761 1344 1844 impro-

251 1861 322 1923 viso
347 1859 536 1923 Arianismo
561 1881 595 1923 se
619 1861 832 1924 constrictum
856 1858 993 1924 videret.
1026 1897 1065 1906 -
1089 1858 1180 1922 Dum
1205 1879 1278 1921 vero
1299 1855 1344 1919 ali-

252 1958 307 2042 qui
344 1958 458 2022 Patres
495 1957 536 2021 de
567 1957 779 2022 Praesulibus
803 1955 1069 2021 Ariminensibus
1105 1956 1289 2040 loquuntur,
1314 1975 1345 2014 ac

252 2057 279 2119 si
312 2077 446 2120 causam
480 2055 558 2120 iidei
597 2055 838 2142 prodidissent,
877 2057 976 2118 etiem
1019 2055 1082 2139 ipsi
1124 2050 1344 2118 vehementiori

252 2154 406 2240 loquendi
432 2153 527 2218 modo
551 2163 688 2218 utuntur
701 2154 743 2218 ob
762 2156 889 2217 tristem
912 2174 1021 2216 rerum
1045 2153 1182 2218 exitum.
1206 2151 1346 2216 Attamen

251 2274 367 2316 revera
399 2251 446 2317 illi
470 2251 680 2318 Praesulibus
712 2250 979 2316 Ariminensibus
1009 2271 1074 2315 non
1108 2251 1239 2314 crimini
1271 2249 1346 2326 dont

254 2350 341 2436 quod
374 2373 393 2414 a
423 2350 488 2414 fide
521 2349 682 2414 catholice
714 2349 758 2414 ed
790 2349 950 2414 Anienem
982 2348 1146 2414 haeresim
1174 2349 1347 2419 defecerint,

253 2448 310 2512 sed
335 2448 422 2534 quod
446 2470 511 2512 non
536 2471 574 2512 ee
597 2471 662 2534 qua
678 2470 739 2534 per
761 2457 830 2512 eret
845 2449 1029 2512 constantia
1052 2469 1186 2514 oensem
1209 2447 1285 2512 fidei
1305 2444 1346 2508 de·

253 2547 427 2629 fenderint,
452 2571 472 2610 a
494 2546 667 2612 fraudibus
690 2547 891 2612 Arienorum
923 2566 990 2610 non
1013 2547 1092 2610 satis
1115 2545 1179 2610 sibi
1203 2545 1345 2610 caverint

254 2668 329 2710 oum
352 2647 392 2710 iis
416 2647 680 2710 communionem
695 2646 838 2722 inierint,
859 2653 891 2708 et
914 2642 1227 2708 omnesOatholioos
1249 2643 1343 2706 heere·

254 2746 392 2808 tieorum
418 2745 578 2808 conviciis
602 2754 634 2807 et
657 2743 752 2808 malis
775 2741 902 2806 artibus
926 2744 1147 2827 exposuerint

345 2843 395 2906 11.
420 2841 547 2906 Eodem
570 2851 794 2927 temporeque
811 2840 987 2904 concilium
1004 2839 1147 2905 Arimini
1170 2838 1347 2904 hebebatur.

254 2942 439 3008 Seleuciam
457 2941 552 3026 jussu
586 2938 794 3005 Constantini
828 2947 1051 3003 convenerant
1081 2937 1256 3002 orientales
1283 2935 1348 3020 epis-

255 3041 328 3124 oopi
357 3047 488 3103 centnm
523 3048 556 3103 et
587 3039 768 3122 sexaginte.
815 3037 869 3100 Ex
892 3035 943 3100 hie
975 3035 1124 3122 plerique
1155 3034 1249 3124 (106)
1272 3040 1347 3096 eram

255 3137 461 3219 Semieriani,
487 3139 571 3201 inter
594 3158 675 3222 quos
700 3138 798 3200 etiam
823 3136 855 3201 S.
872 3134 1015 3219 Cyrillus
1031 3131 1348 3218 Hierosolymitanust

255 3237 372 3300 Ariani
396 3257 440 3298 ex
462 3234 495 3300 S.
520 3233 682 3320 Hileri01)
717 3234 831 3298 decem
863 3243 897 3296 et
925 3254 1065 3314 novem,
1085 3233 1185 3318 juxte
1209 3231 1286 3296 elios
1306 3227 1347 3290 tri·
1382 3235 1383 3329 y

255 3336 347 3420 ginta
375 3332 429 3398 vel
456 3333 694 3420 qnadraginta3
717 3333 827 3418 pauci,
852 3330 1009 3396 videlicet
1026 3331 1173 3416 Aegypti
1187 3325 1348 3396 Praesules.
1382 3338 1383 3390 1

255 3433 429 3498 Athanasii
462 3434 577 3513 amici,
602 3431 775 3496 orthodoxi
808 3439 911 3495 erent.
957 3428 1076 3494 Adfuit
1098 3430 1199 3492 etiam
1222 3427 1254 3494 S.
1276 3421 1349 3488 Hila-

255 3533 333 3612 rius,
358 3533 415 3617 qui
438 3529 548 3594 adhue
572 3532 605 3594 in
631 3529 765 3595 Oriente
789 3528 867 3594 exul
890 3527 1041 3611 degebat.
1078 3527 1159 3592 Mox
1182 3547 1259 3590 vero
1281 3525 1349 3586 inter

256 3631 404 3696 diverses
427 3629 627 3694 Asianorum
651 3627 811 3692 factiones
824 3635 915 3692 tante
939 3624 1124 3690 acritudine
1148 3624 1348 3709 disceptatum

257 3739 314 3812 est,
339 3738 375 3792 ut
397 3727 527 3792 Leones
551 3747 659 3791 comes
683 3724 814 3790 concilii
842 3723 1027 3811 praefectus
1049 3721 1132 3787 illud
1156 3721 1348 3788 dissolutione

256 3829 387 3892 finierit.
412 3865 455 3874 -—
479 3825 573 3889 Tunc
597 3825 815 3888 dissensiones
845 3823 931 3886 inter
953 3829 1063 3907 partes
1086 3821 1228 3886 Arieuas
1249 3823 1348 3882 ancus

257 3936 343 3992 sunt.
389 3925 586 3991 Semieriani
610 3923 773 3988 Acacium
797 3920 1054 4000 Caesariensem,
1088 3918 1275 3984 Eudoxium
1295 3913 1347 3975 an-

257 4025 456 4106 tiochenum,
485 4023 665 4106 Georgium
697 4019 962 4086 Alexandrinum
994 4017 1140 4104 aliosque
1170 4010 1346 4080 vocabulum

332 4241 357 4307 ¹)
377 4237 479 4292 Contra
498 4237 588 4292 Oonst.
609 4253 634 4290 n.
656 4237 696 4292 12.
