2836 4804
203 418 256 476 346
606 419 645 474 De
664 417 752 474 tribus
771 419 913 487 capitulis.

205 585 308 626 eorum
339 561 388 626 uel
418 563 480 626 tuis
511 562 686 628 sucessibus
716 563 844 648 saepius
874 587 896 627 a
926 563 1017 628 nobis
1045 567 1172 630 moedi
1203 569 1329 632 veniam

199 661 404 746 postulasses.
451 662 528 726 Post
549 663 619 726 boec
642 671 747 726 cutem
769 685 837 726 enm
856 673 884 727 te
908 685 929 727 a
946 667 1206 751 praesumptione
1231 663 1328 730 solito

205 783 258 822 nec
276 759 384 846 paslor
407 760 560 824 leamauae
583 760 798 841 verecundiae,
831 784 888 824 aec
918 761 1090 825 sacerdotii
1106 763 1251 847 pondus,
1274 785 1329 826 nec

206 859 297 926 timor
331 859 433 922 diuini
460 859 580 945 judicii
611 859 781 937 cohiberet,
817 859 892 924 dum
923 859 1062 946 amplius
1093 883 1187 945 mum
1204 867 1329 951 jeutum
1412 941 1413 944 Ἴ

197 955 311 1041 fuerat
329 957 523 1041 patientiam
555 958 617 1020 tuis
638 956 844 1041 facinoribus
868 957 1101 1042 praeberemus,
1135 959 1182 1022 ad
1204 960 1262 1023 boc
1286 971 1331 1023 est
1412 1017 1413 1024 ,

205 1076 303 1118 causa
325 1054 500 1139 perducta,
530 1064 681 1139 qseatenas
714 1057 840 1120 semotm
871 1055 1013 1119 omnibus
1044 1079 1124 1141 quoe
1158 1056 1200 1120 de
1236 1057 1330 1120 erim

209 1150 426 1237 Capituloram
462 1151 648 1236 quibuslibet
686 1152 768 1216 elicto
810 1153 964 1238 scriptore
989 1152 1128 1237 fiarent
1164 1153 1329 1231 ordinato,

205 1250 281 1334 qnid
304 1250 342 1314 ele
365 1252 439 1336 ipso
462 1271 496 1312 re
510 1249 605 1334 facto
635 1273 715 1336 opas
744 1261 832 1330 esset,
866 1273 934 1314 cum
955 1250 1197 1336 Africanorum,
1224 1248 1330 1338 Illyri-
1412 1251 1413 1302 Ῐ

206 1349 379 1426 cianarnm,
413 1369 466 1412 scu
498 1347 636 1412 aliarum
667 1348 722 1436 (sl.
750 1346 945 1435 Galliarum)
970 1351 1115 1434 partiam
1137 1359 1332 1434 conqreqatc

205 1447 324 1532 synodo
348 1457 563 1524 tractaremus,
588 1455 706 1511 eoeum‘
724 1448 860 1512 mauime
882 1449 1100 1532 praesentiam
1122 1449 1329 1533 requirentes,
1412 1441 1413 1502 Ϊ

206 1567 335 1629 quorum
344 1544 460 1630 fuerat
479 1543 919 1630 scandalizatafraternitas.
952 1543 1046 1609 Illud
1065 1567 1186 1631 quoque
1200 1565 1328 1631 mamse-
1412 1561 1413 1570 ¹

200 1664 278 1728 pere
310 1641 401 1706 nobis
432 1665 500 1706 cnm
530 1640 765 1706 clementissimo
783 1644 943 1729 principe,
970 1642 1199 1728 praesentibus
1233 1644 1330 1706 etiam
1412 1655 1413 1710 i

206 1740 326 1802 ellenaa
352 1737 498 1804 CPtanoe
521 1741 669 1818 ciuitatis,
703 1752 733 1804 et
755 1742 857 1804 Dacio
882 1741 1133 1805 Mediolanensis
1155 1741 1250 1805 urbis
1274 1764 1329 1804 an·
1412 1755 1413 1790 ³

206 1838 316 1915 tistite,
354 1834 488 1922 aliisque
525 1847 589 1901 tam
626 1840 747 1922 praecis
778 1862 872 1924 quam
908 1839 1019 1903 latireis
1051 1839 1228 1924 episcopis,
1262 1859 1330 1900 cum

206 1935 316 2020 quibus
339 1935 479 2000 ommibus
503 1937 598 1998 etiam
621 1946 663 2014 tu,
692 1936 861 2014 Theodoro,
879 1938 1008 2022 pariter
1036 1935 1184 2022 adficieti,
1209 1957 1331 1998 asason
1412 1943 1413 1996 t

206 2045 236 2098 et
252 2032 474 2119 praesentibus
491 2033 655 2123 judicibus
678 2045 768 2120 atque
777 2033 964 2120 proceribus
986 2037 1192 2118 universoque
1218 2043 1331 2098 senatu

205 2133 355 2209 conuenit,
379 2155 417 2194 ne
441 2153 536 2216 aeque
560 2131 604 2194 aa
619 2143 821 2196 memoratam
839 2129 973 2196 Consilii
987 2130 1216 2216 diffinitionem
1240 2129 1330 2216 quisl-

206 2251 298 2314 quam
330 2229 367 2292 cle
395 2229 558 2316 praefatis
589 2229 688 2294 tribus
716 2225 874 2316 Capitulis
904 2229 943 2294 ab
967 2228 1074 2316 aliquo
1092 2229 1166 2314 fieri
1190 2231 1328 2294 intentu·

204 2339 298 2391 retur.
324 2327 371 2390 Ae
394 2327 507 2390 deinde
531 2329 593 2392 tais
615 2349 656 2392 eae
673 2327 894 2392 consuetudine
917 2329 1128 2392 incitamentis
1152 2324 1239 2391 liber
1262 2349 1329 2390 cou-

205 2424 435 2488 lemnatioaem
457 2425 597 2509 ipsorum
630 2423 849 2511 Capitnlorum
883 2426 1055 2503 continens,
1087 2425 1123 2488 iu
1140 2424 1277 2510 palatio
1301 2435 1327 2484 te

206 2522 371 2586 assistente
404 2533 433 2586 et
464 2524 637 2586 imbuente
661 2544 766 2586 eoram
799 2522 985 2606 quibusdam
1016 2523 1138 2606 praecis
1169 2523 1329 2608 episcopis
1412 2511 1413 2570 ἶ

206 2632 252 2686 est
283 2619 425 2698 relectus,
460 2643 480 2682 a
512 2619 623 2706 quibus
656 2621 904 2684 assentationum
927 2619 1076 2706 favorem
1107 2621 1169 2684 tuis
1206 2619 1331 2684 uocibus

206 2719 361 2806 seaiqebas.
387 2767 394 2782 .
420 2767 427 2782 .
454 2767 460 2781 .
491 2717 605 2782 Omnia
629 2717 711 2780 bono
743 2717 904 2782 desideria
931 2727 1040 2781 reostra
1063 2741 1142 2803 qaae
1161 2741 1230 2803 pro
1249 2739 1330 2804 paee
1412 2757 1413 2776 2

207 2817 366 2884 Ecclesiae
387 2813 504 2902 procul
526 2814 620 2878 lesbio
652 2815 851 2892 militabant,
875 2815 923 2878 ito
955 2816 1079 2880 animm
1110 2825 1180 2880 treus
1217 2815 1331 2902 quietis
1412 2833 1413 2890 q

208 2916 374 3002 impatiens
398 2913 580 2999 dissipauit,
604 2924 640 2976 at
653 2911 714 2976 illa
728 2935 807 2998 quae
818 2912 974 2996 fraterna
997 2911 1165 2978 collatione
1188 2925 1222 2976 et
1246 2923 1330 2976 aaa·
1412 2947 1413 2994 1

206 3014 307 3101 quilla
331 3015 545 3098 episcopocum
560 3011 698 3096 fuerant
724 3011 916 3075 reservanda
932 3011 1067 3099 judicio,
1091 3009 1194 3074 subito
1220 3020 1332 3074 contra
1412 3011 1413 3068 l

207 3112 448 3176 ‹eeeksiastieum
469 3131 584 3172 morem
607 3119 637 3174 et
670 3119 780 3174 contra
800 3113 954 3194 paternas
984 3107 1180 3184 troditmnee,
1205 3120 1330 3172 eontra·
1412 3095 1413 3190 J

207 3233 264 3296 que
288 3229 406 3272 omnem
430 3208 646 3270 orator-itatem
669 3205 865 3292 eeonqelicae
889 3203 1140 3291 apostolicaeque
1163 3206 1331 3270 mantum
1412 3213 1413 3286 ἶ

207 3307 318 3372 celicas
336 3306 515 3391 propositis
529 3305 699 3368 secundnm
711 3315 796 3368 tunm
811 3303 1037 3368 damnarentur
1052 3303 1231 3380 arbitritum,
1256 3303 1328 3366 deos
1412 3305 1413 3316 ³

201 3405 346 3491 fidelium
367 3401 474 3466 nullus
504 3404 639 3486 iqnorct,
665 3425 728 3488 per
757 3426 834 3487 quoe
855 3403 1011 3465 Dominus
1043 3425 1081 3465 ao
1103 3401 1191 3464 Deus
1220 3409 1326 3464 noster

207 3504 358 3568 doctrinis
381 3499 563 3564 coelestibus
580 3500 705 3585 plebem
717 3523 806 3564 suam
822 3499 958 3587 jsuserit
986 3499 1117 3575 erudiri,
1141 3497 1190 3561 vel
1215 3497 1327 3584 quibus

207 3602 331 3689 liqaneli
352 3599 551 3684 solvendique
580 3621 675 3684 super
705 3608 822 3662 terram
849 3597 972 3660 dederit
989 3589 1223 3682 potestatem).
1270 3593 1328 3656 Re·
1412 3677 1413 3686 ἵ

206 3709 319 3766 censet
345 3698 423 3763 dein
453 3706 708 3760 commemoratu
737 3695 865 3780 flagitia
887 3693 1069 3774 Theodori,
1103 3702 1136 3758 et
1159 3701 1324 3778 poshemo

208 3802 242 3863 in
265 3795 477 3862 Theodorum
501 3803 533 3858 et
557 3795 714 3858 Mennem
737 3793 800 3857 sert
823 3792 1021 3856 sententiam
1046 3791 1280 3856 damnationis

58 3910 179 3954 semanno
295 3896 349 3960 49.
373 3894 469 3958 Tunc
494 3891 720 3956 vehementior
735 3892 768 3954 in
785 3888 946 3974 vigilium
968 3899 1039 3954 orta
1062 3899 1111 3954 est
1134 3887 1326 3973 persecutio,

39 3971 62 4013 ²¹²
83 3972 195 4024 ΜΝ·
207 4005 305 4079 atque
329 3993 371 4056 ab
385 3991 588 4076 Imperatore
605 3991 722 4054 missus
744 3999 793 4052 est
816 3987 907 4052 urbis
922 3997 1059 4072 praetor,
1085 3993 1121 4050 ut
1135 3984 1327 4050 Pontificem
