2836 4804
401 455 521 526 vigilius
539 457 651 512 damnat
668 456 725 512 tria
742 455 880 525 capitula
1146 457 1199 512 359

80 599 168 682 fecit,
193 601 366 664 inventam
389 609 422 664 et
444 599 644 686 descriptam
675 622 717 664 ex
740 601 802 665 Ms.
828 597 952 665 Codice
975 597 1201 666 Bibliothecae

81 699 193 782 regiae
215 697 422 762 Parisiensis.
468 698 610 762 Erudita
623 698 862 762 Dissertatione
885 695 1000 762 addita
1022 699 1201 782 genuinam

82 817 156 860 eam
180 817 253 860 esse
275 797 511 881 propugnavit.
559 795 722 877 Quamvis
745 815 823 860 vero
847 793 1028 860 (ismarius
1051 797 1086 859 in
1116 798 1201 862 notis

81 893 124 958 sd
147 894 358 958 Breviorium
381 892 530 958 Libersti
554 895 796 980 supposititiam
827 915 897 958 esse
921 890 1008 956 hanc
1031 893 1201 978 epistolam

84 989 258 1056 ostendere
281 999 420 1055 conatus
443 992 494 1071 sit,
518 999 630 1054 tamen
663 992 726 1054 viri
750 991 949 1076 gravissimi,
973 992 1020 1054 uti
1045 990 1202 1056 Ballerini

82 1088 200 1152 fratres
212 1087 317 1172 Pagii,
333 1087 460 1170 Hefele,
474 1087 734 1174 Hergenrother,
750 1097 894 1172 censent,
910 1109 984 1154 eam
999 1109 1069 1152 esso
1091 1092 1203 1174 genui·

82 1207 171 1263 nam,
191 1194 291 1270 atque
310 1207 371 1250 nec
386 1184 512 1251 indoles
527 1186 683 1272 epistolas
699 1208 760 1250 nec
780 1185 873 1251 stilus
893 1184 1022 1251 obstare
1036 1185 1202 1254 videntur.

173 1283 227 1348 65.
251 1283 420 1370 Imprimis
443 1284 599 1349 Pontifex
629 1284 759 1350 diabolo
791 1283 964 1366 adscribit,
989 1284 1204 1372 quodquam

1 1453 2 1474 χ
83 1380 233 1466 ejusdem
259 1380 337 1446 fidei
362 1383 428 1446 sint
459 1391 493 1446 et
523 1384 728 1448 reverentiae
761 1384 795 1447 in
819 1390 959 1469 quatuor
982 1381 1143 1468 Synodos,
1168 1386 1316 1452 incautela
1334 1400 1362 1442 ιᾱ

1 1477 2 1494 ¹
83 1479 324 1544 dissensionem
341 1479 475 1544 assueti
499 1481 632 1544 fuerint.
678 1478 743 1544 ses
765 1481 926 1565 waiam,
950 1481 1059 1566 inquit
1073 1480 1204 1563 seinse,
1222 1461 1358 1514 Mum

86 1575 230 1642 Οήήεᾱω
253 1577 340 1641 Dens
372 1589 497 1656 nostn,
521 1579 575 1664 pai
597 1588 644 1642 cst
666 1578 724 1642 ian
755 1601 830 1642 vera
858 1600 951 1663 pam
975 1573 1118 1644 inebrae
1141 1601 1205 1644 non

84 1675 357 1761 comprehendunt,
390 1676 475 1739 omni
507 1675 689 1761 confiniens
718 1698 739 1738 a
760 1674 914 1740 motibus
935 1677 1053 1741 nostris
1074 1687 1195 1742 remota

1 1773 2 1776 ’
82 1773 264 1836 amoenam
300 1771 403 1836 orbern
435 1783 465 1836 et
493 1773 667 1838 Ecclesiam
698 1773 743 1836 ad
759 1793 873 1858 pacem
903 1777 1069 1854 reuocauit,
1101 1778 1149 1841 ita
1170 1787 1205 1842 at

84 1893 163 1956 pasce
197 1895 220 1935 a
250 1869 341 1936 nobis
373 1870 500 1954 definiri
531 1871 652 1950 debant,
684 1869 841 1936 revelante
864 1871 999 1935 Domino
1023 1882 1053 1935 et
1075 1876 1206 1938 oemtote

83 1969 276 2054 investigata
298 1967 610 2056 salubriterimpleta
632 1970 717 2032 sint:
740 1969 858 2032 idcirco
877 1969 958 2032 sciat
979 1981 1114 2034 ocenum
1136 1975 1205 2036 ani-

84 2089 177 2130 osrsa
191 2064 403 2151 fraternitas,
421 2067 504 2152 prod
518 2077 653 2152 quatior
668 2065 858 2152 Synodos..
884 2115 892 2131 .
916 2091 982 2130 aaa
1005 2091 1073 2130 cnm
1094 2059 1206 2134 iisdem

77 2163 243 2247 fratribus
266 2166 384 2228 nostris
407 2213 415 2228 .
440 2213 447 2228 .
474 2213 482 2230 .
507 2213 514 2229 .
539 2166 732 2230 unanimiter
754 2187 921 2230 tenuamus.
944 2201 988 2212 —
1004 2163 1205 2232 Commemo-

86 2269 137 2324 rat
160 2260 241 2325 dein
265 2271 412 2326 exonam
437 2262 478 2326 de
501 2263 607 2327 tribus
624 2262 785 2349 Capitulis
799 2264 1034 2348 quaestionem,
1059 2273 1091 2328 et
1114 2287 1207 2350 quam

86 2356 214 2422 diuersa
237 2359 276 2422 de
298 2356 368 2423 illis
391 2359 491 2424 tribas
517 2360 675 2446 Capitalis
698 2361 785 2424 dicta
808 2371 900 2447 atque
923 2363 1101 2448 consa-ipta
1123 2373 1204 2428 sant.

85 2454 173 2534 idco,
198 2459 316 2541 pergit,
349 2459 379 2520 si
410 2459 445 2522 in
477 2459 562 2522 omni
593 2460 716 2545 nepotio
749 2459 925 2544 sapientiae
948 2460 1031 2522 ratio
1052 2460 1205 2546 postulat,

85 2563 120 2618 ut
143 2555 181 2618 id
203 2554 243 2618 de
266 2577 325 2642 quo
349 2557 512 2640 quaeritur
533 2565 730 2634 retractator,
759 2577 856 2642 neque
873 2556 997 2642 pudori
1019 2579 1083 2621 esse
1107 2557 1206 2637 ceter,

86 2673 156 2714 casn
179 2675 218 2716 ea
240 2673 319 2738 puae
343 2653 382 2718 ab
405 2655 498 2718 initio
515 2655 646 2732 omisca,
661 2653 765 2718 stadio
789 2654 902 2717 Made
924 2655 1069 2720 veritatis
1091 2657 1207 2720 inaeni-

87 2759 195 2830 antur,
220 2761 336 2836 quomo
359 2753 460 2836 acopis
492 2751 711 2815 ecdssiastiois
739 2750 1023 2837 disceptationibus
1053 2754 1205 2831 convenit,

2 2869 3 2874 ¹
87 2847 226 2912 maedam
244 2851 397 2913 ratimsem
425 2846 551 2913 inillis
583 2871 701 2935 quoqrne
725 2849 894 2912 observari.
943 2846 1205 2914 Commemorsto
1315 2895 1318 2902 ι

87 2945 240 3032 exemplo
264 2948 296 3012 S.
321 2946 520 3032 Augustini:
545 2947 616 3012 Nos
629 2969 757 3033 qaoque,
772 2948 829 3028 ait,
849 2945 995 3010 similiter
1017 2945 1085 3012 illis
1108 2969 1205 3012 creem-

85 3042 152 3128 piis
175 3045 315 3124 weitati,
348 3047 384 3109 in
415 3046 630 3109 connoversia
661 3045 756 3109 triam
782 3042 999 3130 Capitulorum
1027 3067 1126 3132 snpra
1147 3069 1206 3111 me·

86 3151 289 3222 moratorum,
312 3165 472 3228 annianum
495 3141 672 3206 destitimus
686 3143 762 3228 quin
776 3143 1043 3227 investigaremus,
1068 3144 1144 3228 qaid
1167 3143 1207 3208 cie

82 3239 262 3322 praedictis
285 3240 387 3304 tribas
404 3236 562 3326 Capitulis
577 3241 612 3303 in
621 3251 754 3325 potrum
766 3249 944 3304 metrorum
966 3239 1081 3304 litteris
1104 3243 1207 3306 verim

89 3335 226 3402 inveniri
250 3340 363 3424 possit.
411 3338 573 3402 Recenset
603 3336 682 3402 dein
713 3357 837 3401 errores
869 3335 1034 3402 Theodori
1058 3339 1207 3425 Mopsue-

88 3436 182 3516 steni,
216 3457 358 3522 eumque
390 3446 423 3500 et
455 3437 525 3522 ejus
558 3436 697 3521 scripta,
721 3434 920 3499 Theodoreti
948 3435 1070 3521 scripta
1094 3445 1207 3500 contm

89 3528 262 3616 cyrillum,
287 3544 320 3598 et
330 3533 412 3598 Ibae
434 3534 605 3620 epistolam
629 3533 673 3598 ad
696 3534 815 3597 Marim
839 3532 975 3596 damnat
998 3532 1115 3596 iisdem
1139 3533 1207 3598 fere

3 3645 4 3650 ’
89 3630 210 3712 verbis,
234 3632 356 3718 quibus
379 3631 533 3717 Synodus
566 3653 626 3696 usa
656 3639 715 3696 est.
761 3629 872 3716 Atque
902 3630 991 3696 diota
1021 3652 1207 3696 resumens:

88 3729 259 3794 stocdicta
281 3732 401 3817 itaque,
426 3731 543 3816 inquit,
575 3731 641 3794 trio
663 3731 764 3815 impio
791 3725 941 3814 Capitula
965 3729 1207 3792 anammatieo-

4 3867 5 3902 2
88 3851 154 3892 man
176 3837 207 3891 et
230 3828 479 3906 wadenusamns,
502 3827 621 3892 scilicet
642 3828 774 3914 impium
786 3827 981 3890 Theodomm
995 3827 1208 3911 Mopsuestiae

4 3915 6 3974 i
87 3949 151 3990 asna
173 3927 372 4012 cumimpiis
395 3929 463 4015 ejus
494 3926 636 4011 scriptis,
670 3933 700 3989 et
722 3947 927 4010 quaecumque
949 3925 1044 4009 impie
1071 3923 1207 3987 Theodo-

89 4035 173 4088 retus
206 4025 343 4110 scripsit,
376 4035 469 4110 atque
501 4025 597 4087 etiam
628 4021 793 4109 epistolam
823 4045 902 4108 qnae
935 4022 1051 4085 dicitur
1087 4021 1126 4084 ab
1150 4020 1210 4085 lta

89 4123 206 4209 scripta
228 4120 357 4207 fuisse,
390 4145 452 4208 qua
483 4122 630 4207 superins
665 4120 768 4184 dictae
802 4119 965 4206 profanas
998 4117 1208 4205 blasphemiae

88 4219 395 4306 comprehendantur.
455 4217 540 4292 Quin
568 4219 663 4283 etiam
695 4241 909 4303 quamcumque
943 4216 998 4302 qui
1029 4215 1207 4294 crediderit,
