2806 4848
454 469 495 524 De
513 469 678 526 mufessioue
695 469 821 526 mulieris.
1141 471 1191 525 15⁷

77 621 164 675 retur
186 611 232 676 ad
257 633 356 698 opera
379 616 601 698 poenitentiae
623 614 821 701 peragenda.
867 613 907 677 Id
931 635 988 699 pro
1012 616 1109 698 genio
1133 637 1191 681 suo

75 719 245 773 auctorem
271 712 474 795 excogitasse
504 712 677 776 arbitrarie
700 713 912 797 supponitur,
943 733 1049 797 neque
1074 713 1190 793 obstat,

76 805 211 891 publice
236 809 442 893 poenitentes
466 810 610 874 breviori
631 811 736 896 spatio
753 812 787 874 in
811 809 949 873 ecclesia
972 810 1081 892 fuisse,
1107 833 1191 874 eam·

75 927 136 990 quc
170 905 346 992 reliquisse
377 915 555 994 antequam
588 930 718 972 sacrum
751 908 908 972 finiretur.
960 907 1071 972 Potuit
1103 910 1191 972 enim

74 1013 228 1067 matrona
258 1003 314 1068 illa
347 1028 416 1070 esse
441 1008 527 1070 inter
558 1010 759 1071 consistentes
791 1006 846 1090 qui
871 1006 997 1089 integro
1021 1029 1112 1071 sacro
1136 1008 1191 1072 ad-

72 1113 175 1182 erant,
202 1111 237 1164 et
260 1102 324 1166 alio
349 1125 480 1190 quoque
498 1114 644 1190 tempore
666 1106 774 1189 potuit
796 1104 839 1168 ad
863 1103 1035 1168 ecclesiam
1059 1115 1095 1169 ut
1118 1127 1191 1192 poe-

71 1201 236 1263 nitentiae
261 1223 360 1266 cansa
384 1213 492 1266 oraret
514 1201 713 1288 accedere1).
744 1201 854 1282 Quum
880 1223 957 1265 vero
982 1202 1113 1268 diaconi
1137 1225 1190 1267 ex-

70 1309 201 1362 ternam
229 1298 438 1385 disciplinam
462 1303 684 1386 poenitentiae
707 1310 866 1385 regerent,
891 1300 970 1364 huic
993 1303 1188 1388 expositioni

70 1395 170 1480 plane
196 1399 361 1481 congruit,
390 1409 427 1462 ut
457 1421 532 1462 oum
565 1399 722 1462 ecclesiae
753 1398 892 1463 diacono
926 1398 989 1463 hae
1019 1402 1191 1465 occasione

72 1495 350 1560 consuetudinem
374 1495 519 1578 haberet,
551 1508 583 1560 et
611 1497 663 1560 vel
693 1499 728 1560 in
752 1498 824 1582 ipsa
854 1497 992 1562 ecclesia
1015 1498 1069 1562 vel
1092 1501 1126 1562 in
1151 1501 1191 1562 iis

4 1583 5 1590 ί
70 1615 155 1676 quae
181 1593 335 1658 ecclesiis
353 1595 493 1679 junctae
517 1617 586 1659 esse
610 1595 760 1660 solebant
782 1595 930 1678 aedibus,
956 1597 1080 1660 crimen
1106 1619 1190 1661 com·

70 1694 229 1756 mitteret.
258 1731 296 1739 -—
320 1693 360 1757 In
384 1694 570 1758 narratione
594 1693 738 1759 Socratis
770 1715 864 1778 porro
889 1693 1048 1758 habetur:
1094 1693 1137 1758 ‘H
1156 1694 1191 1758 da*

69 1791 143 1876 γίνῃ
170 1785 398 1875 προβαίνουσα
421 1789 474 1854 καὶ
498 1788 575 1854 ἄλλο
599 1794 747 1873 πταῖσμα
770 1787 882 1879 ἑαυτῆς
904 1791 1077 1879 κατηγόρει.
1102 1794 1190 1859 Illud

69 1883 301 1972 Ιπροβαίνουσα
332 1889 568 1970 Bellarminus,
602 1889 750 1953 Morinos
782 1888 904 1975 aliique
937 1913 1011 1954 cum
1048 1891 1190 1956 Christo-

69 1989 240 2072 phorsono
275 1986 469 2051 vertendum
501 1988 709 2051 existimant:
756 1989 875 2052 Mulier
897 1988 1020 2076 locuples
1042 1991 1077 2053 io
1100 1993 1190 2076 coufi-

68 2087 164 2150 tendo
185 2107 368 2172 proprcaso.
414 2085 566 2150 Valesius
589 2095 698 2150 autem
722 2086 844 2172 aliique
868 2088 1080 2171 contendunt,
1104 2089 1191 2154 hanc

67 2184 351 2269 significationem
385 2184 426 2249 ob
459 2187 594 2269 genium
626 2183 758 2268 linguae
791 2184 938 2250 Graecae
971 2187 1100 2252 admitti
1124 2211 1190 2253 non

65 2305 179 2368 posse,
205 2282 265 2346 sed
280 2303 396 2346 vocem
414 2277 637 2367 προβαίνουσα
655 2283 743 2346 idem
758 2284 944 2367 significare
959 2307 998 2348 ac
1021 2286 1189 2372 σροϊουσα,

64 2405 102 2444 ac
137 2380 342 2444 vertendum
379 2401 449 2445 esse
475 2403 646 2466 proprcssc
680 2384 842 2467 tempor-ta
865 2392 964 2469 atque
987 2382 1070 2448 haec
1094 2405 1190 2469 expo·

66 2483 141 2544 sitio
170 2477 392 2564 praeferenda
415 2479 557 2544 videtur.
603 2479 804 2543 Zezsohwitz
830 2483 966 2566 exponit
982 2484 1191 2569 propreclious

64 2581 94 2640 iu
130 2577 336 2662 confessione
368 2599 437 2658 sua,
470 2597 570 2662 quam
610 2569 743 2641 unicam
779 2578 880 2643 fuisse
912 2588 1035 2644 secreto
1068 2581 1190 2646 factam

64 2676 158 2761 apud
196 2676 487 2760 poenitentiarium
521 2676 701 2757 existimat;
726 2676 783 2740 sed
806 2686 880 2762 post
903 2679 1043 2764 primam
1067 2679 1186 2743 confes·

1 2800 2 2847 3
64 2777 209 2855 aionem,
246 2773 324 2837 dum
357 2772 475 2838 mulier
506 2775 740 2859 poenitentiam
774 2776 968 2839 canonicam
1001 2777 1188 2861 peragebat,

1 2861 2 2864 ¹
65 2893 197 2935 novum
232 2869 396 2955 flagitium
429 2872 599 2952 accidisse,
632 2895 674 2934 ex
707 2872 833 2937 collatis
866 2874 1109 2939 narrationibus
1133 2875 1188 2940 So-

1 3001 2 3056 r
62 2973 168 3034 cratis
196 2979 229 3032 et
254 2968 424 3034 Sozomeni
450 2969 621 3053 colligitur.

155 3077 215 3141 27.
244 3073 415 3162 Quidquid
447 3076 509 3142 hac
543 3077 641 3141 dere
669 3079 720 3159 sit,
754 3101 924 3143 censemus
957 3073 1047 3144 bisce
1070 3081 1123 3164 agi
1148 3080 1189 3145 de

63 3173 219 3238 secunda
246 3173 449 3238 confessione
472 3173 615 3260 publica,
634 3177 666 3239 in
692 3198 756 3260 qua
781 3199 822 3239 ex
846 3177 981 3243 consilio
1006 3178 1188 3264 presbyteri

1 3259 2 3336 l
62 3272 318 3358 poenitentiarii
342 3273 459 3336 mulier
481 3273 534 3336 vel
557 3273 700 3358 generali
733 3275 828 3339 modo
852 3299 885 3340 se
909 3299 999 3341 ream
1022 3277 1187 3360 fateretur,

62 3372 116 3436 vel
142 3370 278 3456 aliquot
301 3379 510 3456 peccatorum
533 3373 577 3436 ad
592 3373 853 3438 aedificationem
866 3374 1013 3439 fidelium
1038 3397 1072 3437 se
1095 3397 1189 3438 accu-

141 3622 164 3690 ¹)
187 3618 360 3674 Christianos
379 3621 436 3689 pios
454 3621 561 3689 saepius
581 3621 663 3676 etiam
673 3638 720 3691 per
739 3623 808 3678 dem
828 3623 861 3676 ad
880 3623 1020 3678 ecelesiam
1039 3624 1188 3692 accessisse,

61 3703 105 3758 rel
123 3719 160 3757 ex
182 3700 220 3755 iis
239 3700 358 3770 colliges,
377 3717 445 3769 quae
464 3701 488 3756 S.
508 3703 678 3772 Augustinus
705 3703 737 3756 de
765 3708 852 3758 matre
870 3721 919 3758 sua
937 3705 1050 3768 Menios,
1070 3705 1188 3758 Confess.

60 3785 89 3838 L
111 3783 149 3837 V.
171 3799 195 3836 c.
219 3783 238 3833 9
257 3779 350 3836 refert
389 3783 448 3850 „An
467 3797 531 3837 vcro
551 3788 588 3848 tu,
617 3784 713 3850 iuquit,
733 3785 804 3837 Deus
822 3783 1063 3839 misericordiarum
1082 3801 1188 3853 sperne-

59 3881 104 3918 res
125 3880 177 3918 cor
197 3861 347 3917 contritum
366 3869 394 3917 et
412 3863 583 3917 humiliatum
593 3863 690 3917 viduae
709 3869 799 3918 castae
817 3880 849 3917 ac
866 3864 978 3930 sobriae,
989 3864 1188 3931 frequentantis

59 3947 264 4010 eleemosynas,
284 3943 454 4011 obsequentis
467 3949 548 4010 atque
557 3943 701 3998 servientis
710 3944 812 3998 sanctis
822 3945 885 4010 tuis,
904 3945 1007 3999 nullum
1025 3945 1094 4000 diem
1112 3962 1188 4014 prae-

60 4023 258 4080 ermittenuis
276 4022 438 4078 oblationem
456 4023 490 4077 ad
508 4024 595 4078 altare
615 4029 698 4090 tuum,
718 4025 804 4078 bisin
822 4025 873 4090 dte,
889 4041 967 4078 uacuo
985 4031 1009 4078 et
1027 4043 1133 4094 vespere
1151 4027 1188 4080 cd

59 4107 210 4160 ecelesiam
229 4110 305 4157 tuum
328 4105 386 4158 eine
403 4105 462 4157 ulla
480 4104 674 4158 intermissione
692 4103 830 4166 uenientis,
857 4119 910 4158 non
929 4105 962 4158 ad
981 4121 1065 4159 vanas
1084 4105 1187 4160 fabulas

60 4196 87 4240 et
109 4185 206 4240 aniles
225 4184 414 4250 loquacitates,
432 4183 479 4238 scd
497 4188 530 4238 ut
548 4188 577 4238 te
595 4183 701 4238 audiret
711 4183 739 4238 iu
758 4183 813 4238 tuis
832 4183 1003 4250 sermonibus,
1017 4191 1046 4238 ct
1064 4193 1094 4239 tu
1114 4186 1188 4242 illam

60 4267 89 4320 in
108 4267 174 4321 suis
194 4263 388 4320 orationibus.“
