2874 4812
238 447 291 507 370
521 447 562 509 De
580 454 732 512 Arioniam
750 475 781 512 nc
799 446 832 513 le
850 459 929 515 Cone.
948 453 1074 516 Nioseno.

237 597 318 684 liqui
340 621 443 662 omnes
470 600 526 685 qui
546 600 705 664 nobiscum
734 611 808 665 sunt
828 603 1004 668 vicinarum
1030 603 1153 670 urhium
1176 619 1208 670 et
1225 609 1355 694 provin-

234 697 356 759 ciarum
384 695 525 783 episcopi
546 746 553 761 .
580 748 586 762 .
613 749 620 762 .
647 748 653 761 .
679 701 852 764 carissimis
866 701 1030 787 fratribus
1051 704 1086 765 iu
1110 703 1249 768 Domino
1273 705 1354 770 sulu-

238 803 306 860 tem.
332 843 339 857 .
363 844 370 858 .
387 843 394 858 .
413 795 456 858 Et
479 795 523 858 acl
537 795 726 882 Dionysium
742 796 997 861 Alexandrinum
1020 810 1050 861 et
1073 800 1117 864 ad
1132 801 1356 866 Fir-milianum

241 891 465 978 Cappadociae
496 895 687 970 antistitem,
719 892 827 958 heatae
850 895 1081 960 recordatiouis
1103 885 1196 975 oiros,
1233 899 1357 963 litter-m

237 991 388 1055 dedimus.
439 989 577 1062 Quorum
600 989 655 1054 ille
679 991 803 1076 quidem
825 995 953 1078 scripsit
976 994 1194 1076 Antiochiam‚·
1228 995 1290 1060 ‘sed
1313 1021 1356 1058 er-

236 1091 321 1153 roris
352 1088 459 1150 ducem
489 1111 528 1151 ae
552 1087 744 1152 salutatione
776 1089 900 1174 quidem
931 1090 1082 1176 dipsatus
1113 1103 1168 1174 est,
1192 1116 1293 1178 neque
1317 1092 1358 1154 ad

238 1209 306 1250 eum
328 1187 524 1261 nominatim,
547 1208 652 1248 venem
667 1185 710 1248 ad
725 1187 904 1250 universum
919 1187 1173 1252 Antiochensium
1196 1190 1358 1253 ecclesiam

239 1284 363 1349 litterae
386 1306 460 1348 mas
483 1281 612 1360 direxit,
627 1305 758 1368 quarum
777 1285 873 1346 etiam
895 1283 1068 1369 eaeemplum
1090 1286 1137 1348 hic
1161 1285 1358 1376 mhjecimus.

241 1381 446 1446 Firmilianus
468 1403 539 1444 aero
563 1403 630 1443 mem
650 1379 698 1443 his
717 1381 915 1444 Antiochiam
932 1384 1079 1459 accuset,
1103 1381 1273 1446 damnauit
1296 1383 1359 1468 qui-

239 1481 308 1543 dem
330 1479 485 1564 doymotis
508 1478 547 1541 ah
570 1477 627 1541 illo
651 1480 765 1541 innecti
787 1479 970 1556 novitatem,
993 1491 1029 1543 ut
1052 1491 1201 1543 testamur
1224 1503 1286 1554 nos
1308 1481 1361 1566 qui

240 1575 413 1662 adficimus,
436 1586 466 1639 et
489 1575 550 1638 alii
566 1575 679 1661 plures
696 1575 832 1660 perinde
856 1599 893 1639 ac
915 1597 973 1639 nos
996 1577 1110 1661 optimc
1132 1588 1263 1640 nomnt.
1300 1575 1361 1640 Sul

240 1695 307 1737 oum
338 1671 393 1736 ille
425 1685 616 1736 mutaturum
648 1697 678 1736 se
703 1673 889 1736 sententiam
915 1674 1133 1759 promisisset,
1166 1673 1302 1738 credens
1334 1675 1362 1736 ei

240 1770 458 1848 Firmiliaaus,
489 1793 678 1856 operamque
711 1772 777 1834 sine
801 1769 866 1833 ullo
897 1769 1062 1858 sclipionis
1092 1781 1221 1836 nostrae
1240 1771 1361 1858 probro

241 1881 333 1955 atquc
357 1869 522 1954 dispendio
556 1889 620 1930 rem
653 1869 766 1954 optime
783 1870 879 1953 posse
907 1871 1065 1946 constitui,
1089 1867 1215 1931 distulit
1240 1879 1361 1932 senten
1423 1868 1424 1894 ¹

242 1968 319 2030 tiam
342 1989 439 2044 suam,
464 1966 609 2050 deceptus
632 1964 750 2028 scilicet
773 1965 812 2028 ah
835 1966 965 2045 homine,
988 1968 1043 2051 qui
1064 1965 1166 2028 Deum
1188 1988 1228 2028 ac
1251 1965 1362 2028 Domi-

241 2087 315 2128 num
347 2087 436 2128 suum
467 2063 610 2148 aspalat,
645 2073 674 2126 et
705 2065 760 2148 qui
781 2061 881 2146 fldem
912 2085 1005 2149 quam
1028 2073 1123 2126 antea
1147 2061 1364 2148 profitebatur
1424 2138 1425 2161 χ

239 2161 424 2226 violaverat.
474 2159 568 2224 Nunc
591 2181 708 2246 quoque
731 2159 930 2224 Antiochiam
957 2171 1104 2224 ventumst
1126 2169 1197 2223 erat
1220 2157 1362 2222 lamm-

243 2283 332 2339 aaus,
357 2271 387 2324 et
403 2263 474 2350 jam
502 2257 633 2322 Tarsum
656 2279 750 2343 usque
768 2269 990 2344 peruenerat..
1012 2307 1019 2321 .
1038 2255 1101 2322 Sed
1123 2279 1191 2320 cum
1212 2279 1277 2320 nos
1293 2261 1365 2346 jam

243 2369 339 2422 antea
362 2359 615 2434 convenissemus,
639 2357 761 2419 interea
782 2355 843 2420 loci
856 2355 930 2420 dum
952 2353 1043 2420 illum
1066 2355 1265 2438 accersimus,
1291 2354 1364 2418 dum

244 2462 311 2546 ejus
334 2451 499 2519 adventum
524 2463 748 2540 eaespectamus,
772 2451 855 2517 abiit
876 2477 891 2516 e
914 2450 1037 2537 aita.¹).

334 2553 384 2616 ll.
409 2549 539 2614 Deinde
558 2549 656 2636 paulo
671 2559 753 2635 post,
769 2549 830 2637 (uit
845 2547 1034 2636 Eusebius),
1051 2545 1236 2636 cujusmodi
1263 2548 1365 2612 fuera

242 2651 386 2715 hominis
409 2651 479 2712 vita
503 2651 674 2733 exponunt
696 2647 748 2712 his
762 2647 890 2712 verbis:
915 2645 979 2712 Sed
1000 2649 1149 2733 quoniam
1171 2668 1194 2708 a
1208 2645 1297 2730 fidei
1320 2669 1366 2710 re·

242 2749 318 2838 pulo
343 2747 489 2812 recedens
512 2746 556 2810 ad
579 2747 720 2832 aporiam
752 2757 782 2808 et
802 2745 979 2809 adulteram
1003 2744 1177 2820 doctrinam
1201 2765 1232 2806 sc
1260 2755 1366 2808 mans·

245 2847 331 2926 tulit,
351 2848 484 2910 hominis
500 2843 539 2908 ab
555 2843 696 2907 Ecclesia
712 2841 811 2906 alieni
826 2855 914 2906 actus
930 2843 1113 2906 examinare
1127 2839 1208 2903 nihil
1231 2843 1367 2918 attinet,·

206 2961 208 2964 '
244 2967 340 3031 neque
364 2943 447 3030 quod
470 2965 537 3006 oum
567 2951 662 3004 cretea
687 2963 815 3027 pauper
845 2951 874 3004 et
897 2937 1056 3004 mendicus
1086 2948 1173 3016 esset,
1196 2961 1255 3001 nec
1280 2937 1368 3002 ullas

245 3043 369 3107 omnino
376 3041 554 3128 facultates
569 3049 625 3101 aut
639 3061 659 3101 a
669 3037 859 3123 parentibus
874 3036 1002 3102 relictas
1016 3037 1195 3121 accepisset,
1211 3047 1271 3098 aut
1286 3037 1369 3099 artis

245 3139 343 3204 ullius
365 3139 514 3202 coercitio
538 3135 599 3200 sihi
627 3145 854 3222 comparasset,
878 3159 960 3200 nunc
983 3133 1027 3198 ad
1049 3131 1267 3197 incredibilem
1293 3155 1369 3220 opu·

246 3237 376 3302 lentiam
393 3237 539 3322 pervenit
565 3257 627 3319 per
656 3233 773 3297 ecelera
805 3257 842 3296 ac
874 3231 1041 3320 sacrilepiu
1065 3229 1272 3316 fratrumque
1290 3253 1369 3296 ‘con-

246 3337 419 3400 cussiones:
443 3333 515 3395 dum
547 3331 668 3420 injurio
700 3329 828 3417 affectos
859 3331 998 3416 decepit,
1025 3329 1216 3415 promittens
1239 3329 1369 3412 quidem

247 3456 311 3497 sese
335 3431 402 3496 illis
426 3440 553 3516 accepta
575 3427 712 3492 mercede
737 3451 823 3514 opem
838 3427 984 3506 laturum,
1000 3425 1126 3513 fallens
1149 3434 1256 3488 autem
1280 3427 1371 3513 ipsas

247 3543 277 3595 et
300 3553 339 3594 erc
355 3527 520 3615 facilitate
545 3526 747 3610 litipantium,
767 3527 821 3611 qui
842 3536 877 3590 ut
899 3526 1021 3612 nepotio
1045 3521 1217 3588 liberentur
1240 3523 1371 3607 quidvis

248 3630 324 3692 dare
342 3627 460 3714 parati
481 3634 562 3701 sunt,
588 3623 706 3686 lucrum
728 3625 852 3686 incaute
876 3633 1023 3710 captans,
1047 3633 1077 3684 et
1094 3621 1248 3706 pietatem
1274 3643 1370 3706 queae-

247 3739 328 3791 stum
352 3747 415 3789 esse
440 3723 634 3786 eaeistimans.
661 3721 770 3806 Neque
793 3720 876 3808 quod
891 3721 986 3806 fastu
1000 3729 1031 3782 ct
1054 3719 1243 3802 arropantia
1267 3739 1371 3804 supra

248 3825 370 3888 modum
398 3821 499 3886 elatus
527 3817 705 3882 saeculares
732 3819 813 3904 perit
840 3818 1025 3906 dignitates,
1049 3825 1079 3878 et
1101 3814 1298 3878 ducenarius
1322 3837 1370 3880 ro·

248 3925 316 3988 cari
342 3909 626 4008 quam'episcopus
652 3915 787 3980 mavult:
813 3917 1000 4002 persarum
1022 3909 1182 4004 mayaifics
1207 3913 1371 3980 incedam.

300 4133 303 4140 ’
323 4133 342 4203 ¹)
361 4131 403 4188 Ex
420 4131 462 4187 his
481 4130 631 4200 colligitur,
650 4133 733 4183 antea
748 4127 805 4197 jam
828 4129 880 4184 duo
899 4129 1018 4187 Ooncilis
1030 4131 1197 4187 Antioohiae
1216 4132 1306 4188 minse
1325 4135 1371 4187 he·

248 4213 313 4276 hits,
331 4212 427 4278 quihus
445 4210 618 4266 firmilianus
634 4207 778 4277 paucam
