2806 4848
249 460 300 512 136
418 459 458 512 De
477 455 622 512 Arianismi
641 457 816 511 decrementis
836 473 868 511 ac
885 457 918 512 de
937 457 1015 512 Cone
1034 459 1183 514 GPtanoL
1279 505 1282 512 ,

247 612 367 684 serunt,
392 601 481 666 haud
505 621 580 665 eum
613 599 747 686 quidem
779 623 914 687 scopum
948 601 1081 666 videtur
1111 602 1274 684 habuisse,
1304 613 1341 675 ut,

248 700 525 787 quemadmodum
557 700 726 784 posteriori
751 709 898 785 tempore
928 700 999 764 fieri
1033 699 1166 783 solebat,
1204 701 1343 766 solemnis

249 799 451 863 confirmatio
482 796 607 881 Synodi
640 805 812 882 peteretur.
858 797 1016 861 Attamen
1049 820 1086 862 eo
1119 799 1287 881 tendebat,
1314 809 1345 862 ut

248 899 395 962 Romano
426 896 578 960 Pontifici
607 905 639 958 et
670 896 831 981 episcopis
863 895 1122 960 occidentalibus
1154 920 1195 962 ea
1218 919 1343 984 expone·

249 1005 370 1076 rentur,
395 1016 479 1081 quac
503 996 537 1058 in
555 992 701 1057 Concilio
725 993 813 1056 facta
836 1003 938 1075 orant,
957 993 1000 1058 ad
1024 993 1234 1080 dissipandas
1257 998 1344 1080 surpi-

250 1095 360 1157 ciones
383 1102 415 1156 et
438 1091 646 1156 concordiam
664 1099 696 1154 et
715 1111 909 1156 consensum
927 1113 1039 1156 eorum
1062 1092 1253 1158 obtinenda.
1275 1093 1345 1158 Pho

249 1193 314 1255 tius
344 1189 467 1270 scribit,
495 1189 587 1253 brevi
611 1197 684 1275 post
714 1188 884 1272 Synodum
919 1211 939 1252 a
968 1189 1113 1254 Damaso
1143 1191 1344 1277 approbatam

250 1289 360 1369 fuisse,
391 1287 491 1373 idque
523 1297 611 1350 certe
635 1288 748 1350 merito
778 1287 983 1372 supponitur,
1016 1297 1179 1373 quatenus
1207 1289 1346 1355 Pontifici

251 1385 444 1472 Symbolum
468 1384 611 1470 fideique
635 1384 791 1469 professio
816 1386 1044 1470 acceptissima
1067 1387 1169 1468 fuere,
1195 1397 1229 1451 et
1251 1397 1346 1473 quate·

251 1506 312 1548 nus
336 1483 533 1548 ordinationi
554 1483 699 1547 Nectarii
724 1484 901 1568 acquievit.
929 1483 996 1546 Ista
1019 1483 1228 1549 confirmatio
1251 1495 1346 1548 tamen

251 1604 316 1646 non
340 1603 374 1645 se
398 1581 596 1646 extendebat
625 1580 667 1644 ad
700 1601 851 1662 canones,
885 1603 991 1666 neque
1022 1581 1065 1645 ad
1088 1582 1348 1666 approbationem

251 1680 466 1745 ordinationis
490 1678 643 1742 Flaviani
667 1679 700 1741 in
725 1679 915 1764 episcopum
926 1677 1184 1763 Antiochenam,
1209 1702 1283 1745 nam
1297 1680 1348 1744 La-

251 1780 311 1842 tini
336 1779 612 1842 continuaverunt
634 1777 876 1840 communicare
901 1797 975 1840 cum
999 1775 1149 1842 Paulino.

132 1897 174 1956 [ιω
216 1911 226 1920 ·
340 1876 392 1940 64.
417 1876 529 1961 Usque
562 1874 604 1938 ad
635 1872 819 1938 Concilium
844 1871 1112 1939 Chalcedonense
1145 1877 1249 1940 etiam
1273 1875 1350 1962 apud

129 1958 204 1987 ''¹⁰¹¹''
252 1974 435 2040 Orientales
459 1971 611 2057 Synodus
645 1970 777 2036 CPtana
810 1971 957 2036 nondum
990 1971 1130 2036 Concilii
1163 1973 1350 2038 universalis

252 2072 421 2137 fruebatur
443 2071 613 2154 dignitate,
638 2070 753 2135 sedin
778 2068 925 2134 Concilio
948 2069 1212 2136 Chalcedonensi
1237 2071 1352 2156 symbo-

252 2171 319 2235 lum
335 2169 504 2234 CPtanum
520 2191 594 2232 cum
612 2169 757 2233 Nicaeno
773 2168 960 2232 solemniter
971 2171 1145 2233 recitatum
1164 2179 1201 2233 et
1220 2191 1351 2255 compro·

252 2268 366 2332 batum
381 2277 437 2348 est,
453 2277 485 2330 et
495 2267 614 2331 exinde
625 2265 808 2332 Orientales
819 2265 1004 2330 Concilium
1016 2265 1189 2332 CPtanum
1200 2267 1352 2332 Iutoeeu-

253 2368 416 2430 menicum
431 2367 466 2429 in
480 2386 600 2448 magna
611 2364 820 2428 veneratione
835 2363 1031 2429 habuerunt.
1055 2363 1121 2428 Sed
1135 2366 1169 2428 in
1183 2365 1351 2431 Occidente

252 2463 332 2528 tales
355 2462 493 2527 honores
516 2464 569 2526 isti
594 2461 726 2546 Synodo
760 2461 939 2526 concedere
971 2462 1175 2526 haesitarunt
1205 2463 1247 2528 ob
1271 2483 1352 2527 cano·

253 2583 311 2626 nes
335 2559 491 2641 conditos,
516 2562 667 2645 quamvis
700 2560 769 2646 ejus
803 2560 934 2624 decreta
963 2560 1040 2625 fidei
1064 2563 1294 2646 acceptissima
1314 2583 1349 2622 es-

253 2667 334 2724 sent.
389 2658 456 2722 Leo
490 2656 566 2744 M.¹)
599 2679 672 2720 eam
705 2657 899 2743 dignitatem
932 2658 1057 2742 synodo
1090 2657 1138 2723 illi
1176 2659 1351 2724 nullatenus¹

252 2757 383 2838 tribuit3
408 2756 553 2840 synodus
567 2757 716 2820 Romana
730 2755 790 2820 sub
802 2756 912 2822 Felice
925 2755 977 2820 ΙΠ
990 2779 1019 2822 a.
1035 2757 1101 2822 485
1116 2760 1152 2821 in
1169 2757 1303 2844 epistola
1315 2755 1349 2818 od

253 2854 387 2920 clericos
402 2866 434 2918 et
443 2854 620 2918 monachos
630 2854 831 2936 orientalesll
841 2863 968 2918 tantum
979 2865 1043 2918 tres
1054 2854 1209 2940 Synodos
1218 2874 1350 2919 oecume-

253 2955 354 3033 nicas,
387 2953 577 3032 Nicaeum,
610 2951 823 3036 Ephesinam,
849 2950 1162 3034 Chalcedoneneem,
1197 2963 1349 3016 recenset:

253 3074 314 3115 nec
338 3050 488 3114 Gelasius
513 3049 719 3137 (tea-496)
742 3051 778 3115 in
801 3072 858 3114 suo
883 3050 1012 3114 decreto
1036 3050 1075 3114 dc
1099 3049 1192 3115 libris
1216 3051 1350 3137 recipien-

254 3149 305 3212 dis
342 3148 440 3234 hujus
480 3146 619 3212 Concilii
644 3149 843 3212 mentionem
872 3149 961 3211 facit.
1020 3147 1086 3213 Sed
1117 3148 1249 3213 saeculo
1271 3157 1350 3210 seam

255 3249 353 3310 ctiam
377 3246 607 3311 Occidentales
630 3247 734 3330 quood
752 3246 836 3330 fidei
862 3247 988 3310 decreto
1011 3246 1146 3330 Synodo
1172 3241 1349 3312 CPtanael

255 3344 385 3408 titulum
409 3353 441 3407 et
465 3343 658 3427 dignitatem
682 3342 821 3408 Concilii
845 3345 1046 3408 oecumenici
1071 3365 1272 3408 concessere.
1314 3340 1350 3402 tlt

255 3442 319 3507 tale
343 3452 530 3507 recensetur
552 3465 571 3505 a
594 3440 811 3505 Pontificibus
840 3441 962 3524 Vigilio
987 3452 1019 3505 et
1040 3441 1175 3525 Pelagio
1199 3441 1244 3523 11,
1267 3461 1304 3504 ac
1323 3437 1349 3502 S.

255 3539 433 3624 Gregorius
457 3539 513 3604 illa
535 3539 635 3604 habet
657 3541 845 3604 notissima:
870 3536 958 3604 Sicut
981 3542 1084 3604 sancti
1097 3539 1268 3626 Evangelii
1288 3557 1349 3622 qud

256 3649 327 3702 taor
350 3637 456 3716 libros,
490 3641 533 3702 sic
565 3647 699 3722 quotuor
734 3635 876 3702 Concilio
904 3638 1059 3722 macipere
1091 3649 1122 3700 et
1150 3637 1294 3700 venerari
1313 3653 1349 3694 me

247 3737 368 3822 fateor.
418 3738 594 3801 Nicocreon
626 3736 759 3814 scilicet,
794 3738 829 3800 ιἰι
860 3757 918 3820 qno
944 3757 1125 3821 pererratam
1147 3735 1223 3799 Arii
1253 3735 1350 3819 dopna

255 3837 442 3915 deomedum
469 3833 852 3922 Constantinopolitanam
875 3856 1002 3920 quoque,
1026 3835 1060 3898 ia
1082 3857 1141 3919 qno
1165 3832 1309 3898 Erraomii
1328 3837 1352 3887 ct

255 3935 438 3999 Macedonii
470 3957 556 3998 error
579 3935 791 4010 concinatam
829 3933 1018 4018 sphetim
1045 3933 1140 3996 etiam
1156 3931 1302 4018 primurn,
1323 3928 1350 3988 iu

254 4055 312 4117 qao
337 4033 482 4097 Nestorii
500 4033 647 4118 impietas
660 4031 843 4121 judicatum
869 4028 1118 4094 Chalcedonam
1141 4051 1224 4107 uero,
1247 4027 1280 4090 ia
1301 4047 1350 4108 qno

253 4131 429 4218 Bittycbetii
451 4131 655 4215 Dioscoriquc
672 4130 822 4216 pravitas
844 4125 1071 4213 reprobatar.³)

254 4251 465 4260 ...n-——u-——n-

329 4293 352 4361 ¹)
372 4291 420 4358 Ep.
443 4292 493 4346 105
512 4290 546 4343 ed
564 4288 737 4343 Pulcheriam.
862 4287 884 4356 ¹)
903 4284 1029 4350 samnio,
1047 4285 1078 4339 T.
1097 4285 1134 4340 IL
1153 4301 1177 4354 p.
1194 4283 1255 4338 set.

327 4371 349 4439 ⁸)
367 4372 398 4424 L.
416 4371 438 4424 I.
457 4385 497 4436 cp.
516 4371 560 4426 25.
579 4399 613 4410 —
632 4368 687 4423 Cir.
706 4367 810 4434 Helela,
829 4367 857 4421 C.
878 4365 909 4420 G.
928 4365 944 4420 l
963 4382 986 4420 a
