2766 4836
439 475 560 530 mones
577 473 754 533 Sardioeuses.
1117 475 1152 532 t?

56 620 121 684 diue
151 621 255 702 seem,
281 619 419 706 ideoque
453 619 496 682 ad
519 637 683 684 summum
706 618 832 706 aliquid
864 623 1025 706 probaret,
1050 619 1151 711 (quod

55 733 150 782 umen
173 717 363 804 negandum
387 739 458 781 esse
481 715 632 801 constat),
655 739 713 802 pro
738 739 816 782 casu
839 721 974 785 canonis
997 719 1057 786 V.“

129 817 182 882 38.
207 814 343 880 Addere
360 814 504 902 juvabit,
529 813 774 878 Gallicanorum
807 825 839 880 et
871 816 1152 882 Febronianorum
1193 819 1289 860 ΒΜ

54 937 182 978 errorem
193 913 273 978 inde
287 911 445 977 radicitus
458 913 657 998 provenisse,
674 912 762 998 quod
781 913 896 978 falsam
911 912 1071 979 haberent
1084 935 1153 978 seu·
1208 879 1275 1006 'dih'

55 1013 178 1076 tendam
202 1012 245 1076 de
268 1012 415 1097 primatu
438 1019 471 1074 et
491 1011 686 1074 auctoritate
709 1011 847 1076 Romani
879 1011 1049 1078 Pontificio
1072 1012 1153 1098 ejus·

54 1131 108 1196 qua
119 1111 154 1175 in
169 1107 394 1174 universalem
408 1107 591 1173 Ecclesiam
602 1107 831 1194 jurisdictione
848 1109 1031 1192 ordinaria3
1055 1119 1153 1196 atquc

54 1229 88 1270 ex
117 1207 179 1272 hoc
211 1208 375 1293 principio
405 1207 503 1270 etiam
537 1203 591 1270 illc
623 1225 712 1270 error
737 1207 807 1293 jam
840 1229 899 1292 per
930 1229 963 1272 se
986 1207 1153 1273 refellitur.

55 1303 173 1370 Etenim
199 1325 276 1369 cum
300 1303 362 1368 hac
385 1301 564 1368 universali
583 1303 816 1390 jurisdictione
836 1327 920 1391 quse
938 1305 1024 1391 juris
1047 1305 1152 1371 divini

54 1417 102 1483 cst,
124 1405 236 1483 etiam,
260 1403 308 1466 uti
332 1411 432 1488 patet,
451 1401 508 1486 jus
531 1400 711 1487 recipiendi
735 1401 970 1488 appellationes
993 1402 1153 1469 cohaeret.

54 1503 204 1588 Apprime
229 1499 271 1564 ad
296 1521 365 1564 rem
390 1497 577 1564 Concilium
609 1499 828 1566 Vaticanum:
873 1501 916 1564 Et
938 1502 1085 1586 moniam
1107 1501 1154 1566 di-

54 1601 114 1665 riao
136 1598 318 1688 apostolici
334 1599 496 1685 prioratus
511 1601 585 1687 jare
617 1600 779 1663 Rooraous
810 1598 961 1685 Pontifec·
992 1600 1155 1664 aniversae

54 1697 204 1762 &desae
229 1707 369 1784 praeest,
400 1695 543 1760 docemus
575 1697 670 1758 etium
701 1707 731 1760 et
762 1696 968 1777 declaramus,
1001 1720 1068 1761 eam
1091 1721 1155 1762 essa

49 1795 177 1882 judicem
200 1815 377 1882 supreme
389 1791 545 1878 fideliam,
569 1804 599 1857 et
621 1794 656 1857 ia
669 1793 810 1858 omnibus
832 1796 936 1858 masis
958 1795 1002 1858 ad
1024 1817 1155 1861 maman

54 1893 288 1958 selemiam
309 1890 522 1980 spectantibus
545 1889 588 1954 ad
610 1892 712 1978 ipsios
730 1915 824 1978 posse
839 1892 997 1981 judiciam
1019 1894 1154 1971 recusem

56 1991 134 2054 dedis
147 2014 222 2055 raro
233 1988 444 2076 Apostolieae,
455 1993 543 2080 cajus
552 1990 738 2054 auctoritate
747 1994 849 2080 major
861 2011 925 2054 aon
939 1990 1155 2078 ost‚judiciam

56 2091 209 2152 sacuam
224 2087 302 2174 fore
324 2087 569 2164 retractandam,
601 2109 697 2173 aeque
727 2089 870 2172 caiqrsam
900 2087 938 2151 dc
966 2093 1033 2178 ejus
1062 2088 1154 2153 licere

52 2187 186 2272 judicare
203 2186 328 2276 yssdscw
336 2182 370 2271 ¹).
418 2183 515 2266 Quod
548 2205 626 2248 vero
653 2205 797 2248 asserere
827 2184 939 2266 solent,
973 2207 1067 2250 usum
1100 2207 1154 2271 ap·

57 2283 231 2366 pollutionis
246 2284 428 2369 antiquitus
450 2283 551 2346 luisse
571 2284 719 2367 ignotum
735 2293 766 2347 et
789 2292 865 2347 aute
888 2282 1055 2348 saeculum
1071 2282 1155 2348 VIlI

58 2403 111 2445 non
133 2381 326 2462 obtinuisse,
350 2378 467 2444 falsum
501 2401 572 2444 esse
594 2387 684 2464 patet
713 2401 753 2444 ex
782 2382 883 2446 variis
906 2378 1065 2465 exemplis
1082 2381 1160 2467 jam,

62 2477 359 2565 commemoratis'),
383 2499 426 2542 ex
458 2479 537 2564 ipsis
561 2477 693 2542 concilii
725 2477 930 2543 Sardicensis
962 2477 1153 2560 canonibus,

59 2576 260 2664 plurimisque
284 2575 552 2662 subsequentium
581 2575 782 2640 saeculorum
812 2575 996 2657 eventibus,
1020 2577 1077 2662 qui
1101 2576 1153 2640 de·

58 2695 141 2739 eursu
164 2675 323 2740 historiae
346 2672 587 2738 ecclesiastieae
610 2684 791 2739 occurrent.

132 2775 187 2840 39.
211 2773 420 2857 Scripserunt
442 2771 555 2834 Patres
587 2769 799 2836 sardicenses
830 2769 928 2835 rebus
960 2770 1061 2834 finitis
1088 2771 1153 2856 epi·
1234 2810 1282 2839 not

59 2869 160 2934 stolsrn
196 2869 239 2935 ad
262 2869 284 2935 J
288 2869 391 2933 ulium
413 2867 550 2954 Papam,
583 2891 648 2954 qua
680 2889 754 2932 eum
789 2868 830 2933 de
862 2869 989 2932 eunctis
1022 2866 1153 2932 concilii

59 2970 129 3032 sctis
159 2969 331 3033 certiorem
363 2965 588 3032 reddiderunt.
634 2965 808 3050 Rogabant
840 2964 916 3030 dein
948 2965 1152 3046 Pontificem,

61 3075 88 3128 ut
107 3067 267 3152 episcopis
282 3063 424 3146 Siciliae,
440 3063 556 3129 Italiae
579 3073 612 3128 et
634 3062 707 3128 aliis
729 3065 784 3150 qui
814 3063 952 3128 concilio
976 3085 1040 3128 non
1058 3065 1153 3127 inter-

60 3163 176 3228 fuerant
198 3162 370 3244 scriberet,
404 3183 445 3227 ne
477 3183 589 3226 eorum
623 3162 678 3248 qui
702 3183 722 3224 a
746 3161 884 3226 concilio
911 3161 1042 3226 tirerant
1065 3160 1153 3225 dnm·

62 3263 116 3324 nati
130 3271 162 3325 et
176 3261 313 3348 depositi
330 3260 636 3325 communicatorias
649 3258 773 3324 litteras
786 3260 983 3344 acciperent.
1006 3257 1154 3324 Alteram

62 3357 215 3442 epistolam
231 3359 432 3444 scripserunt
454 3356 497 3422 ad
520 3355 699 3421 clerumet
722 3355 879 3442 populum
902 3355 1060 3420 ecclesiae
1079 3354 1154 3420 Alo-

62 3453 239 3538 xsudriuae,
264 3466 300 3521 ut
322 3454 472 3541 Gregorii
504 3464 538 3520 et
567 3455 706 3520 aliorum
729 3453 927 3519 Asianorum
955 3455 1154 3518 consortium

63 3553 198 3636 vitantes,
222 3557 257 3620 in
280 3554 510 3620 communione
525 3573 601 3618 cum
615 3551 798 3616 Athanasio
817 3562 850 3616 et
870 3551 1062 3616 orthodoxis
1084 3573 1153 3637 per·

63 3661 243 3716 mererent.
289 3651 436 3716 Tertiam
459 3651 601 3737 denique
620 3650 766 3736 ejusdem
789 3650 857 3714 fere
880 3651 1064 3734 argumenti
1089 3651 1154 3736 epi·

63 3746 163 3812 stolam
186 3749 347 3814 dederunt
368 3748 411 3814 ad
434 3769 546 3814 omnes
569 3749 748 3835 episcopos.

137 3847 189 3912 40.
212 3847 374 3928 Quamvis
407 3848 607 3912 conveniant
643 3855 811 3925 auctores,
854 3843 984 3909 decreta
1022 3843 1153 3908 concilii
1186 3860 1300 3932 eumer

64 3941 251 4010 &misensis
273 3943 315 4010 ab
339 3944 495 4008 universa
508 3942 660 4009 Ecclesia
682 3941 781 4007 fuisse
805 3951 945 4028 recepta,
970 3952 1154 4006 coutrover·
1198 3921 1285 3974 ΒΜ·

65 4049 128 4105 tunt
155 4051 279 4126 umen,
311 4053 416 4107 msa
444 4043 548 4129 ipsam
584 4040 757 4107 Camillam
783 4037 889 4127 fisorit
920 4041 1153 4104 oscameaiaoa.

129 4245 147 4311 ¹)
164 4243 250 4301 ens
268 4245 302 4301 ee
320 4244 390 4302 ner
410 4261 431 4300 ι
451 4201 513 4302 ιιι
601 4243 622 4315 Ι)
641 4243 695 4299 co.
716 4243 831 4302 niusa
849 4245 897 4301 rr.
915 4245 949 4304 u
967 4243 992 4298 s
1011 4244 1153 4312 annno.
