2836 4804
455 461 554 530 Synodi
572 457 719 518 sententia.
1120 469 1173 522 355

142 607 196 671 60.
220 608 336 672 Patres
360 604 502 670 Consilii
525 605 676 670 ultimam
699 629 793 671 suam
809 605 1024 674 Collationem
1048 608 1170 674 habue-

59 715 131 768 runt
154 704 208 768 dia
231 705 280 768 2⁶·
303 705 408 786 lunii,
443 705 478 767 in
511 725 615 791 saque
645 704 890 769 damnationem
913 708 1014 770 trium
1039 705 1174 793 Capita·
1189 703 1334 806 ⁰2⁵‘¹¹¹⁰,'·'¹¹¹

59 801 159 866 lorum
182 801 443 887 promulgarunt.
489 801 572 865 Inde
595 801 637 865 ab
666 803 761 866 initio
785 803 939 867 sessionis
960 801 1174 888 Callonymus
1236 775 1323 807 'm'

61 901 215 965 diaconus
238 909 271 963 et
294 900 420 985 Synodi
454 901 601 964 notarius
633 901 787 964 recitavit
819 900 1039 967 damnationis
1068 903 1176 967 decre·

59 1009 139 1078 tum,
164 997 254 1084 quod
286 997 329 1062 ab
354 996 520 1082 Eutychio
544 996 733 1083 patriarcha
757 1007 789 1062 et
812 1021 832 1061 a
855 997 1027 1065 Theodoro
1052 999 1177 1064 Ascida

61 1097 244 1161 confectum
257 1096 359 1159 fuisse
376 1103 536 1176 censetur,
552 1104 585 1159 et
601 1094 685 1180 stylo
700 1095 844 1180 quodam
862 1095 1067 1182 eloquentiae
1083 1099 1178 1162 tumi-

61 1195 157 1259 dioris
197 1195 420 1279 conscriptum
456 1203 513 1257 est.
569 1192 609 1258 In
646 1192 761 1257 eodem
800 1192 1006 1280 advertentis
1039 1195 1178 1280 dignum

60 1302 113 1370 est,
137 1314 204 1378 qua
227 1293 356 1356 ratione
380 1290 421 1355 de
444 1289 559 1376 Vigilii
584 1292 667 1354 actis
695 1299 727 1354 ot
757 1289 964 1357 abstentione
989 1293 1178 1360 disseratur.

10 1447 11 1450 ,
62 1389 324 1454 Commemorato
348 1390 457 1452 officio
487 1389 650 1475 episcopis
679 1388 900 1471 incumbente,
925 1401 962 1454 ut
985 1389 1091 1456 seduli
1115 1392 1181 1456 sint

63 1491 93 1551 in
115 1487 301 1552 orthodoxa
324 1487 391 1550 fide
415 1495 448 1550 et
471 1486 620 1551 doctrina
645 1485 877 1551 custodienda:
905 1485 1061 1561 Quoniam
1084 1492 1181 1576 ipitur

10 1655 11 1682 ,
63 1585 250 1664 videbamus,
275 1587 440 1671 inquiunt,
466 1585 549 1670 qrsod
564 1584 709 1648 Nestorii
732 1607 877 1670 sequaces
900 1589 1007 1651 cariati
1030 1599 1102 1652 ment
1118 1611 1182 1674 per

10 1695 11 1774 t
68 1685 259 1748 Theodorum
281 1685 411 1769 impium
435 1684 489 1768 qni
504 1683 718 1768 Mopsuestiae
742 1683 808 1762 fuit
831 1686 1004 1770 episcopus,
1029 1695 1058 1748 et
1081 1686 1181 1770 impia
1247 1747 1258 1765 ,

62 1787 124 1870 ajars
148 1783 341 1867 conscripta,
375 1791 405 1845 et
437 1783 566 1866 insuper
583 1803 645 1866 per
677 1803 716 1844 ea
748 1804 826 1867 quae
849 1783 944 1868 impie
972 1783 1183 1847 Tleodoretns

10 1863 12 1920 l
62 1881 255 1965 consmipsit,
280 1889 310 1942 et
327 1903 389 1964 pay·
412 1878 577 1964 epistolam
610 1877 794 1942 sceleratam
817 1903 895 1966 qnae
920 1881 959 1944 ab
984 1881 1042 1944 Iba
1066 1881 1184 1944 dicitnr

10 1999 12 2126 p
62 1979 102 2040 od
125 1978 248 2040 Mar-im
271 1978 400 2040 Persam
423 1978 544 2062 scripta
567 1999 642 2053 esse,
667 1999 756 2040 msam
778 1979 970 2062 impietatem
992 1981 1056 2042 Dei
1078 1979 1183 2042 Eccle-

10 2129 11 2160 ,
62 2078 125 2139 siae
149 2075 338 2163 applicare:
361 2075 432 2138 ideo
457 2075 500 2138 ad
514 2095 618 2138 eorum
634 2099 713 2160 qnae
729 2075 931 2139 mouebantur
954 2076 1183 2153 correctionem,

10 2175 11 2214 ἓ
62 2175 267 2250 surreximus,
293 2184 402 2258 cipro
427 2173 490 2235 Dei
521 2170 680 2235 voluntate
714 2183 743 2236 et
758 2175 902 2262 jussione
920 2175 1063 2260 piissimi
1086 2175 1184 2262 Impe-

63 2274 179 2336 ratoris
202 2273 308 2356 vocati
330 2271 374 2333 ad
396 2271 475 2333 lanc
506 2271 625 2354 rapiam
657 2269 762 2334 urbem
793 2274 998 2335 con-venimus.
1046 2273 1088 2335 Et
1111 2275 1185 2358 quio

65 2371 205 2455 emtipit,
230 2367 378 2454 Vipilinm
399 2367 713 2452 relipiosissimnmin
735 2369 793 2432 bac
815 2372 904 2455 repia
926 2370 999 2433 urle
1024 2371 1133 2454 depere
1158 2381 1187 2432 et

64 2491 129 2530 cnm
163 2466 307 2530 omnibus
339 2469 487 2530 interesse
520 2467 640 2543 debore,
672 2478 701 2530 et
724 2489 803 2552 qaae
832 2468 879 2530 leis
904 2468 1002 2532 tribres
1030 2466 1187 2554 Capitulis

67 2577 148 2629 mota
182 2575 266 2642 sunt,
301 2575 364 2628 tam
391 2565 458 2628 sine
490 2565 619 2650 scriptis
651 2587 744 2650 qaam
775 2567 808 2628 in
840 2566 967 2651 scriptis
999 2587 1037 2628 ea
1061 2567 1188 2651 saepius

10 2729 11 2748 ,
65 2664 306 2728 condemnasse:
339 2671 450 2748 postea
482 2674 586 2726 tamem
610 2673 640 2725 et
663 2664 817 2726 consensit
840 2664 876 2725 in
899 2664 1026 2748 scriptis
1048 2664 1082 2726 in
1110 2661 1187 2726 Con-

10 2755 11 2850 l
65 2762 136 2825 cilio
162 2764 337 2838 convenire,
362 2771 392 2824 et
415 2761 591 2846 disceptare
611 2783 675 2823 ana
698 2760 857 2823 nobiscum
880 2759 918 2822 de
942 2761 989 2822 tis
1013 2760 1112 2822 tribus
1130 2757 1187 2822 Cu·

10 2857 11 2868 ¹
62 2857 188 2944 pritrelis,
213 2869 249 2922 nt
271 2859 412 2942 definitio
436 2860 636 2922 commu-niter
659 2858 699 2921 ab
722 2857 864 2920 omnibus
886 2857 977 2920 nolis
994 2857 1189 2942 praebeatur·

57 2957 139 3038 fidei
161 2965 267 3020 rectae
296 2958 498 3020 conveniens:
521 2957 687 3042 piissimus
717 2957 893 3042 imperator
916 2956 1083 3018 secundum
1106 2955 1189 3040 qaod

68 3058 150 3118 inter
173 3075 232 3117 nos
252 3054 385 3140 placuit,
411 3065 474 3117 tam
497 3056 599 3136 ipsum
622 3077 715 3139 qnam
746 3077 804 3117 nos
825 3055 968 3117 tortores
991 3064 1036 3116 est
1059 3075 1189 3115 commn-

68 3155 150 3216 niter
173 3155 347 3229 conuenire,
372 3173 406 3214 eo
439 3153 520 3236 qnod
553 3152 729 3216 sacerdotes
758 3151 843 3214 decet
865 3151 1075 3214 communibus
1098 3174 1189 3236 qliae-

66 3251 224 3314 stionibus
237 3250 335 3332 finem
358 3251 525 3336 imponere.
578 3249 666 3314 Unde
696 3251 871 3313 necessario
896 3249 1066 3335 petivimus
1089 3251 1191 3334 ipsius

10 3383 11 3396 ι
69 3349 299 3425 Reverentiam,
312 3349 449 3433 scriptas
472 3371 547 3411 sacas
564 3349 791 3433 promissiones
818 3345 991 3432 adimplere
997 3369 1009 3424 ‚·
1031 3370 1086 3409 nec
1109 3349 1188 3409 enim

60 3452 185 3535 jisstum
210 3467 284 3524 esse,
319 3445 455 3531 amplius
487 3444 672 3509 scandalum
697 3467 761 3531 pro
795 3445 895 3508 tribus
927 3445 998 3507 istis
1034 3442 1191 3530 Capitulis

69 3565 204 3608 crescere
228 3553 258 3606 et
280 3544 344 3607 Dei
366 3544 539 3606 Ecclesiam
563 3543 754 3606 conturbari.
786 3581 829 3589 -
853 3542 1036 3627 Exponunt
1059 3541 1190 3606 deinde.

10 3647 11 3688 ³
70 3639 237 3726 quomodo
271 3641 520 3727 quaestionibus
556 3643 677 3704 exortis
710 3663 768 3724 per
803 3651 934 3703 mutuas
969 3640 1191 3703 discussiones

10 3775 11 3816 3
70 3741 193 3803 veritas
218 3738 407 3825 quaerenda
431 3741 481 3802 sit.
514 3777 558 3786 —
594 3737 669 3803 Cnm
700 3750 813 3817 antem,
838 3747 988 3822 pergunt,
1014 3739 1140 3824 saepias
1163 3749 1193 3801 et

70 3861 90 3900 a
112 3839 206 3902 nobis
230 3837 370 3900 omnibns
392 3839 555 3915 inuitatus,
580 3849 610 3900 et
627 3839 757 3924 insuper
779 3836 1012 3922 plorioslssimis
1029 3835 1193 3924 judicibus

72 3939 176 4000 missis
200 3936 362 4021 adipsum
378 3959 398 3998 a
405 3937 553 4021 piissimo
576 3936 777 4021 imperatore,
788 3936 940 4021 promisit
948 3957 1011 4021 per
1034 3957 1065 3998 se
1088 3935 1193 4019 ipsum

70 4034 109 4098 de
135 4034 248 4097 iisdem
281 4032 381 4096 tribus
408 4031 565 4118 Capitulis
597 4035 783 4097 sententiam
798 4031 909 4117 ferre:
946 4033 1123 4122 hujusmodi
1145 4055 1191 4093 re·

72 4155 188 4218 sponso
214 4132 335 4207 andito,
360 4131 507 4216 Apostoli
529 4153 586 4195 nos
610 4131 839 4194 admonitiones
863 4132 898 4193 in
921 4130 1012 4193 corde
1036 4129 1191 4196 babentes.

72 4229 471 4314 qnodunmqaisqnepro
494 4231 702 4292 serationem
733 4228 845 4292 reddet
867 4229 945 4292 Deo.
980 4275 987 4291 .
1017 4275 1024 4290 .
1063 4223 1195 4313 Conpre-

1045 4333 1095 4386 23*
