2806 4848
364 469 555 539 episcoporum
572 471 681 526 litterae
698 471 847 538 modicae.
1106 479 1156 532 131
1230 544 1232 550 y

71 625 229 702 rornsptam
251 635 418 678 servamus.
443 664 450 678 .
477 664 514 679 ..
545 616 587 679 Et
609 615 694 699 fides
726 617 849 702 quidem
881 641 958 704 qnae
981 633 1158 686 constanter

70 709 303 796 (innocentior,
327 713 395 776 sine
418 723 513 790 nnus,
536 712 706 799 intrepide)
730 737 751 776 a
773 714 862 778 nobis
879 718 1099 802 praedicatur,
1122 724 1157 784 in

68 833 165 874 sanna
194 813 240 876 sic
272 835 303 875 se
326 811 416 874 tabee
438 809 492 898 (τὰ
512 809 570 894 μὲν
602 808 656 874 οὓν
678 810 758 874 κατὰ
789 811 845 898 τὴν
867 807 979 878 ns'cro
1000 815 1057 904 τὴν
1078 814 1157 902 παρ’

69 907 135 994 ἱμῶν
164 906 394 984 ἀνυποστόλως
415 907 642 995 capescendam
679 907 722 984 (ὃς
754 907 788 971 ἕν
802 907 965 996 κεφαλαίῳ
998 915 1154 1002 τοιαῦτα).

68 1009 105 1070 Er
124 1031 183 1093 pan
212 1013 361 1097 nsajorem
388 1007 488 1070 adhuc
513 1006 703 1092 voluptatem
733 1009 819 1076 vob-is
846 1033 955 1093 capere
983 1011 1100 1093 licebit,
1128 1016 1157 1076 si

66 1117 87 1168 rt
105 1106 239 1170 libellam
248 1105 432 1168 Antiochiae
455 1105 612 1168 conditam
634 1129 655 1167 a
677 1106 795 1192 synodo
819 1107 979 1190 quasillis
1002 1109 1157 1174 cennaco

65 1217 98 1266 nt
117 1203 214 1291 apere
251 1193 443 1289 dipacmini,¹
456 1213 485 1266 ct
520 1201 610 1266 illam
639 1205 693 1289 qni
716 1205 874 1290 superiore
901 1229 983 1268 anno
1007 1218 1053 1270 est
1079 1205 1155 1271 Con·

16 1382 20 1393 .
65 1301 257 1390 smndnopoli
280 1301 320 1365 ab
343 1302 537 1364 semonnico
556 1299 692 1387 Syncdo.
717 1339 759 1348 -—·
782 1300 929 1366 Libellus
947 1303 1002 1366 hio
1025 1303 1157 1369 videtur

17 1404 20 1417 '
64 1401 144 1464 fuisse
177 1399 340 1486 expositio
370 1407 524 1462 accurata
555 1399 642 1479 fidei,
668 1399 761 1484 cujus
788 1409 864 1484 pars
887 1403 1064 1487 praecipua
1087 1412 1156 1466 erat

65 1501 153 1582 ipsum
187 1496 392 1582 Symbolum.
427 1535 469 1544 -
501 1496 590 1560 Dein
624 1517 699 1560 suas
732 1498 904 1562 vindicant
927 1499 1155 1585 dispositiones

63 1595 153 1680 quoad
178 1595 496 1660 administrationem
517 1593 737 1676 ecclesiarum,
762 1595 958 1680 studentque
981 1619 1023 1660 ex
1046 1598 1155 1685 aliquo

63 1715 173 1759 renone
195 1693 343 1758 Nicaeae
368 1702 399 1754 et
422 1713 463 1754 ex
487 1692 662 1778 disciplina
685 1694 817 1776 vigente
840 1693 1020 1776 ostendere,
1045 1699 1155 1760 omnia

62 1795 205 1856 canonice
229 1800 363 1877 paracta
391 1791 501 1854 fuisse.
551 1789 679 1869 Quibus,
711 1789 868 1872 scribunt,
893 1800 1041 1876 mnqnam
1064 1817 1154 1858 canc-

61 1893 113 1954 niee
143 1915 182 1956 uc
209 1890 344 1976 lepitimc
371 1887 459 1974 opud
484 1910 542 1951 nos
568 1889 758 1966 cantitata,
781 1900 913 1952 uestram
935 1912 1051 1974 quoqne
1073 1914 1154 1956 rese·

60 1991 181 2052 rmtiom
206 1986 365 2072 pensiori
393 1987 561 2062 hortamur,
600 1987 804 2050 intercedente
838 1987 981 2072 spiritali
1011 1991 1153 2068 caritate,

59 2097 82 2148 ct
101 2087 229 2150 Deretini
252 2087 360 2147 &more
384 2107 500 2146 ornnem
523 2083 646 2169 quidem
672 2085 837 2148 humanum
860 2083 1002 2170 affectum
1025 2090 1153 2173 compri-

60 2195 153 2262 neno,
183 2183 383 2247 ecclesiaram
411 2192 513 2244 antem
544 2181 791 2264 aedificationem
817 2184 965 2268 privatae
996 2209 1069 2270 erpa
1091 2187 1153 2248 ein·

57 2278 134 2363 palos
156 2279 386 2346 benevolentiae
409 2291 438 2342 et
459 2281 582 2366 protioe
599 2278 818 2365 proponam).

133 2381 189 2444 57.
213 2378 426 2443 Manifestum
450 2387 508 2454 est,
526 2379 694 2462 episcopos
714 2399 752 2440 ea
776 2399 859 2463 quae
883 2376 982 2442 fidem
1006 2389 1155 2465 spectant
1175 2397 1306 2470 ascenditur

57 2475 201 2542 habuisse
224 2487 261 2540 ut
284 2475 420 2540 indubie
445 2495 587 2539 consona
616 2497 691 2538 cum
719 2475 784 2540 lide
808 2475 998 2542 orthodoxa.
1044 2477 1154 2563 Atque
1193 2459 1289 2509 Μ’·

58 2575 109 2639 hac
140 2579 176 2640 in
209 2597 244 2640 re
276 2574 358 2638 nihil
391 2573 483 2638 aliud
506 2575 569 2659 ipsi
602 2574 757 2656 fecesant,
782 2576 845 2638 nisi
870 2576 952 2638 tueri
977 2575 1075 2639 fidem
1099 2577 1153 2640 Ni·

57 2696 183 2739 caenam
213 2683 246 2736 et
277 2673 413 2758 rejicere
446 2671 818 2754 Pneumatomachorum
851 2672 1031 2754 haeresim,
1069 2695 1153 2759 quae

56 2775 144 2836 etism
168 2795 189 2836 a
212 2773 355 2836 Damaso
380 2771 540 2834 Pontifioa
557 2770 628 2855 jam
651 2770 773 2855 rejecta
796 2781 874 2834 arat.
920 2771 1030 2850 Quum
1054 2773 1154 2854 igitur

56 2891 254 2934 communem
277 2868 377 2932 fidem
400 2867 536 2953 professi
560 2877 681 2948 essent,
707 2867 747 2931 da
771 2867 980 2932 damnatione
1004 2870 1152 2933 Macedo-

55 2967 219 3030 nianorum
243 2987 301 3052 per
324 2967 505 3031 Damasum
527 2966 622 3031 Pont.
650 2966 720 3050 jam
755 2975 925 3046 constaret,
950 2967 1066 3050 stipsi
1090 2969 1153 3031 ista

55 3065 81 3126 in
104 3085 139 3128 re
173 3065 315 3128 Damaso
349 3064 530 3128 conformes
560 3073 677 3144 essent,
710 3061 800 3126 haud
831 3062 986 3126 videntur
1009 3064 1086 3128 inde
1109 3064 1151 3129 ab

7 3185 8 3190 ¹
54 3163 140 3226 initio
160 3164 194 3228 in
217 3165 326 3228 animo
351 3160 513 3243 habuisse,
538 3171 574 3223 ut
593 3161 872 3224 confirmationem
888 3161 1025 3226 Romani
1044 3161 1152 3226 Ponti-

7 3247 8 3282 l
53 3260 117 3324 licis
141 3270 298 3346 peterent.
345 3261 414 3324 Nec
444 3259 616 3344 Synodum
647 3260 757 3322 stricto
788 3279 884 3321 sensu
908 3259 1095 3322 habuerunt
1117 3271 1151 3323 ut

52 3362 302 3440 aecumenicam,
327 3357 502 3444 quietalis
526 3356 698 3422 manifeste
722 3377 786 3420 non
810 3366 896 3438 erat3
933 3357 990 3420 sed
1015 3358 1092 3421 dum
1117 3359 1151 3423 in

51 3455 183 3540 epistole
206 3459 251 3520 ita
274 3478 346 3520 eam
372 3455 525 3541 apellant,
549 3454 605 3519 illa
622 3476 688 3517 vox
712 3455 905 3517 oecumenica
926 3454 1031 3519 latiori
1056 3478 1151 3519 sensu

52 3553 232 3636 adhibetur,
263 3556 310 3617 uti
339 3555 438 3618 etiam
473 3556 507 3617 in
531 3553 712 3618 Occidente
743 3573 863 3634 magna
887 3551 1044 3634 Consilia,
1069 3577 1096 3618 e.
1119 3577 1150 3638 g.

50 3652 196 3738 Africae,
225 3651 379 3740 plenaria
406 3663 439 3716 et
466 3649 629 3736 pcnerolio
659 3651 725 3714 dici
758 3648 915 3713 solebant.
961 3687 1004 3696 -
1048 3651 1088 3714 ln
1112 3652 1152 3715 iis

50 3771 132 3832 quae
149 3771 205 3834 pro
221 3750 504 3815 administratione
524 3747 735 3812 ecclesiarum
759 3755 953 3830 statuerant,
970 3749 1151 3813 secundum

50 3849 193 3911 strictam
222 3847 428 3933 disciplinam
462 3846 652 3912 debuissent
687 3843 950 3910 Occidentalium
988 3857 1151 3910 consortes

50 3945 171 4010 habere
192 3948 377 4027 sententias,
401 3945 458 4010 sed
487 3967 529 4008 ex
559 3943 688 4008 turbato
712 3965 820 4007 rerum
844 3951 929 4006 statu
953 3954 984 4006 et
1007 3943 1151 4008 humana

49 4043 192 4130 quadam
223 4044 386 4108 simultate
416 4042 511 4107 facile
544 4041 750 4126 intelligitur,
776 4040 864 4125 quod
891 4063 947 4104 suo
973 4042 1076 4106 Marte
1098 4065 1150 4106 res

122 4247 144 4320 ι)
164 4249 210 4318 Δρ.
227 4247 361 4302 stbeum
380 4247 443 4301 Coll.
463 4247 542 4302 Cone.
560 4247 589 4299 T.
609 4245 645 4300 ΙΙ.
663 4246 710 4298 col.
730 4247 782 4300 960
799 4261 854 4312 sqq.

1011 4336 1042 4388 9*
