<?xml version="1.0" encoding="UTF-8"?>
<!DOCTYPE html PUBLIC "-//W3C//DTD XHTML 1.0 Transitional//EN"
    "http://www.w3.org/TR/xhtml1/DTD/xhtml1-transitional.dtd">
<html xmlns="http://www.w3.org/1999/xhtml" xml:lang="en" lang="en">
 <head>
  <title>
</title>
<meta http-equiv="Content-Type" content="text/html;charset=utf-8" />
  <meta name='ocr-system' content='tesseract 3.04.00' />
  <meta name='ocr-capabilities' content='ocr_page ocr_carea ocr_par ocr_line ocrx_word'/>
</head>
<body>
  <div class='ocr_page' id='page_1' title='image "./dissertationess02junggoog_0516.png"; bbox 0 0 2766 4836; ppageno 0'>
   <div class='ocr_carea' id='block_1_1' title="bbox 379 483 1151 544">
    <p class='ocr_par' dir='ltr' id='par_1_1' title="bbox 379 483 1151 544">
     <span class='ocr_line' id='line_1_1' title="bbox 379 483 1151 544; baseline 0.019 -8"><span class='ocrx_word' id='word_1_1' title='bbox 379 483 504 542; x_wconf 72' lang='lat' dir='ltr'><strong>nornen</strong></span> <span class='ocrx_word' id='word_1_2' title='bbox 521 485 673 540; x_wconf 78' lang='lat' dir='ltr'><strong>Sirmiersis</strong></span> <span class='ocrx_word' id='word_1_3' title='bbox 691 489 814 544; x_wconf 78' lang='lat' dir='ltr'><strong>secunda</strong></span> <span class='ocrx_word' id='word_1_4' title='bbox 1116 491 1151 541; x_wconf 85' lang='lat'><strong>39</strong></span> 
     </span>
    </p>
   </div>
   <div class='ocr_carea' id='block_1_2' title="bbox 46 625 1161 3660">
    <p class='ocr_par' dir='ltr' id='par_1_2' title="bbox 46 625 1161 3660">
     <span class='ocr_line' id='line_1_2' title="bbox 57 625 1151 718; baseline 0.004 -26"><span class='ocrx_word' id='word_1_5' title='bbox 57 625 172 710; x_wconf 85' lang='lat' dir='ltr'><strong>quando</strong></span> <span class='ocrx_word' id='word_1_6' title='bbox 196 625 320 692; x_wconf 85' lang='lat' dir='ltr'><strong>ibidem</strong></span> <span class='ocrx_word' id='word_1_7' title='bbox 344 649 372 692; x_wconf 88' lang='lat' dir='ltr'><strong>a.</strong></span> <span class='ocrx_word' id='word_1_8' title='bbox 396 627 461 694; x_wconf 83' lang='lat'><strong>358</strong></span> <span class='ocrx_word' id='word_1_9' title='bbox 491 629 613 696; x_wconf 88' lang='lat' dir='ltr'><strong>librum</strong></span> <span class='ocrx_word' id='word_1_10' title='bbox 646 632 695 696; x_wconf 87' lang='lat' dir='ltr'><strong>De</strong></span> <span class='ocrx_word' id='word_1_11' title='bbox 719 631 856 718; x_wconf 79' lang='lat' dir='ltr'><strong>Synodis</strong></span> <span class='ocrx_word' id='word_1_12' title='bbox 888 633 1028 717; x_wconf 80' lang='lat' dir='ltr'><strong>scripsit,</strong></span> <span class='ocrx_word' id='word_1_13' title='bbox 1062 631 1151 696; x_wconf 89' lang='lat' dir='ltr'><strong>haud</strong></span> 
     </span>
     <span class='ocr_line' id='line_1_3' title="bbox 56 725 1151 815; baseline 0.005 -29"><span class='ocrx_word' id='word_1_14' title='bbox 56 743 89 786; x_wconf 84' lang='lat' dir='ltr'><strong>ex</strong></span> <span class='ocrx_word' id='word_1_15' title='bbox 108 735 257 790; x_wconf 82' lang='lat' dir='ltr'><strong>accurate</strong></span> <span class='ocrx_word' id='word_1_16' title='bbox 281 725 428 792; x_wconf 87' lang='lat' dir='ltr'><strong>instituto</strong></span> <span class='ocrx_word' id='word_1_17' title='bbox 452 730 604 792; x_wconf 82' lang='lat' dir='ltr'><strong>examine</strong></span> <span class='ocrx_word' id='word_1_18' title='bbox 633 753 684 794; x_wconf 86' lang='lat' dir='ltr'><strong>res</strong></span> <span class='ocrx_word' id='word_1_19' title='bbox 714 751 808 794; x_wconf 88' lang='lat' dir='ltr'><strong>nosse</strong></span> <span class='ocrx_word' id='word_1_20' title='bbox 832 730 947 815; x_wconf 88' lang='lat' dir='ltr'><strong>potuit.</strong></span> <span class='ocrx_word' id='word_1_21' title='bbox 994 729 1027 794; x_wconf 86' lang='lat' dir='ltr'><strong>S.</strong></span> <span class='ocrx_word' id='word_1_22' title='bbox 1050 728 1151 794; x_wconf 84' lang='lat' dir='ltr'><strong>Phoe·</strong></span> 
     </span>
     <span class='ocr_line' id='line_1_4' title="bbox 56 820 1152 914; baseline 0.005 -30"><span class='ocrx_word' id='word_1_23' title='bbox 56 820 158 886; x_wconf 87' lang='lat' dir='ltr'><strong>badius</strong></span> <span class='ocrx_word' id='word_1_24' title='bbox 190 824 363 909; x_wconf 85' lang='lat' dir='ltr'><strong>episcopus</strong></span> <span class='ocrx_word' id='word_1_25' title='bbox 395 823 608 909; x_wconf 84' lang='lat' dir='ltr'><strong>Aginnensis,</strong></span> <span class='ocrx_word' id='word_1_26' title='bbox 640 849 835 914; x_wconf 79' lang='lat' dir='ltr'><strong>oppugnans</strong></span> <span class='ocrx_word' id='word_1_27' title='bbox 865 826 954 890; x_wconf 89' lang='lat' dir='ltr'><strong>illam</strong></span> <span class='ocrx_word' id='word_1_28' title='bbox 978 825 1152 890; x_wconf 83' lang='lat' dir='ltr'><strong>formulam</strong></span> 
     </span>
     <span class='ocr_line' id='line_1_5' title="bbox 53 919 1152 1008; baseline 0.006 -27"><span class='ocrx_word' id='word_1_29' title='bbox 53 919 219 986; x_wconf 86' lang='lat' dir='ltr'><strong>secundam</strong></span> <span class='ocrx_word' id='word_1_30' title='bbox 235 920 454 988; x_wconf 77' lang='lat' dir='ltr'><strong>,sirmiensem</strong></span> <span class='ocrx_word' id='word_1_31' title='bbox 485 923 607 990; x_wconf 90' lang='lat' dir='ltr'><strong>librum</strong></span> <span class='ocrx_word' id='word_1_32' title='bbox 631 937 744 990; x_wconf 87' lang='lat' dir='ltr'><strong>contra</strong></span> <span class='ocrx_word' id='word_1_33' title='bbox 764 923 905 990; x_wconf 84' lang='lat' dir='ltr'><strong>Arianos</strong></span> <span class='ocrx_word' id='word_1_34' title='bbox 935 925 1074 1008; x_wconf 81' lang='lat' dir='ltr'><strong>scripsit,</strong></span> <span class='ocrx_word' id='word_1_35' title='bbox 1099 922 1152 988; x_wconf 86' lang='lat' dir='ltr'><strong>vel</strong></span> 
     </span>
     <span class='ocr_line' id='line_1_6' title="bbox 49 1017 1154 1110; baseline 0.003 -30"><span class='ocrx_word' id='word_1_36' title='bbox 49 1017 108 1100; x_wconf 80' lang='lat' dir='ltr'><strong>jam</strong></span> <span class='ocrx_word' id='word_1_37' title='bbox 137 1040 225 1086; x_wconf 80' lang='lat' dir='ltr'><strong>anno</strong></span> <span class='ocrx_word' id='word_1_38' title='bbox 258 1020 322 1088; x_wconf 74' lang='lat'><strong>357</strong></span> <span class='ocrx_word' id='word_1_39' title='bbox 356 1031 497 1088; x_wconf 88' lang='lat' dir='ltr'><strong>exeunte</strong></span> <span class='ocrx_word' id='word_1_40' title='bbox 530 1023 582 1088; x_wconf 82' lang='lat' dir='ltr'><strong>vel</strong></span> <span class='ocrx_word' id='word_1_41' title='bbox 615 1047 645 1088; x_wconf 89' lang='lat' dir='ltr'><strong>a.</strong></span> <span class='ocrx_word' id='word_1_42' title='bbox 678 1025 744 1088; x_wconf 80' lang='lat'><strong>358</strong></span> <span class='ocrx_word' id='word_1_43' title='bbox 777 1021 867 1110; x_wconf 87' lang='lat' dir='ltr'><strong>(ante</strong></span> <span class='ocrx_word' id='word_1_44' title='bbox 891 1019 1088 1107; x_wconf 83' lang='lat' dir='ltr'><strong>Hilarium)3</strong></span> <span class='ocrx_word' id='word_1_45' title='bbox 1121 1030 1154 1084; x_wconf 89' lang='lat' dir='ltr'><strong>et</strong></span> 
     </span>
     <span class='ocr_line' id='line_1_7' title="bbox 53 1113 1152 1198; baseline 0.005 -21"><span class='ocrx_word' id='word_1_46' title='bbox 53 1113 125 1178; x_wconf 87' lang='lat' dir='ltr'><strong>inter</strong></span> <span class='ocrx_word' id='word_1_47' title='bbox 154 1127 306 1182; x_wconf 79' lang='lat' dir='ltr'><strong>auctores</strong></span> <span class='ocrx_word' id='word_1_48' title='bbox 337 1119 497 1184; x_wconf 85' lang='lat' dir='ltr'><strong>formulae</strong></span> <span class='ocrx_word' id='word_1_49' title='bbox 529 1142 595 1186; x_wconf 90' lang='lat' dir='ltr'><strong>non</strong></span> <span class='ocrx_word' id='word_1_50' title='bbox 626 1131 776 1186; x_wconf 83' lang='lat' dir='ltr'><strong>recenset</strong></span> <span class='ocrx_word' id='word_1_51' title='bbox 803 1121 953 1198; x_wconf 87' lang='lat' dir='ltr'><strong>Hosium,</strong></span> <span class='ocrx_word' id='word_1_52' title='bbox 978 1119 1035 1183; x_wconf 88' lang='lat' dir='ltr'><strong>sed</strong></span> <span class='ocrx_word' id='word_1_53' title='bbox 1058 1119 1152 1182; x_wconf 91' lang='lat' dir='ltr'><strong>Pota·</strong></span> 
     </span>
     <span class='ocr_line' id='line_1_8' title="bbox 53 1213 1152 1307; baseline 0.005 -33"><span class='ocrx_word' id='word_1_54' title='bbox 53 1214 107 1276; x_wconf 88' lang='lat' dir='ltr'><strong>nio</strong></span> <span class='ocrx_word' id='word_1_55' title='bbox 123 1213 239 1299; x_wconf 87' lang='lat' dir='ltr'><strong>jungit</strong></span> <span class='ocrx_word' id='word_1_56' title='bbox 260 1216 435 1282; x_wconf 79' lang='lat' dir='ltr'><strong>Valentem</strong></span> <span class='ocrx_word' id='word_1_57' title='bbox 468 1228 501 1282; x_wconf 89' lang='lat' dir='ltr'><strong>et</strong></span> <span class='ocrx_word' id='word_1_58' title='bbox 524 1219 697 1287; x_wconf 83' lang='lat' dir='ltr'><strong>Ursacium</strong></span> <span class='ocrx_word' id='word_1_59' title='bbox 727 1218 797 1307; x_wconf 89' lang='lat' dir='ltr'><strong>(un.</strong></span> <span class='ocrx_word' id='word_1_60' title='bbox 830 1217 890 1284; x_wconf 83' lang='grc' dir='ltr'><strong>ΠΙ,</strong></span> <span class='ocrx_word' id='word_1_61' title='bbox 923 1217 978 1304; x_wconf 83' lang='lat' dir='ltr'><strong>V).</strong></span> <span class='ocrx_word' id='word_1_62' title='bbox 1025 1217 1064 1282; x_wconf 92' lang='lat' dir='ltr'><strong>In</strong></span> <span class='ocrx_word' id='word_1_63' title='bbox 1087 1215 1152 1280; x_wconf 89' lang='lat' dir='ltr'><strong>fine</strong></span> 
     </span>
     <span class='ocr_line' id='line_1_9' title="bbox 51 1309 1155 1401; baseline 0.005 -28"><span class='ocrx_word' id='word_1_64' title='bbox 51 1309 114 1376; x_wconf 89' lang='lat' dir='ltr'><strong>libri</strong></span> <span class='ocrx_word' id='word_1_65' title='bbox 136 1322 248 1378; x_wconf 87' lang='lat' dir='ltr'><strong>autem</strong></span> <span class='ocrx_word' id='word_1_66' title='bbox 272 1313 403 1379; x_wconf 77' lang='lat' dir='ltr'><strong>scribit:</strong></span> <span class='ocrx_word' id='word_1_67' title='bbox 428 1315 492 1382; x_wconf 83' lang='lat' dir='ltr'><strong>Sed</strong></span> <span class='ocrx_word' id='word_1_68' title='bbox 513 1339 578 1382; x_wconf 88' lang='lat' dir='ltr'><strong>non</strong></span> <span class='ocrx_word' id='word_1_69' title='bbox 600 1341 667 1382; x_wconf 75' lang='lat' dir='ltr'><strong>nem</strong></span> <span class='ocrx_word' id='word_1_70' title='bbox 688 1319 821 1400; x_wconf 72' lang='lat' dir='ltr'><strong>meaios,</strong></span> <span class='ocrx_word' id='word_1_71' title='bbox 842 1365 850 1380; x_wconf 92' lang='lat'><strong>.</strong></span> <span class='ocrx_word' id='word_1_72' title='bbox 875 1365 882 1380; x_wconf 88' lang='lat'>.</span> <span class='ocrx_word' id='word_1_73' title='bbox 909 1366 916 1380; x_wconf 94' lang='lat'><strong>.</strong></span> <span class='ocrx_word' id='word_1_74' title='bbox 942 1315 1155 1401; x_wconf 72' lang='lat' dir='ltr'><strong>antiquissimi</strong></span> 
     </span>
     <span class='ocr_line' id='line_1_10' title="bbox 51 1411 1153 1502; baseline 0.003 -30"><span class='ocrx_word' id='word_1_75' title='bbox 51 1411 212 1475; x_wconf 67' lang='lat' dir='ltr'><strong>mamas</strong></span> <span class='ocrx_word' id='word_1_76' title='bbox 235 1423 266 1476; x_wconf 87' lang='lat' dir='ltr'><strong>et</strong></span> <span class='ocrx_word' id='word_1_77' title='bbox 283 1425 450 1498; x_wconf 84' lang='lat' dir='ltr'><strong>promptae</strong></span> <span class='ocrx_word' id='word_1_78' title='bbox 465 1438 584 1502; x_wconf 85' lang='lat' dir='ltr'><strong>semper</strong></span> <span class='ocrx_word' id='word_1_79' title='bbox 595 1415 674 1500; x_wconf 76' lang='lat' dir='ltr'><strong>fidei</strong></span> <span class='ocrx_word' id='word_1_80' title='bbox 688 1415 784 1480; x_wconf 89' lang='lat' dir='ltr'><strong>Hosii</strong></span> <span class='ocrx_word' id='word_1_81' title='bbox 805 1437 916 1478; x_wconf 86' lang='lat' dir='ltr'><strong>nornen</strong></span> <span class='ocrx_word' id='word_1_82' title='bbox 939 1414 1032 1499; x_wconf 81' lang='lat' dir='ltr'><strong>qnasi</strong></span> <span class='ocrx_word' id='word_1_83' title='bbox 1054 1435 1153 1497; x_wconf 77' lang='lat' dir='ltr'><strong>qnem-</strong></span> 
     </span>
     <span class='ocr_line' id='line_1_11' title="bbox 50 1506 1155 1599; baseline 0.002 -29"><span class='ocrx_word' id='word_1_84' title='bbox 50 1506 113 1570; x_wconf 86' lang='lat' dir='ltr'><strong>dom</strong></span> <span class='ocrx_word' id='word_1_85' title='bbox 134 1509 168 1572; x_wconf 86' lang='lat' dir='ltr'><strong>in</strong></span> <span class='ocrx_word' id='word_1_86' title='bbox 191 1533 251 1574; x_wconf 85' lang='lat' dir='ltr'><strong>noe</strong></span> <span class='ocrx_word' id='word_1_87' title='bbox 274 1511 402 1576; x_wconf 82' lang='lat' dir='ltr'><strong>arietem</strong></span> <span class='ocrx_word' id='word_1_88' title='bbox 425 1515 603 1598; x_wconf 78' lang='lat' dir='ltr'><strong>temperari,</strong></span> <span class='ocrx_word' id='word_1_89' title='bbox 633 1537 691 1599; x_wconf 85' lang='lat' dir='ltr'><strong>qno</strong></span> <span class='ocrx_word' id='word_1_90' title='bbox 715 1513 974 1578; x_wconf 77' lang='lat' dir='ltr'><strong>contradictionis</strong></span> <span class='ocrx_word' id='word_1_91' title='bbox 997 1511 1155 1574; x_wconf 84' lang='lat' dir='ltr'><strong>temeritas</strong></span> 
     </span>
     <span class='ocr_line' id='line_1_12' title="bbox 46 1606 1154 1696; baseline -0.003 -24"><span class='ocrx_word' id='word_1_92' title='bbox 46 1606 241 1690; x_wconf 73' lang='lat' dir='ltr'><strong>propulsetur</strong></span> <span class='ocrx_word' id='word_1_93' title='bbox 264 1608 310 1694; x_wconf 91' lang='lat' dir='ltr'><strong>(n.</strong></span> <span class='ocrx_word' id='word_1_94' title='bbox 335 1609 479 1696; x_wconf 85' lang='lat' dir='ltr'><strong>XXIII).</strong></span> <span class='ocrx_word' id='word_1_95' title='bbox 504 1611 644 1676; x_wconf 78' lang='lat' dir='ltr'><strong>Factum</strong></span> <span class='ocrx_word' id='word_1_96' title='bbox 676 1613 793 1696; x_wconf 90' lang='lat' dir='ltr'><strong>ipsum,</strong></span> <span class='ocrx_word' id='word_1_97' title='bbox 818 1633 862 1676; x_wconf 91' lang='lat' dir='ltr'><strong>an</strong></span> <span class='ocrx_word' id='word_1_98' title='bbox 885 1609 1008 1674; x_wconf 89' lang='lat' dir='ltr'><strong>Hosius</strong></span> <span class='ocrx_word' id='word_1_99' title='bbox 1031 1606 1088 1670; x_wconf 90' lang='lat' dir='ltr'><strong>illa</strong></span> <span class='ocrx_word' id='word_1_100' title='bbox 1111 1615 1154 1670; x_wconf 85' lang='lat' dir='ltr'><strong>te-</strong></span> 
     </span>
     <span class='ocr_line' id='line_1_13' title="bbox 50 1704 1155 1795; baseline 0.002 -29"><span class='ocrx_word' id='word_1_101' title='bbox 50 1713 123 1786; x_wconf 85' lang='lat' dir='ltr'><strong>uent,</strong></span> <span class='ocrx_word' id='word_1_102' title='bbox 155 1727 225 1769; x_wconf 91' lang='lat' dir='ltr'><strong>uon</strong></span> <span class='ocrx_word' id='word_1_103' title='bbox 259 1704 403 1789; x_wconf 83' lang='lat' dir='ltr'><strong>discutit,</strong></span> <span class='ocrx_word' id='word_1_104' title='bbox 435 1709 493 1772; x_wconf 87' lang='lat' dir='ltr'><strong>sed</strong></span> <span class='ocrx_word' id='word_1_105' title='bbox 517 1731 558 1774; x_wconf 84' lang='lat' dir='ltr'><strong>ex</strong></span> <span class='ocrx_word' id='word_1_106' title='bbox 591 1711 814 1795; x_wconf 87' lang='lat' dir='ltr'><strong>suppositione</strong></span> <span class='ocrx_word' id='word_1_107' title='bbox 836 1706 1031 1793; x_wconf 89' lang='lat' dir='ltr'><strong>respondet:</strong></span> <span class='ocrx_word' id='word_1_108' title='bbox 1079 1705 1155 1768; x_wconf 87' lang='lat' dir='ltr'><strong>Non</strong></span> 
     </span>
     <span class='ocr_line' id='line_1_14' title="bbox 46 1807 1156 1893; baseline 0.003 -31"><span class='ocrx_word' id='word_1_109' title='bbox 46 1811 137 1883; x_wconf 80' lang='lat' dir='ltr'><strong>potest</strong></span> <span class='ocrx_word' id='word_1_110' title='bbox 160 1807 231 1892; x_wconf 80' lang='lat' dir='ltr'><strong>ejas</strong></span> <span class='ocrx_word' id='word_1_111' title='bbox 264 1807 451 1870; x_wconf 81' lang='lat' dir='ltr'><strong>anctoritate</strong></span> <span class='ocrx_word' id='word_1_112' title='bbox 478 1808 666 1892; x_wconf 66' lang='lat' dir='ltr'><strong>praesciti,</strong></span> <span class='ocrx_word' id='word_1_113' title='bbox 699 1810 776 1893; x_wconf 81' lang='lat' dir='ltr'><strong>qaia</strong></span> <span class='ocrx_word' id='word_1_114' title='bbox 799 1817 854 1871; x_wconf 85' lang='lat' dir='ltr'><strong>ant</strong></span> <span class='ocrx_word' id='word_1_115' title='bbox 885 1829 968 1870; x_wconf 85' lang='lat' dir='ltr'><strong>nnnc</strong></span> <span class='ocrx_word' id='word_1_116' title='bbox 991 1813 1078 1868; x_wconf 79' lang='lat' dir='ltr'><strong>errat</strong></span> <span class='ocrx_word' id='word_1_117' title='bbox 1100 1812 1156 1866; x_wconf 84' lang='lat' dir='ltr'><strong>ant</strong></span> 
     </span>
     <span class='ocr_line' id='line_1_15' title="bbox 50 1899 1155 1986; baseline 0 -24"><span class='ocrx_word' id='word_1_118' title='bbox 50 1921 156 1984; x_wconf 81' lang='lat' dir='ltr'><strong>semper</strong></span> <span class='ocrx_word' id='word_1_119' title='bbox 178 1903 308 1968; x_wconf 74' lang='lat' dir='ltr'><strong>mavit.</strong></span> <span class='ocrx_word' id='word_1_120' title='bbox 334 1951 342 1967; x_wconf 92' lang='lat'>.</span> <span class='ocrx_word' id='word_1_121' title='bbox 369 1953 376 1967; x_wconf 93' lang='lat'><strong><em>.</em></strong></span> <span class='ocrx_word' id='word_1_122' title='bbox 404 1899 489 1977; x_wconf 71' lang='lat' dir='ltr'><strong>Quid</strong></span> <span class='ocrx_word' id='word_1_123' title='bbox 511 1907 541 1970; x_wconf 89' lang='lat' dir='ltr'><strong>si</strong></span> <span class='ocrx_word' id='word_1_124' title='bbox 562 1906 689 1970; x_wconf 84' lang='lat' dir='ltr'><strong>diversa</strong></span> <span class='ocrx_word' id='word_1_125' title='bbox 710 1927 793 1968; x_wconf 80' lang='lat' dir='ltr'><strong>nnita</strong></span> <span class='ocrx_word' id='word_1_126' title='bbox 815 1905 919 1980; x_wconf 87' lang='lat' dir='ltr'><strong>sentit,</strong></span> <span class='ocrx_word' id='word_1_127' title='bbox 943 1913 975 1966; x_wconf 88' lang='lat' dir='ltr'><strong>et</strong></span> <span class='ocrx_word' id='word_1_128' title='bbox 996 1921 1155 1986; x_wconf 79' lang='lat' dir='ltr'><strong>qaaecum-</strong></span> 
     </span>
     <span class='ocr_line' id='line_1_16' title="bbox 49 1997 1157 2090; baseline -0.003 -28"><span class='ocrx_word' id='word_1_129' title='bbox 49 2019 95 2079; x_wconf 75' lang='lat' dir='ltr'><strong>psc</strong></span> <span class='ocrx_word' id='word_1_130' title='bbox 109 1997 148 2062; x_wconf 84' lang='lat' dir='ltr'><strong>ab</strong></span> <span class='ocrx_word' id='word_1_131' title='bbox 171 2021 208 2062; x_wconf 90' lang='lat' dir='ltr'><strong>eo</strong></span> <span class='ocrx_word' id='word_1_132' title='bbox 234 2011 317 2064; x_wconf 84' lang='lat' dir='ltr'><strong>retro</strong></span> <span class='ocrx_word' id='word_1_133' title='bbox 340 2001 494 2068; x_wconf 58' lang='lat' dir='ltr'><strong>mmmm</strong></span> <span class='ocrx_word' id='word_1_134' title='bbox 512 2003 649 2090; x_wconf 81' lang='lat' dir='ltr'><strong>fiserant</strong></span> <span class='ocrx_word' id='word_1_135' title='bbox 677 2002 900 2089; x_wconf 66' lang='lat' dir='ltr'><strong>detaidrmtur,</strong></span> <span class='ocrx_word' id='word_1_136' title='bbox 923 2023 1001 2086; x_wconf 81' lang='lat' dir='ltr'><strong>qnae</strong></span> <span class='ocrx_word' id='word_1_137' title='bbox 1024 1997 1157 2084; x_wconf 82' lang='lat' dir='ltr'><strong>defensa</strong></span> 
     </span>
     <span class='ocr_line' id='line_1_17' title="bbox 50 2093 1155 2190; baseline 0 -32"><span class='ocrx_word' id='word_1_138' title='bbox 50 2093 256 2162; x_wconf 75' lang='lat' dir='ltr'><strong>damnantur?</strong></span> <span class='ocrx_word' id='word_1_139' title='bbox 300 2101 440 2165; x_wconf 67' lang='lat' dir='ltr'><strong>Rasum</strong></span> <span class='ocrx_word' id='word_1_140' title='bbox 470 2101 553 2180; x_wconf 87' lang='lat' dir='ltr'><strong>dico,</strong></span> <span class='ocrx_word' id='word_1_141' title='bbox 575 2125 639 2165; x_wconf 90' lang='lat' dir='ltr'><strong>non</strong></span> <span class='ocrx_word' id='word_1_142' title='bbox 661 2102 737 2168; x_wconf 83' lang='lat' dir='ltr'><strong>mibi</strong></span> <span class='ocrx_word' id='word_1_143' title='bbox 766 2105 833 2190; x_wconf 83' lang='lat' dir='ltr'><strong>ejas</strong></span> <span class='ocrx_word' id='word_1_144' title='bbox 856 2099 1042 2163; x_wconf 83' lang='lat' dir='ltr'><strong>anctoritate</strong></span> <span class='ocrx_word' id='word_1_145' title='bbox 1059 2117 1155 2182; x_wconf 80' lang='lat' dir='ltr'><strong>proe-</strong></span> 
     </span>
     <span class='ocr_line' id='line_1_18' title="bbox 50 2192 1156 2280; baseline -0.003 -22"><span class='ocrx_word' id='word_1_146' title='bbox 50 2193 193 2260; x_wconf 76' lang='lat' dir='ltr'><strong>eribitur.</strong></span> <span class='ocrx_word' id='word_1_147' title='bbox 220 2195 437 2262; x_wconf 80' lang='lat' dir='ltr'><strong>-Socrates</strong></span> <span class='ocrx_word' id='word_1_148' title='bbox 461 2197 717 2264; x_wconf 87' lang='lat' dir='ltr'><strong>etSozomenus</strong></span> <span class='ocrx_word' id='word_1_149' title='bbox 743 2198 776 2264; x_wconf 90' lang='lat' dir='ltr'><strong>ll.</strong></span> <span class='ocrx_word' id='word_1_150' title='bbox 801 2221 859 2280; x_wconf 90' lang='lat' dir='ltr'><strong>cc.,</strong></span> <span class='ocrx_word' id='word_1_151' title='bbox 893 2195 950 2260; x_wconf 95' lang='lat' dir='ltr'><strong>ubi</strong></span> <span class='ocrx_word' id='word_1_152' title='bbox 974 2192 1156 2260; x_wconf 90' lang='lat' dir='ltr'><strong>secundum</strong></span> 
     </span>
     <span class='ocr_line' id='line_1_19' title="bbox 50 2287 1156 2376; baseline 0.004 -26"><span class='ocrx_word' id='word_1_153' title='bbox 50 2287 119 2356; x_wconf 90' lang='lat' dir='ltr'><strong>illud</strong></span> <span class='ocrx_word' id='word_1_154' title='bbox 145 2293 407 2360; x_wconf 78' lang='lat' dir='ltr'><strong>conciliabulum</strong></span> <span class='ocrx_word' id='word_1_155' title='bbox 431 2297 610 2364; x_wconf 86' lang='lat' dir='ltr'><strong>Sirmiense</strong></span> <span class='ocrx_word' id='word_1_156' title='bbox 633 2297 842 2362; x_wconf 82' lang='lat' dir='ltr'><strong>confundunt</strong></span> <span class='ocrx_word' id='word_1_157' title='bbox 871 2317 946 2360; x_wconf 90' lang='lat' dir='ltr'><strong>cum</strong></span> <span class='ocrx_word' id='word_1_158' title='bbox 977 2291 1102 2376; x_wconf 87' lang='lat' dir='ltr'><strong>synodo</strong></span> <span class='ocrx_word' id='word_1_159' title='bbox 1125 2313 1156 2354; x_wconf 87' lang='lat' dir='ltr'><strong>a.</strong></span> 
     </span>
     <span class='ocr_line' id='line_1_20' title="bbox 48 2389 1157 2477; baseline 0.003 -27"><span class='ocrx_word' id='word_1_160' title='bbox 48 2389 98 2451; x_wconf 71' lang='lat'><strong>361</strong></span> <span class='ocrx_word' id='word_1_161' title='bbox 123 2402 244 2456; x_wconf 87' lang='lat' dir='ltr'><strong>contra</strong></span> <span class='ocrx_word' id='word_1_162' title='bbox 265 2391 443 2460; x_wconf 88' lang='lat' dir='ltr'><strong>Photinum</strong></span> <span class='ocrx_word' id='word_1_163' title='bbox 466 2394 590 2477; x_wconf 85' lang='lat' dir='ltr'><strong>habito,</strong></span> <span class='ocrx_word' id='word_1_164' title='bbox 605 2391 746 2463; x_wconf 88' lang='lat' dir='ltr'><strong>Hosium</strong></span> <span class='ocrx_word' id='word_1_165' title='bbox 769 2394 905 2460; x_wconf 88' lang='lat' dir='ltr'><strong>tradunt</strong></span> <span class='ocrx_word' id='word_1_166' title='bbox 929 2391 1084 2456; x_wconf 86' lang='lat' dir='ltr'><strong>violentia</strong></span> <span class='ocrx_word' id='word_1_167' title='bbox 1107 2409 1157 2454; x_wconf 92' lang='lat' dir='ltr'><strong>co·</strong></span> 
     </span>
     <span class='ocr_line' id='line_1_21' title="bbox 48 2488 1157 2580; baseline -0.001 -30"><span class='ocrx_word' id='word_1_168' title='bbox 48 2497 146 2554; x_wconf 84' lang='lat' dir='ltr'><strong>ectum</strong></span> <span class='ocrx_word' id='word_1_169' title='bbox 172 2492 380 2556; x_wconf 83' lang='lat' dir='ltr'><strong>consensisse</strong></span> <span class='ocrx_word' id='word_1_170' title='bbox 407 2503 440 2557; x_wconf 87' lang='lat' dir='ltr'><strong>et</strong></span> <span class='ocrx_word' id='word_1_171' title='bbox 469 2493 698 2580; x_wconf 77' lang='lat' dir='ltr'><strong>sabsnipaisse.</strong></span> <span class='ocrx_word' id='word_1_172' title='bbox 744 2492 809 2559; x_wconf 85' lang='lat' dir='ltr'><strong>Sed</strong></span> <span class='ocrx_word' id='word_1_173' title='bbox 840 2513 946 2576; x_wconf 88' lang='lat' dir='ltr'><strong>noque</strong></span> <span class='ocrx_word' id='word_1_174' title='bbox 969 2489 1034 2554; x_wconf 91' lang='lat' dir='ltr'><strong>boo</strong></span> <span class='ocrx_word' id='word_1_175' title='bbox 1056 2488 1157 2552; x_wconf 90' lang='lat' dir='ltr'><strong>omni·</strong></span> 
     </span>
     <span class='ocr_line' id='line_1_22' title="bbox 50 2583 1157 2673; baseline 0 -25"><span class='ocrx_word' id='word_1_176' title='bbox 50 2583 101 2648; x_wconf 86' lang='lat' dir='ltr'><strong>bus</strong></span> <span class='ocrx_word' id='word_1_177' title='bbox 123 2589 298 2673; x_wconf 86' lang='lat' dir='ltr'><strong>perpensis</strong></span> <span class='ocrx_word' id='word_1_178' title='bbox 329 2599 454 2656; x_wconf 85' lang='lat' dir='ltr'><strong>certum</strong></span> <span class='ocrx_word' id='word_1_179' title='bbox 489 2613 558 2656; x_wconf 85' lang='lat' dir='ltr'><strong>esee</strong></span> <span class='ocrx_word' id='word_1_180' title='bbox 582 2613 762 2671; x_wconf 79' lang='lat' dir='ltr'><strong>censemus,</strong></span> <span class='ocrx_word' id='word_1_181' title='bbox 796 2611 834 2654; x_wconf 92' lang='lat' dir='ltr'><strong>eo</strong></span> <span class='ocrx_word' id='word_1_182' title='bbox 865 2586 918 2652; x_wconf 85' lang='lat' dir='ltr'><strong>vel</strong></span> <span class='ocrx_word' id='word_1_183' title='bbox 941 2587 1047 2670; x_wconf 85' lang='lat' dir='ltr'><strong>magis</strong></span> <span class='ocrx_word' id='word_1_184' title='bbox 1069 2583 1157 2670; x_wconf 90' lang='lat' dir='ltr'><strong>quod</strong></span> 
     </span>
     <span class='ocr_line' id='line_1_23' title="bbox 51 2681 1157 2775; baseline -0.002 -28"><span class='ocrx_word' id='word_1_185' title='bbox 51 2683 128 2750; x_wconf 81' lang='lat' dir='ltr'><strong>nulla</strong></span> <span class='ocrx_word' id='word_1_186' title='bbox 151 2686 303 2770; x_wconf 88' lang='lat' dir='ltr'><strong>synodus</strong></span> <span class='ocrx_word' id='word_1_187' title='bbox 326 2689 466 2774; x_wconf 87' lang='lat' dir='ltr'><strong>amplior</strong></span> <span class='ocrx_word' id='word_1_188' title='bbox 479 2689 601 2771; x_wconf 89' lang='lat' dir='ltr'><strong>Sirmii,</strong></span> <span class='ocrx_word' id='word_1_189' title='bbox 627 2711 729 2775; x_wconf 92' lang='lat' dir='ltr'><strong>quum</strong></span> <span class='ocrx_word' id='word_1_190' title='bbox 752 2686 893 2752; x_wconf 87' lang='lat' dir='ltr'><strong>formula</strong></span> <span class='ocrx_word' id='word_1_191' title='bbox 917 2683 1062 2750; x_wconf 89' lang='lat' dir='ltr'><strong>secunda</strong></span> <span class='ocrx_word' id='word_1_192' title='bbox 1085 2681 1157 2746; x_wconf 90' lang='lat' dir='ltr'><strong>ede·</strong></span> 
     </span>
     <span class='ocr_line' id='line_1_24' title="bbox 50 2783 1157 2868; baseline 0.001 -25"><span class='ocrx_word' id='word_1_193' title='bbox 50 2792 142 2864; x_wconf 84' lang='lat' dir='ltr'><strong>retur,</strong></span> <span class='ocrx_word' id='word_1_194' title='bbox 156 2783 460 2853; x_wconf 81' lang='lat' dir='ltr'><strong>habitavideatur.</strong></span> <span class='ocrx_word' id='word_1_195' title='bbox 492 2787 682 2852; x_wconf 82' lang='lat' dir='ltr'><strong>Formnlam</strong></span> <span class='ocrx_word' id='word_1_196' title='bbox 701 2784 881 2852; x_wconf 87' lang='lat' dir='ltr'><strong>secundam</strong></span> <span class='ocrx_word' id='word_1_197' title='bbox 903 2785 1004 2868; x_wconf 84' lang='lat' dir='ltr'><strong>igitur</strong></span> <span class='ocrx_word' id='word_1_198' title='bbox 1026 2784 1060 2846; x_wconf 93' lang='lat' dir='ltr'><strong>in</strong></span> <span class='ocrx_word' id='word_1_199' title='bbox 1084 2801 1157 2844; x_wconf 92' lang='lat' dir='ltr'><strong>con-</strong></span> 
     </span>
     <span class='ocr_line' id='line_1_25' title="bbox 50 2878 1157 2971; baseline 0 -31"><span class='ocrx_word' id='word_1_200' title='bbox 50 2878 200 2948; x_wconf 87' lang='lat' dir='ltr'><strong>ciliabulo</strong></span> <span class='ocrx_word' id='word_1_201' title='bbox 224 2893 373 2968; x_wconf 92' lang='lat' dir='ltr'><strong>quatuor,</strong></span> <span class='ocrx_word' id='word_1_202' title='bbox 398 2884 452 2949; x_wconf 83' lang='lat' dir='ltr'><strong>vel</strong></span> <span class='ocrx_word' id='word_1_203' title='bbox 474 2886 588 2951; x_wconf 89' lang='lat' dir='ltr'><strong>saltem</strong></span> <span class='ocrx_word' id='word_1_204' title='bbox 616 2906 797 2971; x_wconf 89' lang='lat' dir='ltr'><strong>paucorum</strong></span> <span class='ocrx_word' id='word_1_205' title='bbox 821 2884 1059 2967; x_wconf 88' lang='lat' dir='ltr'><strong>episcoporum,</strong></span> <span class='ocrx_word' id='word_1_206' title='bbox 1084 2899 1157 2941; x_wconf 93' lang='lat' dir='ltr'><strong>con-</strong></span> 
     </span>
     <span class='ocr_line' id='line_1_26' title="bbox 50 2978 1158 3068; baseline -0.001 -27"><span class='ocrx_word' id='word_1_207' title='bbox 50 2979 213 3044; x_wconf 81' lang='lat' dir='ltr'><strong>cinnatam</strong></span> <span class='ocrx_word' id='word_1_208' title='bbox 227 2983 464 3066; x_wconf 83' lang='lat' dir='ltr'><strong>existimamus,</strong></span> <span class='ocrx_word' id='word_1_209' title='bbox 479 2994 511 3047; x_wconf 90' lang='lat' dir='ltr'><strong>et</strong></span> <span class='ocrx_word' id='word_1_210' title='bbox 525 2983 602 3048; x_wconf 85' lang='lat' dir='ltr'><strong>dein</strong></span> <span class='ocrx_word' id='word_1_211' title='bbox 617 2986 652 3048; x_wconf 91' lang='lat' dir='ltr'><strong>in</strong></span> <span class='ocrx_word' id='word_1_212' title='bbox 664 2984 815 3068; x_wconf 88' lang='lat' dir='ltr'><strong>regiones</strong></span> <span class='ocrx_word' id='word_1_213' title='bbox 829 2981 910 3045; x_wconf 88' lang='lat' dir='ltr'><strong>alias</strong></span> <span class='ocrx_word' id='word_1_214' title='bbox 923 2978 1158 3043; x_wconf 82' lang='lat' dir='ltr'><strong>transmissam.</strong></span> 
     </span>
     <span class='ocr_line' id='line_1_27' title="bbox 52 3073 1159 3168; baseline -0.002 -30"><span class='ocrx_word' id='word_1_215' title='bbox 52 3073 133 3141; x_wconf 90' lang='lat' dir='ltr'><strong>Hosii</strong></span> <span class='ocrx_word' id='word_1_216' title='bbox 158 3087 275 3143; x_wconf 84' lang='lat' dir='ltr'><strong>autem</strong></span> <span class='ocrx_word' id='word_1_217' title='bbox 299 3081 481 3164; x_wconf 86' lang='lat' dir='ltr'><strong>infirmitas,</strong></span> <span class='ocrx_word' id='word_1_218' title='bbox 504 3085 529 3145; x_wconf 91' lang='lat' dir='ltr'><strong>si</strong></span> <span class='ocrx_word' id='word_1_219' title='bbox 555 3103 639 3168; x_wconf 89' lang='lat' dir='ltr'><strong>quae</strong></span> <span class='ocrx_word' id='word_1_220' title='bbox 654 3081 720 3146; x_wconf 92' lang='lat' dir='ltr'><strong>dici</strong></span> <span class='ocrx_word' id='word_1_221' title='bbox 744 3089 859 3168; x_wconf 90' lang='lat' dir='ltr'><strong>potest,</strong></span> <span class='ocrx_word' id='word_1_222' title='bbox 883 3075 1097 3164; x_wconf 85' lang='lat' dir='ltr'><strong>probabiliter</strong></span> <span class='ocrx_word' id='word_1_223' title='bbox 1120 3095 1159 3137; x_wconf 89' lang='lat' dir='ltr'><strong>ea</strong></span> 
     </span>
     <span class='ocr_line' id='line_1_28' title="bbox 50 3171 1158 3259; baseline 0 -25"><span class='ocrx_word' id='word_1_224' title='bbox 50 3171 113 3253; x_wconf 81' lang='lat' dir='ltr'><strong>init,</strong></span> <span class='ocrx_word' id='word_1_225' title='bbox 136 3185 175 3240; x_wconf 91' lang='lat' dir='ltr'><strong>ut</strong></span> <span class='ocrx_word' id='word_1_226' title='bbox 202 3182 462 3244; x_wconf 84' lang='lat' dir='ltr'><strong>communicaret</strong></span> <span class='ocrx_word' id='word_1_227' title='bbox 483 3181 618 3245; x_wconf 84' lang='lat' dir='ltr'><strong>tandem</strong></span> <span class='ocrx_word' id='word_1_228' title='bbox 642 3202 717 3244; x_wconf 92' lang='lat' dir='ltr'><strong>cum</strong></span> <span class='ocrx_word' id='word_1_229' title='bbox 739 3177 888 3259; x_wconf 80' lang='lat' dir='ltr'><strong>Valente,</strong></span> <span class='ocrx_word' id='word_1_230' title='bbox 913 3175 1050 3242; x_wconf 88' lang='lat' dir='ltr'><strong>Ursacio</strong></span> <span class='ocrx_word' id='word_1_231' title='bbox 1074 3172 1158 3236; x_wconf 90' lang='lat' dir='ltr'><strong>aliis-</strong></span> 
     </span>
     <span class='ocr_line' id='line_1_29' title="bbox 50 3271 1159 3364; baseline -0.002 -28"><span class='ocrx_word' id='word_1_232' title='bbox 50 3295 105 3357; x_wconf 87' lang='lat' dir='ltr'><strong>que</strong></span> <span class='ocrx_word' id='word_1_233' title='bbox 129 3273 279 3359; x_wconf 84' lang='lat' dir='ltr'><strong>Arianis,</strong></span> <span class='ocrx_word' id='word_1_234' title='bbox 303 3300 364 3342; x_wconf 92' lang='lat' dir='ltr'><strong>nec</strong></span> <span class='ocrx_word' id='word_1_235' title='bbox 388 3278 507 3344; x_wconf 86' lang='lat' dir='ltr'><strong>diserte</strong></span> <span class='ocrx_word' id='word_1_236' title='bbox 539 3287 773 3364; x_wconf 86' lang='lat' dir='ltr'><strong>protestaretur</strong></span> <span class='ocrx_word' id='word_1_237' title='bbox 801 3285 914 3340; x_wconf 88' lang='lat' dir='ltr'><strong>contra</strong></span> <span class='ocrx_word' id='word_1_238' title='bbox 938 3274 1075 3360; x_wconf 87' lang='lat' dir='ltr'><strong>impiam</strong></span> <span class='ocrx_word' id='word_1_239' title='bbox 1098 3271 1159 3336; x_wconf 87' lang='lat' dir='ltr'><strong>for-</strong></span> 
     </span>
     <span class='ocr_line' id='line_1_30' title="bbox 54 3373 1160 3463; baseline -0.001 -29"><span class='ocrx_word' id='word_1_240' title='bbox 54 3373 179 3440; x_wconf 82' lang='lat' dir='ltr'><strong>mulam.</strong></span> <span class='ocrx_word' id='word_1_241' title='bbox 208 3374 305 3440; x_wconf 91' lang='lat' dir='ltr'><strong>Unde</strong></span> <span class='ocrx_word' id='word_1_242' title='bbox 328 3375 377 3440; x_wconf 93' lang='lat' dir='ltr'><strong>illi</strong></span> <span class='ocrx_word' id='word_1_243' title='bbox 400 3375 441 3440; x_wconf 91' lang='lat' dir='ltr'><strong>de</strong></span> <span class='ocrx_word' id='word_1_244' title='bbox 464 3378 535 3463; x_wconf 84' lang='lat' dir='ltr'><strong>ejus</strong></span> <span class='ocrx_word' id='word_1_245' title='bbox 549 3399 710 3442; x_wconf 86' lang='lat' dir='ltr'><strong>consensu</strong></span> <span class='ocrx_word' id='word_1_246' title='bbox 728 3375 858 3460; x_wconf 85' lang='lat' dir='ltr'><strong>gloriati</strong></span> <span class='ocrx_word' id='word_1_247' title='bbox 882 3383 968 3456; x_wconf 89' lang='lat' dir='ltr'><strong>sunt,</strong></span> <span class='ocrx_word' id='word_1_248' title='bbox 992 3391 1160 3458; x_wconf 90' lang='lat' dir='ltr'><strong>quumque</strong></span> 
     </span>
     <span class='ocr_line' id='line_1_31' title="bbox 51 3467 1161 3558; baseline -0.003 -25"><span class='ocrx_word' id='word_1_249' title='bbox 51 3467 215 3536; x_wconf 85' lang='lat' dir='ltr'><strong>Potamius</strong></span> <span class='ocrx_word' id='word_1_250' title='bbox 238 3493 347 3538; x_wconf 90' lang='lat' dir='ltr'><strong>comes</strong></span> <span class='ocrx_word' id='word_1_251' title='bbox 375 3475 469 3539; x_wconf 87' lang='lat' dir='ltr'><strong>Hosii</strong></span> <span class='ocrx_word' id='word_1_252' title='bbox 502 3475 690 3540; x_wconf 82' lang='lat' dir='ltr'><strong>formulam</strong></span> <span class='ocrx_word' id='word_1_253' title='bbox 710 3473 882 3558; x_wconf 89' lang='lat' dir='ltr'><strong>adoptaret</strong></span> <span class='ocrx_word' id='word_1_254' title='bbox 920 3481 956 3534; x_wconf 88' lang='lat' dir='ltr'><strong>ut</strong></span> <span class='ocrx_word' id='word_1_255' title='bbox 990 3477 1105 3534; x_wconf 88' lang='lat' dir='ltr'><strong>auctor</strong></span> <span class='ocrx_word' id='word_1_256' title='bbox 1128 3475 1161 3530; x_wconf 90' lang='lat' dir='ltr'><strong>et</strong></span> 
     </span>
     <span class='ocr_line' id='line_1_32' title="bbox 52 3567 1030 3660; baseline -0.001 -28"><span class='ocrx_word' id='word_1_257' title='bbox 52 3579 224 3656; x_wconf 77' lang='lat' dir='ltr'><strong>spargeret,</strong></span> <span class='ocrx_word' id='word_1_258' title='bbox 249 3567 404 3638; x_wconf 86' lang='lat' dir='ltr'><strong>facillime</strong></span> <span class='ocrx_word' id='word_1_259' title='bbox 428 3573 531 3638; x_wconf 89' lang='lat' dir='ltr'><strong>Hosio</strong></span> <span class='ocrx_word' id='word_1_260' title='bbox 555 3594 686 3660; x_wconf 89' lang='lat' dir='ltr'><strong>quoque</strong></span> <span class='ocrx_word' id='word_1_261' title='bbox 710 3571 843 3636; x_wconf 87' lang='lat' dir='ltr'><strong>&#39;attribui</strong></span> <span class='ocrx_word' id='word_1_262' title='bbox 867 3567 1030 3656; x_wconf 84' lang='lat' dir='ltr'><strong>potuit.¹).</strong></span> 
     </span>
    </p>
   </div>
   <div class='ocr_carea' id='block_1_3' title="bbox 50 3786 1164 4340">
    <p class='ocr_par' dir='ltr' id='par_1_3' title="bbox 50 3786 1164 4340">
     <span class='ocr_line' id='line_1_33' title="bbox 118 3786 1160 3865; baseline -0.006 -18"><span class='ocrx_word' id='word_1_263' title='bbox 118 3793 139 3858; x_wconf 76' lang='grc' dir='ltr'><strong>ι)</strong></span> <span class='ocrx_word' id='word_1_264' title='bbox 158 3792 294 3861; x_wconf 87' lang='lat' dir='ltr'><strong>Sulpitius</strong></span> <span class='ocrx_word' id='word_1_265' title='bbox 311 3795 426 3850; x_wconf 80' lang='lat' dir='ltr'><strong>Sererm</strong></span> <span class='ocrx_word' id='word_1_266' title='bbox 453 3797 486 3851; x_wconf 87' lang='lat' dir='ltr'><strong>de</strong></span> <span class='ocrx_word' id='word_1_267' title='bbox 508 3795 585 3850; x_wconf 86' lang='lat' dir='ltr'><strong>Hosii</strong></span> <span class='ocrx_word' id='word_1_268' title='bbox 613 3794 690 3865; x_wconf 86' lang='lat' dir='ltr'><strong>lapsu</strong></span> <span class='ocrx_word' id='word_1_269' title='bbox 719 3811 778 3848; x_wconf 87' lang='lat' dir='ltr'><strong>conr</strong></span> <span class='ocrx_word' id='word_1_270' title='bbox 803 3791 918 3861; x_wconf 84' lang='lat' dir='ltr'><strong>quadarn</strong></span> <span class='ocrx_word' id='word_1_271' title='bbox 936 3789 1106 3845; x_wconf 78' lang='lat' dir='ltr'><strong>dubitatione</strong></span> <span class='ocrx_word' id='word_1_272' title='bbox 1124 3786 1160 3842; x_wconf 79' lang='lat' dir='ltr'><strong>lo</strong></span> 
     </span>
     <span class='ocr_line' id='line_1_34' title="bbox 50 3869 1161 3946; baseline -0.013 -12"><span class='ocrx_word' id='word_1_273' title='bbox 50 3870 144 3934; x_wconf 66' lang='lat' dir='ltr'><strong>luitur.</strong></span> <span class='ocrx_word' id='word_1_274' title='bbox 165 3875 284 3928; x_wconf 82' lang='lat' dir='ltr'><strong>Hosium</strong></span> <span class='ocrx_word' id='word_1_275' title='bbox 303 3891 404 3946; x_wconf 76' lang='lat' dir='ltr'><strong>qnoque</strong></span> <span class='ocrx_word' id='word_1_276' title='bbox 420 3877 454 3929; x_wconf 87' lang='lat' dir='ltr'><strong>ab</strong></span> <span class='ocrx_word' id='word_1_277' title='bbox 466 3877 616 3944; x_wconf 82' lang='lat' dir='ltr'><strong>Hispania,</strong></span> <span class='ocrx_word' id='word_1_278' title='bbox 638 3873 739 3939; x_wconf 83' lang='lat' dir='ltr'><strong>scribit,</strong></span> <span class='ocrx_word' id='word_1_279' title='bbox 758 3876 788 3926; x_wconf 85' lang='lat' dir='ltr'><strong>in</strong></span> <span class='ocrx_word' id='word_1_280' title='bbox 805 3873 921 3926; x_wconf 81' lang='lat' dir='ltr'><strong>eamdem</strong></span> <span class='ocrx_word' id='word_1_281' title='bbox 936 3869 1083 3938; x_wconf 74' lang='lat' dir='ltr'><strong>perfidiam</strong></span> <span class='ocrx_word' id='word_1_282' title='bbox 1101 3885 1161 3922; x_wconf 84' lang='lat' dir='ltr'><strong>con·</strong></span> 
     </span>
     <span class='ocr_line' id='line_1_35' title="bbox 50 3947 1163 4026; baseline -0.009 -16"><span class='ocrx_word' id='word_1_283' title='bbox 50 3955 150 4006; x_wconf 60' lang='lat' dir='ltr'><strong>vidue</strong></span> <span class='ocrx_word' id='word_1_284' title='bbox 178 3955 274 4023; x_wconf 78' lang='lat' dir='ltr'><strong>opinio</strong></span> <span class='ocrx_word' id='word_1_285' title='bbox 300 3957 376 4023; x_wconf 55' lang='lat' dir='ltr'><strong>frain</strong></span> <span class='ocrx_word' id='word_1_286' title='bbox 412 3957 484 4026; x_wconf 72' lang='lat' dir='ltr'><strong>quod</strong></span> <span class='ocrx_word' id='word_1_287' title='bbox 510 3971 539 4010; x_wconf 88' lang='lat' dir='ltr'><strong>eo</strong></span> <span class='ocrx_word' id='word_1_288' title='bbox 558 3957 656 4010; x_wconf 68' lang='lat' dir='ltr'><strong>aarum</strong></span> <span class='ocrx_word' id='word_1_289' title='bbox 685 3961 767 4023; x_wconf 80' lang='lat' dir='ltr'><strong>atque</strong></span> <span class='ocrx_word' id='word_1_290' title='bbox 788 3951 944 4006; x_wconf 82' lang='lat' dir='ltr'><strong>incredibile</strong></span> <span class='ocrx_word' id='word_1_291' title='bbox 962 3950 1076 4014; x_wconf 65' lang='lat' dir='ltr'><strong>afflans,</strong></span> <span class='ocrx_word' id='word_1_292' title='bbox 1097 3947 1163 4016; x_wconf 81' lang='lat' dir='ltr'><strong>qnia</strong></span> 
     </span>
     <span class='ocr_line' id='line_1_36' title="bbox 51 4027 1162 4105; baseline -0.006 -19"><span class='ocrx_word' id='word_1_293' title='bbox 51 4033 117 4086; x_wconf 72' lang='lat' dir='ltr'><strong>nuni</strong></span> <span class='ocrx_word' id='word_1_294' title='bbox 145 4034 205 4100; x_wconf 70' lang='lat' dir='ltr'><strong>fere</strong></span> <span class='ocrx_word' id='word_1_295' title='bbox 235 4037 336 4088; x_wconf 65' lang='lat' dir='ltr'><strong>motis</strong></span> <span class='ocrx_word' id='word_1_296' title='bbox 365 4051 433 4090; x_wconf 81' lang='lat' dir='ltr'><strong>snae</strong></span> <span class='ocrx_word' id='word_1_297' title='bbox 458 4042 573 4105; x_wconf 81' lang='lat' dir='ltr'><strong>ternpore</strong></span> <span class='ocrx_word' id='word_1_298' title='bbox 599 4032 834 4090; x_wconf 63' lang='lat' dir='ltr'><strong>mmmmm</strong></span> <span class='ocrx_word' id='word_1_299' title='bbox 855 4035 1011 4084; x_wconf 65' lang='lat' dir='ltr'><strong>annornm</strong></span> <span class='ocrx_word' id='word_1_300' title='bbox 1038 4027 1162 4096; x_wconf 76' lang='lat' dir='ltr'><strong>partiam</strong></span> 
     </span>
     <span class='ocr_line' id='line_1_37' title="bbox 52 4108 1163 4185; baseline -0.012 -15"><span class='ocrx_word' id='word_1_301' title='bbox 52 4117 72 4162; x_wconf 77' lang='lat' dir='ltr'><strong>tt</strong></span> <span class='ocrx_word' id='word_1_302' title='bbox 95 4113 222 4168; x_wconf 78' lang='lat' dir='ltr'><strong>Nicaeae</strong></span> <span class='ocrx_word' id='word_1_303' title='bbox 247 4115 376 4185; x_wconf 79' lang='lat' dir='ltr'><strong>Synodns</strong></span> <span class='ocrx_word' id='word_1_304' title='bbox 411 4121 520 4170; x_wconf 76' lang='lat' dir='ltr'><strong>aactm</strong></span> <span class='ocrx_word' id='word_1_305' title='bbox 545 4117 592 4169; x_wconf 88' lang='lat' dir='ltr'><strong>ilio</strong></span> <span class='ocrx_word' id='word_1_306' title='bbox 618 4116 740 4182; x_wconf 70' lang='lat' dir='ltr'><strong>contecta</strong></span> <span class='ocrx_word' id='word_1_307' title='bbox 763 4111 924 4175; x_wconf 74' lang='lat' dir='ltr'><strong>habebatur,</strong></span> <span class='ocrx_word' id='word_1_308' title='bbox 949 4109 1005 4163; x_wconf 67' lang='lat' dir='ltr'><strong>nin</strong></span> <span class='ocrx_word' id='word_1_309' title='bbox 1021 4108 1163 4176; x_wconf 72' lang='lat' dir='ltr'><strong>fatiscente</strong></span> 
     </span>
     <span class='ocr_line' id='line_1_38' title="bbox 54 4187 1164 4264; baseline -0.007 -18"><span class='ocrx_word' id='word_1_310' title='bbox 54 4207 117 4255; x_wconf 73' lang='lat' dir='ltr'><strong>orco,</strong></span> <span class='ocrx_word' id='word_1_311' title='bbox 127 4195 226 4246; x_wconf 61' lang='lat' dir='ltr'><strong>emim</strong></span> <span class='ocrx_word' id='word_1_312' title='bbox 242 4195 334 4262; x_wconf 67' lang='lat' dir='ltr'><strong>major</strong></span> <span class='ocrx_word' id='word_1_313' title='bbox 350 4196 505 4250; x_wconf 67' lang='lat' dir='ltr'><strong>munatio</strong></span> <span class='ocrx_word' id='word_1_314' title='bbox 520 4197 585 4264; x_wconf 76' lang='lat' dir='ltr'><strong>soit,</strong></span> <span class='ocrx_word' id='word_1_315' title='bbox 604 4199 637 4248; x_wconf 85' lang='lat' dir='ltr'><strong>at</strong></span> <span class='ocrx_word' id='word_1_316' title='bbox 652 4195 765 4246; x_wconf 80' lang='lat' dir='ltr'><strong>sanctas</strong></span> <span class='ocrx_word' id='word_1_317' title='bbox 777 4191 907 4244; x_wconf 73' lang='lat' dir='ltr'><strong>Hilarior</strong></span> <span class='ocrx_word' id='word_1_318' title='bbox 924 4193 953 4243; x_wconf 88' lang='lat' dir='ltr'><strong>in</strong></span> <span class='ocrx_word' id='word_1_319' title='bbox 972 4188 1093 4258; x_wconf 71' lang='lat' dir='ltr'><strong>epistolis</strong></span> <span class='ocrx_word' id='word_1_320' title='bbox 1106 4187 1164 4241; x_wconf 80' lang='lat' dir='ltr'><strong>suis</strong></span> 
     </span>
     <span class='ocr_line' id='line_1_39' title="bbox 54 4275 639 4340; baseline -0.005 -9"><span class='ocrx_word' id='word_1_321' title='bbox 54 4275 137 4340; x_wconf 67' lang='lat' dir='ltr'><strong>refert,</strong></span> <span class='ocrx_word' id='word_1_322' title='bbox 157 4275 324 4329; x_wconf 76' lang='lat' dir='ltr'><strong>deliraverit.</strong></span> <span class='ocrx_word' id='word_1_323' title='bbox 359 4275 393 4333; x_wconf 71' lang='lat' dir='ltr'><strong>n</strong></span> <span class='ocrx_word' id='word_1_324' title='bbox 412 4293 432 4332; x_wconf 90' lang='lat' dir='ltr'><strong>s.</strong></span> <span class='ocrx_word' id='word_1_325' title='bbox 451 4276 482 4331; x_wconf 80' lang='lat' dir='ltr'><strong>L.</strong></span> <span class='ocrx_word' id='word_1_326' title='bbox 501 4275 537 4329; x_wconf 90' lang='lat' dir='ltr'><strong>Il.</strong></span> <span class='ocrx_word' id='word_1_327' title='bbox 556 4291 576 4329; x_wconf 94' lang='lat' dir='ltr'><strong>c.</strong></span> <span class='ocrx_word' id='word_1_328' title='bbox 596 4277 639 4329; x_wconf 77' lang='lat'><strong>40.</strong></span> 
     </span>
    </p>
   </div>
   <div class='ocr_carea' id='block_1_4' title="bbox 0 0 1398 4836">
    <p class='ocr_par' dir='ltr' id='par_1_4' title="bbox 0 0 1398 4836">
     <span class='ocr_line' id='line_1_40' title="bbox 0 0 1398 4836; baseline 0 0"><span class='ocrx_word' id='word_1_329' title='bbox 0 0 1398 4836; x_wconf 95' lang='lat' dir='ltr'><strong> </strong></span> 
     </span>
    </p>
   </div>
  </div>
 </body>
</html>
