2836 4804
323 468 445 522 Eventus
463 471 524 534 post
541 465 772 534 pseudosynodum
789 463 958 532 Ephesiuam.
1147 461 1199 514 sta

82 633 165 696 cepa
199 609 406 692 edoceretur3
452 619 488 674 ut
520 611 546 674 si
580 610 614 673 iu
646 609 794 672 eamdem
829 605 1070 670 confessionem
1098 603 1199 669 CPta·

81 731 148 772 nus
171 707 319 772 Antiates
347 717 414 772 toto
439 707 537 772 corde
564 708 778 784 consentiret,
811 726 879 790 pax
901 703 1071 768 Ecclesiae
1094 701 1200 766 firma·

81 819 184 871 retur.
232 803 291 869 sin
321 800 403 885 cero,
437 808 492 886 ait,
527 804 628 891 aliqui
660 828 680 868 a
697 806 841 891 puritate
864 812 989 866 nostrae
1011 801 1086 882 fidei
1108 811 1201 886 atque

80 905 217 968 Puto-um
248 905 435 967 anctoritate
467 904 669 980 dissentiant,
703 899 875 966 Concilium
905 897 1081 964 uniuersale
1113 900 1201 962 intro

80 1000 224 1078 ltaliam,
249 1002 329 1064 sicat
361 1001 497 1087 modus
531 1023 609 1086 qaae
632 997 669 1062 ob
701 999 781 1062 lonc
804 1019 931 1060 cuasam
953 999 1072 1061 Rornae
1096 1017 1200 1060 conce-

81 1109 177 1162 nerat
209 1119 325 1162 mcum
351 1100 445 1183 petit,
478 1097 641 1161 clementia
663 1106 767 1160 oestro
789 1094 956 1159 concedat:
992 1105 1027 1158 ut
1049 1095 1084 1157 in
1106 1115 1202 1156 annu

0 1211 1 1270 g
79 1195 338 1260 emorientibus
372 1195 521 1274 manian,
545 1195 593 1258 nes
627 1196 681 1280 qai
715 1204 771 1257 cot
792 1194 976 1278 ipnorcntic
1003 1201 1058 1255 cat
1092 1193 1201 1256 timore

72 1293 231 1380 prolapsi
253 1304 335 1370 sont,
359 1295 559 1356 correctionis
581 1291 727 1355 remediis
751 1290 946 1369 consulatur,
980 1313 1036 1354 nec
1059 1291 1202 1376 cuiquam

79 1391 169 1454 ultra
201 1391 245 1454 ait
268 1389 407 1470 libera-m,
441 1391 489 1454 ita
513 1391 675 1453 Nicaenae
702 1388 782 1472 fidei
795 1388 907 1474 facere
936 1391 1136 1468 mentionem,
1167 1397 1202 1450 nt

78 1493 148 1577 ejus
163 1487 249 1572 fidei
270 1489 451 1551 inveniatur·
482 1489 659 1551 concartau
667 1486 702 1573 ¹).
753 1486 901 1551 Similem
925 1485 1095 1571 epistolam
1120 1484 1201 1549 dire-

78 1589 130 1650 xit
146 1584 306 1650 Pontifex
329 1585 372 1649 ad
385 1583 605 1666 Pulcheriam,
630 1587 744 1670 inqua
767 1586 867 1648 etiam
886 1582 996 1669 quoad
1009 1580 1201 1672 Anatolium

78 1683 183 1748 dicit:
209 1683 253 1745 Et
276 1682 426 1768 epistolae
449 1705 544 1761 mccc,
568 1705 647 1768 quae
669 1683 712 1745 cd
725 1692 854 1746 sanctae
875 1681 1103 1746 recordationis
1127 1681 1201 1744 rta-

78 1784 212 1845 cianam
235 1790 281 1842 est
303 1780 433 1858 directa,
457 1778 671 1865 consentict2).

172 1879 228 1942 28.
253 1877 442 1962 Antequam
454 1875 553 1962 legati
569 1877 739 1942 Pontificio
755 1874 889 1940 CPolim
905 1876 1082 1956 venissent,
1099 1872 1201 1938 Theo·
1212 1897 1330 1938 manuus
1340 1897 1362 1938 a

80 1976 196 2040 dusius
221 1974 405 2059 Imperator
427 1975 493 2038 fato
518 1974 651 2037 functus
675 1981 732 2038 est.
780 1971 951 2058 Siquidem
975 1973 1055 2036 dum
1079 1972 1201 2056 equita·
1232 1956 1349 1999 mm·

78 2084 142 2154 ret,
178 2070 324 2156 collapso
357 2093 441 2157 equo
473 2073 619 2156 graviter
658 2071 775 2152 elisus,
800 2079 947 2135 mortuus
980 2079 1028 2133 cst
1061 2069 1114 2132 die
1147 2069 1203 2134 28·
1248 2119 1258 2134 ,

81 2171 207 2234 mensis
241 2168 323 2233 Julii
352 2192 382 2233 a.
415 2169 490 2250 450,
516 2168 582 2233 filio
613 2167 704 2232 haud
738 2166 861 2233 relicto.
908 2167 994 2232 Tum
1028 2165 1203 2230 Pulcheria

81 2268 240 2352 Angusta
264 2267 334 2351 ejus
358 2289 457 2346 soror,
489 2266 691 2350 suffragante
724 2275 839 2329 senatu
864 2275 895 2330 et
918 2266 1076 2345 exercitu,
1102 2266 1202 2350 impe-

81 2367 170 2428 rium
190 2365 345 2448 suscepit,
375 2362 536 2450 illudque,
553 2373 584 2427 et
603 2387 638 2426 se
655 2365 759 2448 ipsam
779 2365 813 2426 iu
829 2363 1075 2426 matrimonium
1097 2361 1203 2449 (salva

83 2460 302 2547 virginitate),
330 2461 467 2525 contulit
480 2461 648 2525 Marciano
670 2463 741 2524 viro
767 2460 870 2524 nobili
894 2472 926 2524 et
945 2453 1042 2546 plane
1061 2461 1202 2544 egregio.

6 2571 7 2578 ’
82 2561 279 2624 Marcianus
302 2557 359 2623 ubi
384 2561 559 2644 imperium
576 2560 727 2644 suscepit,
743 2558 866 2622 litteras
890 2557 982 2622 dedit
1004 2557 1047 2621 ad
1056 2557 1203 2622 Leonem

4 2699 9 2743 t
82 2658 188 2743 (circa
212 2656 314 2720 finem
327 2657 492 2742 Augusti),
518 2656 638 2743 quibus
667 2677 759 2720 suam
784 2657 824 2720 de
847 2677 929 2742 pace
952 2657 1121 2720 Ecclesiae
1144 2656 1202 2721 sol-

5 2779 6 2784 *
83 2753 296 2818 licitudinem
328 2756 357 2818 ei
382 2753 543 2835 declarat,
569 2763 601 2816 et
624 2775 658 2817 se
681 2763 832 2839 paratum
857 2753 938 2818 dicit
975 2753 1160 2818 Concilium
1183 2777 1203 2817 a

4 2863 9 2925 ’ς
85 2853 200 2917 Leone
227 2851 446 2918 desideratam
479 2851 552 2940 (σοῦ
584 2849 828 2936 adtenuantur)
853 2873 1045 2918 convocare.
1091 2851 1202 2914 Etiam

5 2936 12 3021 ἶ
82 2949 185 3034 legati
203 2949 375 3014 Pontificio
397 2947 578 3012 honorifice
594 2947 694 3013 CPoli
709 2949 833 3033 recepti
850 2959 935 3024 sunt,
960 2959 992 3013 et
1015 2969 1093 3012 mox
1105 2947 1203 3034 (forte

6 3060 10 3069 “
84 3068 200 3112 meuse
210 3045 407 3132 Novembri)
423 3045 570 3129 synodus
587 3045 632 3110 ibi
645 3045 758 3110 habita
774 3057 832 3128 est,
849 3048 883 3110 iu
898 3069 963 3132 qua
978 3044 1115 3132 epistola
1122 3044 1203 3109 Leo-

8 3144 13 3213 l
83 3147 135 3208 nis
159 3143 205 3208 ad
224 3141 423 3208 Flavianum
439 3143 626 3208 solemniter
644 3144 781 3208 recitata
796 3165 834 3206 ac
858 3157 989 3230 recepta
1012 3145 1093 3225 fuit3
1118 3165 1202 3206 eam-

5 3254 10 3265 '
85 3263 149 3328 que
181 3241 359 3305 Anatolius
390 3251 422 3306 et
450 3241 568 3326 reliqui
599 3262 712 3304 omnes
745 3263 803 3304 sua
834 3241 1072 3326 subscriptione
1095 3241 1202 3305 firma·

4 3375 5 3379 =
85 3349 171 3404 runt.
221 3337 277 3403 Ad
309 3338 391 3403 alios
424 3337 544 3402 deiude
577 3337 842 3423 metropolitanos
876 3339 991 3402 eadem
1020 3339 1121 3402 missa
1144 3347 1202 3418 est,

85 3441 141 3523 qui
167 3458 246 3501 cum
270 3459 347 3501 suae
371 3437 562 3522 provinciae
586 3437 747 3522 episcopis
771 3457 843 3500 eam
866 3436 1101 3521 approbarunt.

175 3533 430 3618 29.1taigitur
461 3535 495 3597 in
521 3533 656 3598 Oriente
689 3543 794 3597 status
826 3555 933 3598 rerum
959 3533 1057 3619 plane
1081 3536 1115 3597 in
1139 3555 1203 3596 me-

85 3633 148 3698 lius
174 3641 321 3696 mutatus
344 3641 402 3713 est,
427 3639 459 3695 et
481 3630 629 3716 plerique
646 3632 790 3716 episcopi
811 3632 867 3716 qui
892 3633 926 3695 iu
950 3630 1202 3716 pseudosynodo

86 3730 258 3816 Ephesiae
282 3729 408 3794 seducti
431 3728 563 3793 fuerant
584 3727 790 3792 reconciliari
805 3727 974 3792 Ecclesiae
997 3729 1203 3792 studuerunt.

86 3828 179 3892 luter
191 3827 349 3908 Leonem,
373 3837 471 3912 atque
486 3825 702 3907 Marcianum,
723 3825 941 3908 Pulcheriam,
967 3835 999 3889 et
1012 3825 1203 3889 Anatolium

87 3927 201 3990 variae
225 3923 382 4010 epistolae
415 3923 511 3988 datae
546 3924 687 3988 suntad
715 3945 767 3987 res
791 3923 1029 3988 ecclesiasticas
1052 3921 1204 3987 ordinan-

90 4079 301 4088 -fl—-u--a--a

162 4153 185 4219 ¹)
204 4151 252 4219 Ep.
272 4151 387 4206 XXXII.
407 4151 473 4206 eon,
493 4151 570 4205 Cone.
590 4151 672 4204 Labb,
691 4151 765 4206 Tom.
785 4151 832 4218 IV,
852 4153 899 4209 col.
921 4156 962 4206 59.

162 4234 185 4302 ²)
202 4232 250 4301 Ep.
271 4231 387 4299 XXXV3
405 4231 430 4285 S.
449 4231 547 4286 Leonis
566 4245 654 4298 opere,
674 4231 736 4299 edit.
757 4232 847 4286 Oolou.
867 4249 890 4288 a.
912 4233 989 4290 1561.
