2790 4812
372 503 411 556 De
430 505 631 558 confirmatione
651 505 728 558 (unc
748 503 866 557 Nicseui.
1126 507 1180 560 453

86 645 148 709 nodi
178 668 241 709 non
274 645 385 710 valere
420 647 482 710 nisi
517 649 740 711 consentiente
763 647 911 712 Romano
942 647 1113 728 Pontifice,
1144 656 1180 710 ut

85 745 227 828 antiquam
250 744 408 827 viguisse,
441 743 590 828 adeoque
623 743 888 808 concludendum
916 753 974 826 est,
998 746 1098 808 etiam
1121 765 1178 828 pro

84 839 204 904 decretis
237 839 379 905 Ooncilii
420 841 559 905 Nicaeni
593 841 755 928 ejusmodi
797 842 1068 928 approbationem
1109 863 1179 906 esse

83 939 211 1021 petiam.

155 1036 277 1100 Romae
310 1045 420 1100 autem
453 1035 536 1102 baec
559 1039 727 1122 persuasio
760 1036 802 1102 de
825 1037 1073 1102 confirmatione
1097 1035 1180 1102 Cou-

83 1130 136 1194 cilii
158 1134 293 1198 Nicseni
319 1157 339 1198 s
361 1135 519 1200 Silvestro
553 1136 630 1200 data
652 1135 929 1221 subsequentibus
952 1134 1091 1198 saeculis
1114 1155 1180 1198 om-

82 1233 146 1294 niuo
167 1233 284 1315 viguit.
332 1232 388 1297 Sic
411 1230 506 1296 Felix
530 1233 581 1298 ΠΙ
604 1233 710 1318 Epist.
742 1232 801 1314 IV,
835 1232 913 1297 data
939 1253 1026 1296 anno
1050 1234 1180 1296 circiter

81 1328 142 1399 lbi,
164 1329 204 1392 de
234 1328 385 1394 Concilio
417 1331 564 1394 Nicseno
602 1331 734 1396 scribit:
781 1328 884 1403 Quam
913 1353 1016 1396 uocem
1047 1329 1112 1417 (Tu
1145 1351 1181 1395 es

82 1425 193 1512 Petrus)
216 1439 378 1512 sepientes
393 1439 441 1492 ter
458 1439 579 1492 centum
596 1429 699 1493 decem
722 1439 752 1492 et
779 1439 845 1492 octo
876 1426 933 1492 SS.
959 1429 1070 1492 Patres
1094 1430 1181 1515 apud

84 1523 220 1586 Nicaeam
243 1529 433 1611 conprepati,
468 1526 732 1610 confirmationem
760 1549 863 1590 remam
893 1537 985 1611 atque
1009 1527 1179 1590 auctorita-

83 1631 129 1682 tem
158 1633 284 1686 sanetae
317 1625 480 1687 Romanae
513 1624 661 1688 eeclesiae
689 1624 877 1687 detulerunt.
918 1662 962 1672 —
998 1623 1180 1707 Dionysius

83 1716 215 1802 Exiguus
248 1741 327 1783 vero
360 1721 508 1786 Concilio
536 1723 683 1786 Nicaeno
716 1724 752 1784 in
785 1743 845 1784 sua
878 1721 1070 1786 collectione
1093 1719 1179 1786 hanc

83 1815 194 1880 addidit
216 1829 345 1883 notam:
392 1821 434 1884 Et
456 1820 593 1905 planat,
625 1831 660 1882 at
683 1821 757 1883 baec
784 1821 890 1884 omnia
918 1821 1115 1882 mitterentur
1138 1819 1181 1882 ad

83 1917 241 2002 episcopum
263 1917 351 1980 urbis
373 1919 493 1981 Romae
518 1917 710 1982 Silrestrum.

159 2014 227 2079 123.
252 2013 328 2077 Non
361 2015 540 2100 incongrue
573 2017 672 2078 etiam
705 2036 747 2077 ex
780 2012 983 2078 Muuzarellii
1017 2013 1181 2077 sententia

84 2107 231 2174 observari
269 2120 391 2196 potest,
428 2113 531 2198 ipsam
563 2113 835 2198 subscriptionem
866 2111 1049 2194 legatorum
1071 2109 1181 2173 Ponti·

84 2205 140 2270 ficis
160 2209 319 2294 ejusmodi
344 2232 415 2273 esse
429 2212 583 2296 potuisse,
601 2220 637 2273 ut
653 2211 857 2274 confirmatio
871 2207 1042 2273 Pontificis
1065 2205 1180 2272 eadem

81 2303 136 2386 jam
166 2307 428 2394 contineretur1).
481 2307 691 2394 Subscriptio,
716 2309 837 2393 iuquit,
866 2307 1039 2394 lepatorum
1061 2307 1180 2392 Papae,

79 2402 157 2484 fecta
178 2411 245 2496 ejus
267 2409 401 2485 nomine,
431 2429 590 2492 nunquam
619 2405 660 2471 ab
683 2404 871 2492 Apostoliea
892 2403 972 2469 Sede
995 2414 1180 2482 retraetata,

85 2499 132 2564 ino
151 2527 207 2567 uns
229 2513 410 2567 coenantes·
432 2514 555 2568 retenta
572 2527 635 2592 per
651 2501 897 2568 observationem
919 2513 949 2567 et
972 2503 1182 2566 assecutionem

87 2599 217 2680 biremi,
242 2625 343 2664 nonne
366 2625 435 2665 cere
458 2601 594 2666 &aenda
626 2613 672 2664 est
704 2599 894 2687 approbatio
927 2611 956 2663 et
988 2600 1182 2683 confirmatio

86 2697 167 2780 pius
189 2699 318 2784 Papae?
341 2700 449 2764 Posset
463 2700 554 2786 sorte
576 2699 638 2764 illa
668 2704 771 2790 major
798 2698 982 2762 solemnitas
1004 2696 1183 2760 desiderari

85 2817 147 2876 prce
168 2819 206 2859 ece
229 2795 365 2882 epistula
388 2797 534 2860 Silvestri
556 2797 600 2860 ad
623 2793 796 2860 Concilium
818 2794 1007 2874 resultaret;
1030 2793 1085 2856 sed
1107 2815 1181 2877 qua-

87 2893 158 2954 lemn
174 2894 217 2956 ad
229 2897 292 2957 eim
307 2894 553 2978 conpunctionis
561 2893 676 2980 praem
690 2893 785 2957 dubio
800 2892 976 2982 bajuauodi
995 2891 1181 2975 subscriptio

86 2987 236 3072 tapetes-um
265 2989 425 3076 sufficiens
454 3003 532 3056 erat.
584 2991 649 3056 Ubi
676 2991 866 3068 notandum,
890 2987 1064 3073 quodcum
1092 2986 1182 3049 Vitas

87 3095 109 3144 a
127 3087 299 3154 Vincentius
321 3092 445 3154 nomine
460 3090 569 3176 Papae
588 3089 828 3175 subscripserint
845 3097 874 3150 et
892 3085 1069 3150 Nicuenam
1083 3083 1182 3168 fldem

84 3185 205 3270 professi
226 3189 301 3266 sint,
325 3187 561 3274 supponendum
585 3198 640 3265 est,
657 3188 711 3250 boc
734 3187 769 3250 in
791 3183 954 3249 mandatis
976 3181 1118 3245 babuisse
1142 3179 1182 3242 ab

88 3281 141 3364 ipso
163 3283 320 3349 Silvestre.
371 3282 505 3372 Copnita
528 3286 610 3348 enim
642 3294 712 3347 erat
744 3282 894 3346 Silvestre
922 3303 1019 3345 causa
1033 3279 1116 3362 fidei
1144 3278 1182 3340 ele

88 3401 136 3460 pac
156 3383 324 3467 apebatur;
355 3383 484 3468 ideoque
514 3383 594 3446 adeo
619 3380 785 3468 probabile
817 3390 863 3444 cst
886 3401 975 3444 suam
998 3376 1184 3441 sententiam

89 3473 182 3560 legatis
217 3479 389 3545 tradidisse
419 3483 456 3544 ia
488 3477 627 3545 Caruilio
654 3478 902 3566 publicolam,
924 3488 959 3540 ut
991 3474 1183 3539 eontrarium

89 3595 197 3650 moran
218 3577 428 3644 maaemmile
451 3587 618 3664 appareat.

151 3735 167 3799 u
183 3736 221 3790 ue
238 3699 402 3828 ausanius
421 3737 487 3790 acm
506 3735 584 3790 Pons
604 3741 624 3788 t.
642 3735 665 3790 1.
685 3751 706 3788 a
725 3735 758 3788 v.
778 3734 802 3804 §-
821 3737 845 3786 a.

506 4045 738 4078 *⁴*-
