2836 4804
250 456 303 510 296
605 459 645 512 De
663 459 780 514 Consilio
799 458 1013 516 deeedoneusi.

244 602 339 686 psius
363 601 519 682 debuerat,
544 603 618 666 leaeo
634 613 749 688 postea
779 605 973 668 examinatio
997 605 1202 688 eosfimsaret.
1229 608 1348 671 Multum

250 698 380 784 deniqne
403 698 612 766 sacerdotalis
635 699 734 786 officii
751 702 894 764 metitum
916 699 1116 786 splendescit,
1139 703 1195 768 ets·
1218 705 1261 768 eie
1281 729 1348 768 sauv-

249 818 367 860 motum
399 808 540 862 seruetur
572 799 760 878 auotoritas,
792 808 828 860 nt
858 800 895 862 in
915 799 1003 864 uallo
1026 799 1215 885 inferiorum
1234 813 1349 888 putetur·

249 893 413 956 imminuta
437 893 575 959 libertas.
599 895 642 960 Et
665 895 709 958 ad
730 899 880 984 majorem
902 897 965 960 Dei
990 896 1124 983 plevium
1142 901 1269 984 proficit
1284 900 1349 982 tots

249 992 414 1068 sesannia,
438 991 563 1074 quando
587 992 632 1058 ed
653 993 708 1056 boe
721 1015 753 1056 se
773 993 889 1079 aceepit
904 995 1071 1058 meandi
1087 996 1218 1080 fiducia,
1241 1009 1274 1060 nt
1293 997 1348 1059 vire

249 1099 339 1150 catur·
363 1088 548 1170 adversitas,
572 1112 611 1152 ne
635 1090 717 1174 quod
737 1113 795 1175 per
816 1112 848 1154 se
865 1090 1025 1176 probatur
1044 1093 1221 1178 reprobent,
1245 1093 1350 1157 silentii

244 1185 444 1274 praejudicio
467 1186 612 1251 videntur
635 1187 860 1272 oppressum¹).

337 1284 389 1348 48.
414 1283 528 1365 Vides,
552 1285 661 1350 iubis
685 1306 757 1349 eam
790 1283 934 1350 indolem
958 1286 1218 1352 confirmationis
1240 1290 1347 1372 episto

247 1402 364 1466 porum
389 1381 541 1462 describi,
566 1404 666 1466 quam
690 1384 840 1468 superius
863 1383 1125 1470 explanavimus.
1173 1385 1269 1465 Quod
1290 1386 1349 1469 qui-

249 1479 325 1542 dam
351 1477 585 1562 dubitaverint,
616 1499 675 1566 per
710 1501 743 1544 se
765 1481 834 1544 Leo
858 1481 1045 1546 mullatenus
1076 1483 1246 1566 approbet,
1270 1505 1305 1546 ae
1326 1483 1347 1542 si

249 1586 324 1641 aute
360 1576 455 1640 firma
487 1598 552 1642 non
584 1578 684 1642 fuerit
715 1581 877 1643 sententia
906 1578 1002 1644 Sedis
1035 1579 1262 1663 Apostolieae;
1299 1579 1347 1642 sed

248 1696 350 1760 quum
380 1697 400 1736 a
429 1675 578 1738 veritatis
608 1674 700 1740 hoste
733 1676 766 1740 id
790 1678 988 1760 provenerit,
1023 1676 1174 1757 ostendit,
1198 1676 1347 1761 quomodo

249 1772 457 1858 providentia
468 1771 531 1834 Dei
556 1773 589 1836 in
613 1773 736 1837 bonum
761 1795 893 1838 versum
918 1776 969 1838 sit.
997 1771 1139 1854 Gaudet,
1157 1775 1243 1860 quod
1264 1775 1346 1838 Prae-

248 1869 335 1934 sules
358 1871 398 1932 iis
421 1867 640 1951 adhaeserint,
664 1895 742 1956 qnae
765 1881 872 1936 nostro
886 1874 981 1957 prim
1003 1873 1177 1934 πιίηὶσίεήο
1201 1873 1283 1935 Deus
1303 1871 1345 1932 de·
1393 1903 1394 1922 ι

239 1967 383 2052 finierat,
407 1966 495 2052 quod
518 1991 596 2052 quae
610 1968 695 2052 fides
712 1970 807 2054 prius
834 1969 993 2046 docuerat,
1016 1970 1091 2032 ineo
1107 1979 1222 2054 posteo
1243 1968 1346 2030 senni-
1393 2031 1394 2036 ,

248 2069 337 2130 notio
362 2065 565 2149 confirmaret.
612 2065 821 2151 Expositioni
842 2065 918 2130 fidei
944 2068 978 2130 in
1005 2066 1144 2150 epistola
1166 2065 1209 2130 ad
1231 2067 1256 2129 F
1257 2065 1344 2128 lavia·
1393 2103 1394 2112 κ

249 2185 329 2228 num
353 2163 430 2228 data
460 2164 561 2246 igitur
592 2185 650 2248 per
682 2186 716 2228 se
749 2163 818 2226 vim
842 2163 973 2248 plenam
996 2163 1122 2244 tribuit,
1147 2184 1230 2248 quae
1251 2165 1345 2244 exige·

249 2261 306 2326 bat
329 2260 599 2342 submissionem
624 2281 763 2324 examen
783 2269 892 2324 autem
909 2261 1112 2346 subsequens
1135 2263 1342 2346 episcoporum

250 2367 282 2422 et
313 2378 482 2422 assensum
513 2358 779 2437 confirmantem,
812 2356 948 2422 exhibet
979 2369 1137 2444 tanquam
1168 2379 1297 2422 examen
1317 2365 1343 2418 et

249 2477 418 2522 assensum
442 2454 686 2539 intelligentiae,
711 2463 748 2518 ut
771 2455 827 2540 qui
843 2457 952 2520 minus
975 2455 1204 2540 intelligebant
1226 2460 1341 2522 iustrue-
1393 2455 1394 2526 l

249 2567 362 2620 renum
384 2563 423 2617 et.
439 2575 528 2618 error
551 2553 719 2616 effioaeius
742 2553 941 2638 rejiceretur.

337 2655 390 2718 49.
414 2652 637 2717 Nihilominus
661 2650 841 2714 adversarii
863 2672 904 2714 ex
927 2650 989 2714 hoe
1014 2661 1107 2714 textu
1131 2651 1279 2736 ingerunt
1297 2647 1340 2710 illu

250 2751 370 2815 verba:
427 2749 513 2823 Quae
545 2759 651 2812 seostro
685 2749 780 2832 prius
816 2748 990 2812 ministerio
1031 2747 1151 2835 (Deus)
1188 2749 1340 2831 definierat.

248 2851 411 2914 ttniuersae
436 2848 657 2933 frateneitutis
690 2845 917 2909 inenacuabili·
930 2847 1073 2928 firotueit
1105 2869 1247 2923 msensu,
1268 2865 1299 2908 so
1316 2843 1338 2902 si

248 2957 324 3010 ante
356 2965 524 3009 assensum
558 2955 589 3008 et
622 2943 902 3007 confirmationem
942 2943 1156 3007 fraternitatis
1189 2944 1336 3006 universae

248 3065 305 3108 seu
329 3043 446 3128 synodi
470 3043 711 3120 oecumenicae,
736 3041 904 3104 decretum
929 3040 1152 3124 dogmaticum
1168 3039 1260 3104 Sedis
1272 3037 1333 3120 Apo·

248 3140 381 3204 stolieae
404 3161 463 3225 per·
485 3162 519 3202 se
542 3139 710 3202 retraetari
735 3147 767 3200 et
790 3138 833 3202 ad
854 3135 1017 3202 caleulum
1040 3159 1098 3202 seu
1122 3159 1258 3202 examen
1279 3133 1334 3198 lihe-

248 3259 318 3304 rum
345 3259 419 3300 eum
439 3238 513 3322 jure
538 3236 705 3299 dissensus
735 3236 881 3298 revocari
913 3245 1021 3320 queat.
1067 3234 1208 3300 Addunt
1229 3237 1260 3299 in
1281 3251 1334 3295 cou-

248 3337 466 3400 firnrutioneru
499 3333 688 3420 sequeutia:
728 3331 988 3396 &scammonia
1015 3345 1159 3396 servatur
1182 3333 1334 3398 metentes.

248 3444 283 3498 ut
305 3436 339 3496 in
362 3433 449 3497 nullo
472 3431 659 3518 inferiorum
667 3441 799 3516 putetur
827 3431 992 3494 immutata
1015 3429 1156 3495 libertas.
1173 3469 1216 3478 -
1230 3427 1288 3495 Sed
1305 3443 1336 3486 ex

249 3531 300 3596 his
324 3529 414 3596 nulla
437 3528 615 3592 difficultas
645 3527 749 3592 solida
781 3538 887 3611 potest
919 3527 1076 3611 depromi,
1101 3528 1274 3613 eademque
1293 3517 1336 3584 sol·

249 3641 374 3694 vuntur
407 3630 448 3692 iis
482 3650 566 3712 quae
601 3627 722 3712 passim
758 3625 1019 3710 explanavimus.
1063 3625 1248 3690 Firmantur
1276 3637 1337 3683 saue

249 3728 421 3794 doetrinae·
441 3726 563 3790 Leonis
587 3725 760 3787 universae
791 3723 1004 3786 fraternitatis
1034 3744 1179 3802 assensu,
1202 3729 1338 3807 quatenu

249 3825 365 3892 eodem
399 3822 575 3888 solemnius
606 3819 712 3884 elueet
741 3821 925 3884 eommunis
957 3821 1056 3884 totius
1078 3821 1244 3884 Ecclesiae
1264 3813 1338 3878 tides.

251 3923 455 4007 multumque
490 3918 665 4001 confertur,
701 3928 735 3980 ut
769 3919 938 3982 effieaeius
972 3917 1028 3982 illa
1055 3918 1138 3982 fides
1161 3925 1295 3982 servetur
1312 3921 1338 3970 et

252 4021 457 4086 defendatur.
503 4015 778 4082 irretractabilem
803 4025 914 4079 autem
937 4035 1106 4080 assensum
1131 4015 1218 4082 illum
1246 4004 1336 4094 appel·

252 4164 463 4174 ..om-q—-u

328 4241 349 4309 ¹)
368 4241 455 4308 Epist.
475 4239 527 4303 633
547 4239 635 4305 Opera
653 4237 679 4291 S.
698 4235 806 4292 Leonis.
