2806 4848
290 1351 651 1474 Dissertatio
691 1358 930 1472 octava.

70 1577 118 1658 lte
141 1576 314 1660 abolito
339 1595 421 1678 per
449 1573 700 1658 Nestorium
727 1571 876 1656 officio
902 1569 1164 1674 Presbyteri

434 1712 781 1817 poenitentiarii.

144 2051 175 2114 1.
201 2049 320 2114 Nellos
343 2060 388 2114 est
412 2047 496 2114 locus
518 2051 553 2113 in
568 2049 714 2113 Historia
737 2045 957 2124 ecclesiastica,
974 2045 1087 2109 scribit
1101 2045 1164 2109 Va·
1181 2063 1320 2136 arnamar»

68 2147 152 2212 lesius
177 2150 211 2212 in
237 2149 304 2212 suis
327 2147 370 2213 sd
394 2147 560 2213 Socratem
580 2148 674 2229 notis,
691 2148 745 2232 qni
767 2146 926 2209 doctorem
948 2145 1102 2208 bominum
1118 2145 1164 2208 in·
1181 2125 1216 2166 ¹¹¹⁸
1231 2125 1321 2166 Μ·

67 2248 145 2330 senia
170 2248 271 2332 maqis
294 2247 475 2324 eaercaesii,
499 2269 592 2330 qaam
613 2247 672 2309 iste
695 2245 732 2308 de
751 2243 934 2330 Presbytero
951 2243 1164 2329 poenitentia·

68 2347 105 2406 rio
130 2341 406 2430 Constantinopoli
437 2343 559 2408 sublato
568 2342 600 2430 ¹).
647 2343 790 2407 Narrant
821 2339 976 2406 videlicet
1007 2349 1077 2403 tum
1110 2339 1160 2404 So·

68 2453 159 2508 crates
182 2452 255 2507 tum
279 2440 518 2528 sozomenum),
547 2465 567 2506 a
589 2441 742 2507 Nectario
770 2438 934 2503 sublatum
958 2437 1058 2502 fuisse
1082 2436 1165 2502 Cou-
1227 2439 1235 2460 ¹

67 2539 267 2626 stantinopoli
293 2563 410 2604 munus
433 2539 621 2624 Presbyteri
645 2539 887 2626 poenitentiarii
918 2536 959 2600 ob
973 2534 1165 2600 scandalum

68 2637 221 2722 quoddam
248 2639 283 2702 in
307 2640 369 2702 ista
392 2637 531 2702 ecclesia
546 2646 706 2701 exortum.
729 2635 839 2721 Hujus
862 2635 1006 2699 muneris
1030 2633 1163 2719 abroga-

67 2737 144 2800 tione
168 2757 265 2820 porro
289 2735 384 2800 abusi
409 2745 485 2800 eunt
506 2735 675 2816 Calvinus,
700 2745 732 2798 et
755 2743 827 2820 post
850 2754 925 2796 eum
948 2734 1070 2817 passim
1094 2753 1165 2818 pro-

66 2843 221 2916 testantes,
257 2843 294 2896 ut
324 2833 568 2898 sacramentalis
601 2833 814 2898 consessionis
845 2831 1111 2894 neocaessiiatem
1135 2837 1167 2892 et

4 2943 6 2984 t
65 2931 295 2996 institutionem
307 2932 455 2997 divinam
466 2934 706 3018 impugnarent.
715 2930 958 2995 —Doctriusm
971 2927 1165 2992 catholicam

66 3027 99 3091 de
130 3031 337 3094 confessione
369 3029 553 3094 Concilium
585 3029 817 3094 Tridentinum
850 3050 926 3092 sees.
959 3027 1052 3090 XIV.
1086 3048 1113 3090 c.
1143 3027 1164 3090 5

64 3125 145 3191 bisce
169 3127 333 3192 declarat:
357 3129 409 3192 Ea
432 3129 629 3193 institutione
650 3127 846 3191 Sacramenti
861 3127 1077 3213 poenitentiae
1093 3129 1165 3214 jam

4 3261 6 3270 =
64 3225 227 3311 replicata,
243 3227 390 3289 universa
406 3225 548 3290 Ecclesia
568 3249 686 3312 semper
700 3224 859 3288 intelleait
870 3225 1048 3287 institutam
1071 3225 1164 3286 etiam

64 3345 81 3383 o
101 3323 235 3387 Domino
260 3325 621 3410 inicerempeccatoram
634 3323 866 3408 confessionem,
882 3332 910 3383 ei
932 3320 1073 3384 omnibus
1089 3331 1165 3406 posi

4 3433 5 3462 ³
64 3417 243 3506 baptismum
266 3421 368 3508 lapsis
382 3425 456 3510 jare
471 3421 576 3485 diuino
600 3423 808 3484 neceesarium
823 3421 963 3484 existere.
993 3419 1165 3483 Praeterea

63 3518 185 3582 subdit:
214 3516 290 3583 Cum
313 3544 333 3583 a
356 3521 561 3585 sanctissimis
584 3531 613 3582 et
637 3519 863 3604 antiquissimis
883 3515 1032 3580 Patribus
1054 3539 1164 3602 moeno

64 3617 255 3702 sereniorique
279 3639 428 3682 consensa
450 3628 568 3681 secreta
591 3617 744 3702 confessio
768 3613 1016 3692 sacramentalis,
1042 3638 1103 3701 qna
1126 3615 1165 3678 ab

62 3713 150 3776 initio
173 3715 314 3779 Ecclesia
344 3725 455 3779 sancta
483 3739 541 3780 asa
571 3726 617 3780 est
645 3725 674 3778 ei
703 3714 792 3777 modo
821 3714 915 3776 etiam
937 3714 1046 3790 retitur,
1062 3711 1166 3798 fisarit

62 3831 177 3898 semper
197 3813 421 3892 commendata,
435 3813 601 3900 manifeste
615 3812 772 3899 refellitur
795 3813 902 3875 inanis
925 3832 1029 3873 eornm
1052 3809 1164 3872 caium·

62 3909 123 3986 nia,
147 3913 200 3995 qui
221 3934 289 3975 eom
313 3936 333 3976 a
356 3912 462 3976 divino
485 3911 634 3974 mandato
664 3909 801 3974 alienam
824 3920 853 3971 et
882 3909 1039 3972 inventam
1061 3907 1164 3970 bama·

62 4027 129 4068 eom
142 4029 249 4085 essa..
263 4009 371 4072 docere
383 4033 447 4073 non
458 4019 609 4072 serentur.
623 4047 666 4056 —
680 4008 801 4072 Verum
815 4007 871 4092 qui
883 4005 1028 4070 Nectarii
1041 4004 1164 4068 factum

63 4105 301 4185 poenitentiarii
327 4105 514 4192 Presbyteri
538 4128 658 4169 munus
679 4104 867 4188 abrogantie
893 4103 1102 4188 objecerunt,
1127 4125 1165 4169 ea

62 4219 267 4231 -—-—-

134 4279 570 4351 remunerarem
681 4279 974 4354 nuruum.
