2806 4848
254 429 304 486 158
669 426 709 482 De
727 425 800 482 aaa
818 427 946 483 Nectarii.

252 583 347 638 saret.
394 571 459 638 Sed
491 581 619 657 praeter
650 573 864 636 intentionem
897 572 1080 657 presbyteri
1109 575 1343 660 poenitentiarii,

252 683 284 736 et
306 671 532 757 imprudenter
554 679 632 732 tunc
655 669 879 734 manifestavit
895 671 1018 735 crimen
1042 673 1173 736 interim
1195 693 1266 736 cum
1288 672 1344 736 dia·

252 793 333 834 cono
359 770 579 834 commissum.
603 767 643 831 ld
666 769 773 853 potuit
796 767 865 832 fieri
889 767 941 831 vel
966 789 1009 832 ex
1032 769 1142 834 dolore
1157 791 1272 854 magno
1294 772 1346 832 ista

252 869 293 933 de
317 891 360 949 re,
386 877 478 930 etex
500 866 603 929 animi
622 865 869 950 perturbatione
890 887 974 952 quae
998 868 1033 931 in
1056 867 1249 932 mulieribus
1269 866 1346 930 haud

252 990 325 1032 rara
348 976 407 1046 est,
432 962 484 1026 vol
509 964 608 1027 etiam
632 985 674 1026 ex
697 962 935 1046 indignatione,
952 965 979 1028 si
1003 964 1087 1028 forte
1109 989 1129 1029 a
1153 966 1288 1030 diacono
1310 967 1348 1027 in·

253 1065 345 1128 sidiis
370 1062 422 1126 vel
446 1060 602 1125 violentia
625 1060 688 1125 sibi
712 1060 868 1146 iujuriam
883 1061 1005 1126 factam
1030 1085 1100 1127 esse
1124 1067 1260 1128 censuit.
1283 1063 1347 1126 For·

252 1171 337 1226 tasse
360 1161 510 1226 Socrates
533 1180 599 1221 nou
622 1168 774 1220 accurate
788 1159 887 1222 scivit
903 1180 968 1244 qua
990 1162 1118 1226 ratione
1141 1162 1349 1226 manifestatio

252 1259 399 1322 criminis
422 1255 588 1338 acciderit,
614 1256 671 1319 sed
694 1255 798 1319 verba
821 1256 891 1341 ejus
914 1259 1047 1322 omniuo
1073 1271 1259 1343 congruunt
1279 1259 1349 1342 ejus·

253 1356 341 1420 modi
364 1353 516 1440 publicae
540 1353 747 1434 confessioni,
771 1364 803 1416 et
827 1353 1063 1420 describendae
1087 1359 1271 1444 expulsioni
1294 1357 1350 1420 ‹lia-

252 1455 326 1518 coni
350 1463 383 1515 et
402 1453 610 1516 commotioni
626 1451 855 1534 multitudinis,
871 1475 955 1538 quae
977 1457 1181 1520 consectaria
1203 1455 1276 1520 talis
1297 1477 1351 1517 ma·

252 1551 469 1616 nifastationia
492 1549 633 1613 fuerunt.
683 1549 812 1633 „Etiam
845 1549 952 1632 aliud,
977 1553 1099 1638 inquit,
1125 1556 1230 1639 ipsius
1252 1575 1351 1640 pecca·

252 1661 321 1714 turn
345 1649 514 1712 accusavit
538 1645 736 1734 (καιηγὺρει).
754 1698 761 1714 .
779 1695 786 1712 .
802 1699 811 1712 .
826 1648 900 1713 Hoc
923 1649 1049 1714 dictum
1072 1654 1205 1736 paravit
1228 1651 1352 1716 diacono

252 1748 386 1834 quidem
410 1768 502 1810 suam
526 1746 719 1831 ejectionem
743 1769 785 1810 ex
800 1746 938 1812 ecclesia
961 1753 1067 1830 (reiro
1090 1747 1209 1829 λεχθὲν
1230 1748 1284 1814 τὸν
1304 1747 1353 1829 μὲν

254 1843 400 1910 drc'raovov
423 1849 477 1929 τῆς
507 1837 682 1929 enarratae
711 1840 859 1908 ἓκπέσειν
891 1843 1133 1934 παρεσκέυασε).
1182 1847 1352 1912 Commotio

253 1953 363 2008 autem
385 1945 491 2006 tenuit
515 1940 759 2006 multitudinem
778 1940 910 2030 (ταράχη
925 1941 960 2006 δὲ
983 1941 1120 2031 κατίσχῃ
1142 1943 1184 2008 τὰ
1208 1943 1353 2032 validm-l

253 2043 337 2106 Tota
360 2042 459 2106 dictio
484 2041 638 2120 insinuat,
664 2060 730 2103 non
745 2040 914 2124 paulatim,
928 2041 986 2106 sed
1010 2063 1052 2106 ex
1075 2045 1246 2128 inopinato
1269 2051 1353 2127 atque

254 2140 361 2206 subito
386 2159 525 2222 magnae
549 2136 751 2201 multitudini
781 2140 905 2202 crimen
931 2141 1176 2205 manifestatum
1201 2143 1306 2219 scrisse,
1328 2147 1354 2198 ct

255 2239 364 2302 statim
388 2235 633 2322 perturbatione
657 2245 688 2299 et
709 2238 926 2301 commotione
951 2259 1023 2303 eam
1047 2239 1148 2303 fuisse
1172 2237 1353 2324 perculsam.

255 2337 311 2400 Uti
336 2337 370 2398 in
394 2333 555 2420 ejusmodi
586 2332 681 2397 factis
715 2333 868 2398 scandalo
902 2333 1007 2421 plenis
1041 2336 1111 2400 fieri
1136 2336 1266 2416 assolet,
1289 2335 1353 2398 dein

255 2435 347 2499 linita
371 2433 506 2498 collecta
529 2431 703 2496 multitudo
737 2431 909 2496 ecclesiam
942 2433 1141 2519 relinquens,
1171 2434 1300 2500 nonnisi
1321 2429 1354 2493 de

254 2535 314 2597 isto
336 2539 457 2596 eventu
480 2528 640 2594 collocuta
663 2539 720 2610 est,
745 2539 784 2594 ac
808 2533 917 2596 statim
939 2553 990 2598 res
1014 2534 1048 2596 in
1073 2543 1143 2597 tota
1166 2534 1300 2598 civitate
1318 2529 1354 2592 ‹li-

254 2630 397 2714 vulgata.
443 2627 526 2692 Inde
558 2629 694 2692 irritatio
725 2630 759 2692 in
784 2628 908 2692 clerum
939 2639 971 2692 et
994 2651 1133 2714 magnae
1157 2628 1354 2694 difficultas

254 2738 386 2793 axonae
411 2725 526 2810 sunu).
551 2766 590 2774 -
617 2726 730 2790 Habes
753 2727 853 2810 igitur
876 2726 1041 2813 duplicem
1066 2737 1206 2792 eventus
1230 2725 1355 2812 explica-

254 2829 395 2908 tionem3
420 2834 535 2889 neutra
559 2824 692 2910 quidem
716 2825 861 2888 continet
885 2824 966 2911 quid
988 2827 1023 2890 iu
1047 2849 1081 2890 se
1099 2847 1297 2912 repugnans,
1318 2845 1354 2884 rr·

255 2925 364 2988 cunda
385 2933 496 2987 tamen
522 2923 681 3008 expositio
706 2920 801 2986 nobis
824 2921 1025 3007 probabilior
1048 2923 1191 2991 videtur.

344 3023 395 3086 28.
420 3021 533 3086 Restat
547 3020 744 3084 elucidanda
758 3022 853 3084 tertia
869 3023 1027 3106 quaestio,
1049 3021 1091 3085 de
1097 3021 1194 3106 facto
1214 3019 1354 3086 Nectarii.

256 3121 336 3206 quid
359 3119 514 3184 videlicet
537 3121 605 3204 ipse
630 3119 664 3183 in
681 3117 857 3204 disciplina
871 3119 1097 3204 poenitentiali
1123 3121 1290 3184 sustulerit
1313 3115 1354 3178 vol
1384 3127 1385 3144 ³

256 3219 489 3282 immutaverit.
537 3215 748 3280 Conveniunt
771 3215 904 3302 quidem
929 3239 1041 3282 omnes
1064 3227 1226 3302 auctores,
1251 3217 1354 3283 alioc-
1384 3255 1385 3299 ,

255 3317 337 3380 tario
361 3315 588 3401 presbyterum
603 3316 892 3401 poenitentiarium
905 3315 1040 3400 ejusque
1065 3337 1186 3380 munus
1210 3316 1354 3382 abolitum

256 3437 334 3496 osse,
359 3435 460 3499 quum
494 3413 527 3476 id
561 3436 602 3476 ex
634 3413 777 3478 Socratis
810 3422 842 3476 et
866 3413 1037 3478 Sozomcni
1072 3417 1261 3478 narratione
1284 3412 1355 3476 clare

256 3511 437 3596 colligatur.
476 3510 541 3575 Sed
566 3509 644 3573 dum
669 3513 854 3575 accuratius
878 3521 1048 3597 exponunt
1072 3535 1156 3598 quae
1179 3536 1199 3577 a
1217 3511 1355 3578 Nectario

255 3611 412 3695 abrogata
436 3610 510 3690 sint,
535 3607 623 3672 haud
657 3611 875 3674 consentiunt.
921 3610 1142 3675 Protestantes
1174 3623 1207 3674 et
1235 3608 1355 3698 quidam

257 3707 407 3772 catholici
433 3709 557 3794 opinati
582 3717 666 3792 sunt,
690 3729 765 3770 cum
780 3707 970 3792 presbytero
995 3709 1247 3794 poenitentiario
1272 3709 1355 3770 ctiam

256 3807 493 3871 confessionem
518 3829 538 3870 a
560 3805 713 3870 Nectario
744 3805 935 3890 abrogatam
966 3806 1085 3890 fuisse3
1111 3805 1178 3888 alii,
1203 3809 1252 3870 uti
1276 3803 1357 3868 Valc-

257 3907 333 3987 sius,
359 3915 493 3969 censent
515 3913 644 3968 tautum
677 3906 784 3989 ipsum
818 3904 1047 3990 presbyterum
1074 3905 1236 3969 abolitum
1258 3905 1358 3967 fuisse.

258 4006 493 4090 poenitentiam
517 4025 595 4068 vero
619 4003 787 4089 publicam
806 4003 908 4067 fuisse
922 4013 1150 4068 conservatam
1173 4003 1236 4067 sub
1260 4003 1358 4066 imme
1383 4085 1384 4090 η

262 4142 469 4150 ——-—-.-.-.

335 4219 354 4288 ¹)
374 4217 429 4270 efr.
448 4217 538 4271 Frank
557 4217 573 4271 l.
593 4234 613 4271 c.
632 4235 657 4288 p.
680 4219 737 4272 186.
