2876 4814
255 485 309 540 tes
592 485 632 538 De
651 484 737 554 Opere
755 485 1037 553 Philosophoumeuon.

255 628 309 693 hic
332 637 455 710 notare,
480 627 575 715 plura
598 649 769 694 occurrere
792 631 976 717 inscriptis
1005 629 1210 712 Tertulliani,
1235 651 1328 719 quae
1354 635 1382 696 si

255 726 467 792 conferantur
490 747 566 791 cum
590 728 631 791 iis
654 747 738 812 quae
761 729 797 792 in
827 749 926 814 opere
945 727 1298 815 Thilosophoumenon
1323 729 1383 794 ha·

254 823 384 906 bentur,
408 823 564 889 videntur
587 845 656 890 esse
672 824 848 890 allusiones
864 827 1061 891 sarcasticae
1084 827 1127 892 ad
1142 827 1175 893 S.
1187 825 1381 893 Callistum.

254 922 307 987 lta
345 923 471 988 Auctor
508 921 853 1009 Philosophoumenon
893 946 969 989 cum
1003 933 1194 1011 contemptu
1226 924 1382 1012 loquitur

256 1020 297 1086 de
330 1019 456 1086 Callisti
489 1023 661 1106 martyrio,
695 1021 737 1086 de
769 1021 1045 1088 condemnatione
1077 1022 1121 1088 ad
1153 1021 1302 1105 metalla,
1339 1023 1381 1089 de

255 1119 326 1204 ejus
357 1120 467 1185 reditu
498 1142 538 1184 ac
569 1121 727 1208 pensione
759 1130 906 1208 accepta.
960 1119 1185 1186 Tertullianus
1216 1141 1302 1186 vero
1329 1123 1380 1186 De

256 1218 417 1282 Pudicitia
449 1239 477 1283 e.
514 1219 569 1282 12:
609 1217 746 1284 Attiou
768 1219 899 1284 metalla
922 1218 1117 1307 coafitqiooat,
1142 1220 1271 1284 atinde
1298 1243 1380 1284 eom-

254 1317 464 1380 muuioutoros
491 1328 699 1397 recentatur,
728 1317 784 1381 ott
803 1323 875 1408 jam
904 1317 995 1382 uliud
1023 1319 1209 1405 mot-tyrium
1233 1341 1380 1382 necemu-

254 1415 337 1476 risun
359 1424 405 1478 ost
426 1413 550 1480 delictis
567 1426 643 1502 post
656 1417 841 1502 martyrium
862 1417 959 1480 cocis.
1010 1413 1089 1489 Quis
1110 1427 1233 1503 martyr
1258 1417 1381 1482 saeusli

254 1511 370 1590 incola,
400 1512 544 1577 demotis
579 1513 729 1600 supplex,
758 1513 876 1578 medico
910 1513 1066 1578 obnoxius
1101 1525 1131 1578 et
1157 1514 1376 1601 foeneratori.

255 1607 349 1674 Haec
362 1609 459 1675 facile
473 1610 597 1676 dixeris
607 1612 782 1676 sarcastice
796 1611 831 1674 in
847 1609 1018 1676 Callistum
1028 1611 1224 1676 Pontificem
1236 1611 1377 1698 prolata.

344 1708 397 1774 93.
422 1706 570 1774 Graecae
598 1708 731 1793 linguae
762 1731 850 1792 usus,
881 1711 1001 1774 summi
1033 1709 1208 1774 sacerdotii
1234 1719 1378 1774 ostenta·

256 1807 301 1870 tio
324 1815 357 1872 et
378 1807 589 1892 reprehensio
620 1807 757 1872 secundi
789 1807 956 1893 baptismi,
987 1830 1072 1894 quae
1102 1806 1242 1871 Auctori
1268 1805 1377 1874 Philo

256 1904 504 1991 sophoumenon
533 1907 666 1993 propria
695 1915 781 1988 sunt,
812 1907 912 1970 etiam
946 1929 966 1970 a
989 1905 1192 1971 Tertulliano
1226 1926 1299 1970 non
1324 1905 1377 1970 ab·

255 2002 398 2070 horrent.
428 2040 473 2050 -
501 2003 723 2068 Tertullianus
753 2001 894 2068 callebat
921 2013 1096 2090 utramque
1119 2003 1282 2088 linguam,
1308 2004 1376 2068 lati·

256 2123 332 2166 nam
356 2111 388 2165 et
410 2123 573 2185 graecam.
620 2100 805 2166 Graecismi
825 2103 861 2166 in
876 2103 947 2188 ejus
969 2102 1124 2188 operibus
1147 2102 1263 2166 latinis
1288 2103 1374 2167 iden-

253 2199 356 2264 tidem
380 2209 566 2281 0ccurrunt,
583 2210 681 2286 atque
705 2202 739 2264 in
761 2200 880 2265 iisdem
900 2209 1047 2284 testatur,
1072 2198 1250 2266 nonnullos
1275 2199 1375 2264 libros

253 2317 287 2361 se
323 2295 453 2362 Graeca
488 2297 603 2382 lingua
639 2299 816 2384 scripsisse.
867 2298 916 2362 De
948 2295 1073 2364 Corone
1111 2321 1138 2364 c.
1178 2297 1199 2362 6
1238 2297 1372 2362 scribit:

253 2391 307 2458 stc
337 2397 443 2481 itaque
476 2407 506 2460 et
534 2398 619 2460 circo
640 2395 818 2483 voluptates
848 2396 1094 2482 spectaculorum
1115 2395 1282 2482 infumata
1306 2417 1372 2458 coa·

253 2491 333 2556 ditio
356 2503 411 2572 est,
436 2493 475 2558 ab
499 2496 545 2559 eis
567 2496 622 2580 qui
643 2505 762 2558 notura
793 2495 917 2580 quidem
939 2494 1003 2558 Dei
1027 2495 1133 2558 omnio
1156 2494 1311 2572 ratmunt,
1335 2513 1372 2556 ca·

252 2591 363 2676 quidus
385 2593 564 2678 spectacdu
586 2594 794 2670 imbuuntur,
818 2592 952 2656 eductio
984 2603 1087 2656 ouum
1109 2590 1261 2675 deficiunt
1291 2588 1371 2654 illud

252 2709 369 2776 quoque
391 2691 582 2778 intelligere,
616 2693 722 2755 omnio
751 2713 815 2754 esse
853 2714 874 2753 a
895 2689 1024 2754 diabolo
1061 2699 1191 2754 mutato.
1248 2686 1316 2752 Sed
1344 2698 1372 2750 et

251 2789 321 2852 huie
355 2791 508 2854 maurice
539 2800 673 2876 propter
711 2787 908 2854 mauiludios
942 2798 1067 2852 costos
1102 2809 1214 2873 praeco
1253 2807 1369 2872 qsquse

252 2885 334 2968 stylo
357 2888 575 2973 satisfacimus.
584 2889 610 2972 ¹)
643 2925 687 2934 -
720 2886 832 2967 Quum
855 2907 951 2972 porro
982 2883 1206 2948 Tertullianus
1239 2883 1368 2970 abjecta

252 2983 527 3050 Montanisterum
551 2987 793 3066 communione,
807 2986 959 3070 propriae
969 2983 1122 3047 factionis
1138 2981 1238 3046 fuerit
1263 2991 1367 3068 caput,
1421 3033 1422 3044 ι

251 3103 318 3146 non
342 3081 497 3148 abhorret
516 3083 559 3148 ab
576 3085 645 3169 ipso
656 3084 818 3169 jactantia
834 3081 889 3148 illa
905 3081 946 3146 de
970 3081 1225 3166 participatione
1248 3079 1366 3144 summi

251 3180 426 3245 sacerdotii
471 3191 503 3246 et
540 3183 718 3264 magisterii
756 3180 986 3261 ecclesiastici,
1032 3177 1249 3264 probabiliter
1282 3179 1366 3242 enim

252 3299 415 3343 summam
447 3301 615 3343 sacrorum
648 3287 842 3364 potestatem
875 3279 960 3342 inter
991 3298 1067 3340 suos
1099 3275 1289 3342 exercebat.
1339 3275 1365 3338 A

252 3375 421 3440 catholicis
444 3379 607 3442 transiens
635 3376 679 3442 ad
703 3377 919 3441 Montanistas
945 3375 1017 3460 jam
1050 3383 1297 3460 praeposteram
1329 3371 1366 3435 de

251 3493 379 3538 summo
421 3474 602 3539 sacerdotio
647 3475 842 3539 sententiam
888 3471 1061 3557 amplexus
1105 3481 1185 3538 erat.
1251 3471 1365 3558 Supre
1419 3553 1420 3564 ἵ

251 3591 339 3635 mam
364 3571 489 3638 scilicet
518 3581 712 3658 potestatem
735 3572 831 3636 beato
854 3572 951 3636 Petro
976 3559 1210 3651 concreditam,
1235 3569 1364 3634 tenebat
1419 3567 1420 3570 ’

252 3691 293 3733 ex
307 3668 362 3734 illo
378 3671 411 3734 in
436 3668 608 3736 ecclesiam
623 3671 800 3752 transiisse,
818 3690 917 3756 quam
934 3666 1075 3756 Spirdtm
1089 3665 1252 3732 coelatum
1276 3687 1363 3731 voca·

251 3766 318 3850 bat,
342 3789 552 3854 nequaquam
576 3769 611 3832 in
634 3789 718 3850 eum,
742 3789 826 3853 quae
850 3775 983 3832 auctore
997 3763 1199 3830 Tertulliano
1223 3785 1364 3830 nummu
1418 3845 1419 3850 ἵ

251 3876 321 3931 erat
343 3868 566 3953 episcoporum,
600 3887 750 3952 quaeque
766 3869 838 3955 jam
860 3889 916 3928 ose
944 3864 980 3928 iu
1003 3863 1166 3950 Apostolis
1182 3862 1362 3950 possidebat
1418 3865 1419 3892 ³

251 3963 497 4050 Paracletum.²)
531 3963 672 4030 Videtur
710 3963 926 4044 existimasse,
959 3961 1118 4026 radicitus
1151 3982 1266 4026 omnes
1298 3981 1360 4024 esse

326 4185 344 4256 ¹)
364 4185 404 4238 Cf.
423 4185 506 4238 etiam
526 4185 564 4239 De
583 4185 661 4252 Bapt
682 4199 703 4236 c.
725 4184 757 4236 15
788 4162 897 4238 Devel.
918 4183 987 4254 virg.
1007 4199 1028 4237 c.
1050 4186 1072 4240 1.

324 4265 344 4338 ¹)
364 4265 403 4320 De
422 4262 553 4333 pudicitia
572 4279 607 4318 cc
627 4265 669 4318 la.
688 4263 730 4318 nt.

1414 4749 1416 4785 l
