2766 4836
241 473 276 526 84
488 470 528 525 De
545 468 694 524 brianum
712 466 779 524 letis
797 483 829 522 sc
846 469 879 522 de
896 467 974 538 lapsu
991 471 1100 526 Liberi'u

240 614 385 701 pertrahi
413 615 522 701 jussit.
568 613 738 678 Pontifieis
762 615 978 678 constantium
1013 613 1156 680 celebrat
1186 618 1218 684 S.
1246 619 1331 683 Athr-

241 713 417 801 eiuefflist.
424 712 541 776 Arion.
557 733 586 775 e.
601 710 644 776 35
659 708 758 796 sqq.);
775 711 942 776 sedetiam
952 713 1139 778 Ammianus
1147 715 1333 782 Marcellinus

241 821 356 878 auetor
376 809 510 898 gentilis
533 808 620 874 illius
649 811 765 874 aetatis
795 831 868 874 eom
895 819 1042 890 testatur,
1066 811 1189 878 Hister.
1212 813 1248 879 L.
1270 815 1331 878 XV.

242 932 313 995 eep.
340 911 356 974 l
373 909 538 974 scribens:
563 907 632 970 Hoc
648 907 891 972 administrante
911 909 1041 973 Leontio
1057 909 1162 996 (urbis
1176 911 1332 998 praefecto)

242 1008 386 1074 Liberius
409 1008 598 1070 christianae
614 1005 692 1092 lepis
715 1007 883 1070 antistare
902 1003 1086 1071 Constantio
1110 1008 1154 1072 aci
1176 1011 1333 1072 comitatam

241 1093 325 1171 mitti
341 1115 530 1192 praeceptus
553 1114 608 1182 est,
633 1115 783 1189 tanquam
810 1105 1015 1190 Imperatoris
1029 1108 1133 1195 jussis
1155 1118 1185 1170 et
1203 1107 1332 1192 plurinu-
1367 1163 1368 1166 ,

241 1227 310 1268 emm
333 1205 383 1268 sui
404 1203 593 1267 consortium
615 1199 858 1288 (episcoporum
881 1223 1001 1289 nempe
1015 1203 1228 1288 Arianorum)
1249 1206 1331 1268 aare·
1367 1223 1368 1288 ι

243 1305 284 1368 tis
306 1303 459 1366 obsistens
482 1347 623 1365 .....
640 1299 734 1364 Hanc
747 1298 998 1388 (Athanasium)
1015 1325 1078 1388 per
1100 1301 1333 1389 susceptores
1367 1327 1368 1349 1

243 1400 377 1489 abp'u'oere
409 1397 480 1462 sede
512 1397 719 1487 soemdotoli,
747 1399 850 1483 pario
881 1401 1018 1464 senticae
1049 1403 1201 1480 muteris,
1225 1399 1334 1491 juliulo
1367 1419 1368 1434 ¹

237 1499 400 1584 principe,
434 1495 579 1560 Liberius
611 1497 766 1578 monitus,
799 1508 1035 1580 perseueranter
1062 1499 1267 1579 renitebatur,
1292 1521 1336 1563 mc

242 1598 341 1662 uisum
363 1596 514 1658 bominem
536 1617 592 1658 noc
619 1593 763 1658 aedituum
792 1594 955 1674 dammare,
982 1595 1075 1682 nefas
1097 1596 1239 1661 ultimum
1260 1617 1335 1680 saepe

244 1693 440 1771 emolaruosss,
470 1703 578 1776 operte
606 1691 725 1756 scilicet
747 1692 955 1756 recalcitrans
977 1693 1186 1778 Imperatoris
1212 1695 1334 1759 arbitrio.

243 1792 282 1856 Id
305 1793 386 1856 emim
408 1790 463 1856 illo
487 1790 663 1854 Amorem
687 1811 808 1875 semper
829 1791 1049 1878 iafcstmlicet
1071 1793 1166 1857 sciret
1186 1793 1334 1879 impletur,

243 1900 348 1954 tamen
366 1889 554 1952 auctoritato
568 1909 685 1974 qaoque
699 1910 763 1972 pua
782 1889 922 1972 potiores
936 1888 992 1976 (ol.
1006 1890 1187 1977 potiuntur)
1211 1903 1336 1956 artemas

242 1987 330 2051 urbis
352 1987 494 2070 episcopi
515 1985 703 2068 confimari,
734 1985 890 2050 laudario
920 1987 1080 2051 nitebatur
1102 1989 1239 2054 ardenti.
1282 1987 1335 2060 Quo

243 2107 309 2150 nom
322 2087 490 2169 isrspotrato
501 2083 645 2148 Liberius
660 2106 750 2170 aspre
764 2084 878 2169 populi
890 2095 973 2149 metu
985 2088 1040 2171 qui
1053 2091 1121 2175 cjuc
1130 2088 1336 2175 omoreflopro·

245 2183 308 2261 bat,
333 2203 400 2246 cam
421 2204 537 2268 mopna
560 2179 749 2266 difficultate
764 2183 979 2248 noetismcclio
1002 2184 1106 2268 patruit
1130 2181 1335 2271 abspmffl).

105 2315 113 2356 ι
139 2315 167 2356 „fi
184 2325 234 2354 Μ.
332 2280 386 2346 50.
410 2279 634 2344 Mediolanum
667 2278 710 2342 ed
741 2277 978 2364 Imperatorem
1011 2279 1175 2347 deductas
1206 2281 1337 2347 Liberius

150 2375 202 2417 ¹¹¹⁸·
245 2399 373 2444 summa
395 2399 471 2444 eum
494 2375 688 2444 fortitudine
710 2374 903 2442 Constantio
931 2380 1059 2460 restitit,
1083 2381 1133 2445 uti
1157 2379 1191 2446 S.
1214 2379 1338 2444 Athene-

245 2480 312 2542 sius
327 2477 413 2542 Hist.
429 2477 486 2540 Ar.
511 2497 539 2540 e.
561 2475 615 2558 Ἰ36,
640 2474 842 2540 Souomenus
864 2475 904 2541 L.
928 2476 986 2540 IV.
1011 2499 1039 2540 o.
1065 2478 1116 2558 11,
1133 2477 1336 2543 Theodoretus

245 2576 284 2640 L.
299 2575 343 2640 Π.
368 2598 415 2639 ee.
443 2573 493 2656 15,
520 2574 561 2638 16
584 2573 689 2637 fusius
704 2573 860 2638 referunt.
906 2572 1134 2642 Theodoretue
1162 2577 1336 2661 colloquium

246 2675 331 2740 inter
341 2671 570 2740 Constantium
580 2680 617 2734 et
631 2669 802 2734 Liberium
826 2681 957 2736 enarrat
979 2671 1030 2736 his
1045 2672 1158 2738 verbis
1171 2673 1337 2740 exordiens:

245 2773 273 2838 J
272 2795 393 2836 umoero
408 2771 598 2836 celeberrimi
613 2769 735 2834 Laberii
744 2769 899 2852 fiduciam
915 2780 945 2832 ct
965 2770 1175 2837 admirabiles
1197 2789 1337 2842 sermore,

245 2893 321 2959 quos
341 2891 401 2956 pro
424 2870 568 2933 veritatis
590 2865 773 2954 deferssioac
805 2867 914 2932 babuit
937 2890 1042 2932 eoram
1064 2869 1254 2954 imperatore
1277 2863 1336 2932 Coo·

246 2971 373 3050 stautio,
405 2969 461 3032 boc
492 2965 558 3030 loco
590 2965 667 3030 tttcr
699 2965 885 3030 adscribere.
932 2965 1094 3053 Descripti
1126 2977 1200 3032 mat
1230 2967 1337 3031 setes

237 3069 317 3155 piis-
327 3068 405 3132 oiseis
420 3067 474 3152 qui
488 3064 546 3130 illo
562 3075 696 3149 tempore
710 3064 867 3143 mearunt,
883 3073 989 3150 utpote
1004 3065 1058 3149 pul
1079 3066 1237 3130 studiosos
1255 3079 1337 3128 rernm

246 3167 428 3230 domnorum
451 3163 567 3227 acciere
600 3172 630 3225 ot
661 3161 705 3226 ool
726 3161 969 3226 aemsolatioaem
991 3164 1133 3228 auaitum
1149 3172 1285 3250 permeet
1306 3191 1337 3206 -

246 3263 441 3349 Imperatori
465 3259 602 3325 exilium
625 3259 793 3324 minitanti
807 3259 963 3324 Pontifex
985 3259 1174 3347 respondit:
1197 3260 1285 3347 Lepas
1304 3277 1336 3320 ec·

248 3362 440 3429 clesiasticas
468 3359 630 3423 obseruare
647 3357 755 3443 pluris
770 3359 959 3442 jaciendum
986 3381 1106 3438 moseo,
1126 3371 1220 3445 qoam
1241 3359 1336 3422 Roseae

248 3460 439 3527 domicilium
461 3457 581 3522 babere.
628 3455 723 3520 Tune
739 3453 951 3522 Constantius
971 3456 1144 3522 Liberium
1167 3459 1202 3522 in
1225 3451 1336 3520 exilium

248 3559 411 3642 relegavit
432 3557 584 3622 Beroeam
607 3576 691 3639 queo
721 3563 770 3618 est
792 3555 955 3620 Thraciae
985 3557 1118 3634 eivitas3
1141 3547 1335 3640 psolioiseenti

249 3655 381 3742 quidem
411 3676 453 3718 ex
475 3661 567 3738 parte
601 3653 809 3737 Imperatoris
839 3649 968 3718 itereto'
983 3653 1094 3719 oblate
1126 3652 1190 3718 fuit
1220 3647 1337 3736 peonnis

247 3765 460 3807 ...ι’-...ὡ

324 3840 516 3910 >tullensem
535 3838 697 3901 Memtom.
723 3837 790 3893 tide
807 3838 925 3902 Aeaeus
942 3843 996 3894 ert.
1014 3839 1049 3896 58
1068 3839 1199 3906 amans,
1216 3831 1337 3892 uenum

248 3921 328 3977 Urbis
346 3919 513 3990 praelectum
531 3934 585 3973 non
604 3934 662 3974 esse
680 3918 794 3986 laetum,
813 3919 866 3972 nisi
889 3924 951 3990 pout
968 3918 1009 3972 VI
1021 3919 1103 3990 toln,
1119 3926 1152 3974 ut
1169 3915 1298 3986 colligitur
1312 3923 1337 3962 ex

249 4002 310 4070 lege
334 3997 368 4054 ed
393 3997 507 4053 Orfitum
525 3997 606 4054 Urbis
633 3959 799 4066 preelectum
826 4016 856 4053 eo
874 3999 917 4053 die
940 3997 1012 4064 datu,
1031 3999 1102 4068 apud
1120 3995 1300 4054 Uotholredum
1315 3988 1336 4040 in

248 4080 421 4150 chronologia
439 4079 521 4134 codici
539 4079 722 4134 Theodosiana
740 4078 893 4146 praemissa
921 4079 1018 4151 Itaque
1045 4095 1125 4151 quum
1142 4076 1266 4133 Leontius
1281 4074 1335 4125 esset

248 4161 328 4217 Urbis
346 4159 499 4228 preelectus
518 4159 623 4229 qnando
638 4159 723 4212 Roma
738 4161 848 4214 anneus
862 4164 905 4216 est
917 4157 1050 4230 Liberius,
1059 4160 1187 4216 hoe'eerto
1204 4157 1296 4210 uuum
1303 4157 1335 4201 est

248 4246 310 4312 post
318 4241 358 4294 VI
367 4241 385 4294 J
387 4239 442 4305 nlu
453 4245 482 4294 et
494 4239 564 4294 lorte
573 4239 621 4294 sub
631 4239 710 4294 finem
720 4241 900 4295 anniteb-
912 4239 1036 4310 Stiltinffi
1043 4239 1112 4300 Dias.
1122 4239 1154 4294 de
1164 4227 1335 4294 bemont&
