2852 4826
511 460 698 543 metuunt
1108 465 1159 529 tu

57 608 176 698 dueum
196 637 261 680 non
292 614 379 680 sinit
395 619 591 704 prendere.
638 621 716 686 Jam
745 619 947 686 Montanista
970 618 1084 684 scribit
1110 620 1160 684 De

55 711 184 778 :donat
220 716 330 779 costit.
368 739 398 781 c.
425 717 461 779 i:
504 713 620 783 Cbes'sti
646 719 831 784 aemulatae·
853 721 933 786 deut
959 722 995 784 in
1018 723 1159 798 cauteria

55 813 89 872 itu
116 812 147 874 in
176 815 238 877 isto
266 837 396 900 quoque
425 813 503 902 lepis
523 816 702 902 plenitudo.
753 818 832 882 Inde
864 820 961 906 igitur
993 819 1077 906 aqud
1103 842 1161 882 nos

49 905 156 992 plenius
178 923 273 998 atquc
297 913 493 976 instructius
504 916 745 1000 praescribitur,
764 919 859 982 unius
881 939 946 982 csse
968 918 1162 982 matrimonii

54 1017 171 1090 ‘purten
202 1011 260 1096 qui
299 1009 490 1098 alleguntur
521 1014 555 1077 in
594 1014 735 1078 ordinem
766 1014 1000 1081 sacerdotalem.
1062 1014 1160 1100 Usque

54 1102 114 1168 oleo
130 1107 282 1192 perdum
306 1109 444 1172 memini
465 1109 607 1198 digamos
630 1112 696 1178 loco
720 1113 864 1204 dejectos.
894 1112 935 1177 In
949 1111 1034 1177 libro
1050 1121 1160 1178 autem

54 1200 301 1294 &Mmpamia
326 1215 448 1294 postea
470 1210 601 1295 scripto,
626 1212 662 1275 in
685 1233 749 1298 quo
773 1212 957 1296 generatim
980 1210 1160 1296 bigamiam

54 1299 156 1386 rigidum
177 1303 396 1370 Montanista
429 1306 638 1391 condemnat,
671 1319 767 1394 urget
799 1309 1027 1374 necessitatem
1052 1328 1161 1372 mono-

53 1401 159 1478 gamiae
181 1425 242 1488 pro
266 1402 374 1468 laicis
398 1405 498 1469 etiam
521 1405 616 1489 inde,
641 1407 730 1493 quod
753 1429 796 1471 ex
819 1408 859 1471 iis
882 1406 1067 1471 sacerdotes
1091 1403 1161 1470 seli-

55 1497 133 1572 uendi
162 1502 238 1567 sint.
298 1502 398 1567 Dein
430 1502 611 1588 Psychicos
649 1501 856 1594 (catholicos)
893 1507 1002 1590 arguit
1034 1505 1160 1570 acrius:

56 1593 248 1682 Propidcbat
272 1599 427 1687 &aas
449 1599 585 1666 Sancum
600 1603 740 1668 dicturos
755 1603 916 1688 quosdam,
940 1603 1046 1668 omnia
1069 1603 1163 1668 licent

55 1695 195 1782 pimpis,
218 1701 307 1763 cnut
330 1698 392 1764 itu
414 1710 515 1764 cester
541 1701 721 1766 Uttincnsis
742 1723 799 1764 nec
821 1698 1020 1766 Scantiniam
1042 1699 1159 1790 (legem

56 1801 148 1858 ronna
168 1817 313 1882 gravem
341 1796 602 1888 impudicitiam)
634 1801 753 1864 metuit.
812 1796 895 1872 Quot
917 1802 999 1865 enim
1022 1810 1052 1863 et
1074 1799 1162 1887 dipo-

59 1891 88 1950 πί
101 1895 283 1977 γωωίᾶωι
313 1895 410 1984 apud
440 1919 504 1978 vos,
536 1897 726 1962 insultantes
756 1899 863 1984 utique
895 1895 1059 1984 Apostolo,
1082 1907 1162 1960 certe

59 2009 104 2052 wa
123 1991 352 2074 erubescentes,
377 2017 471 2082 mum
485 1995 559 2060 baec
579 1995 635 2062 cub
649 1996 717 2060 illis
740 1993 927 2084 lugentior-¹).
953 1993 1040 2060 Satis
1062 2001 1161 2080 patet,

59 2087 136 2152 etiam
155 2087 210 2156 hic
242 2094 365 2180 potius
398 2101 435 2156 ut
466 2092 607 2160 abusum
640 2096 696 2180 qui
720 2094 896 2180 irrepserit,
928 2113 995 2156 non
1025 2112 1103 2156 vero
1127 2100 1163 2153 nt

62 2185 213 2255 normalem
246 2191 500 2277 mitigationem
524 2191 734 2278 disciplinae,
757 2191 990 2255 admissionem
1019 2190 1162 2275 digamo-

63 2301 115 2346 rum
141 2287 174 2352 in
204 2288 340 2356 clerum
373 2290 622 2376 repraesentari.
668 2289 723 2354 Ex
754 2288 846 2353 hisce
876 2289 979 2374 igitur
1010 2288 1162 2354 concludi

63 2391 151 2466 tuest,
166 2393 321 2474 tempore
332 2387 368 2454 S.
381 2385 509 2452 Callisti
524 2409 567 2452 cx
581 2387 688 2453 abusu
703 2386 855 2472 pluribus
870 2388 904 2450 in
917 2386 999 2451 locis
1013 2386 1163 2472 bigamos

65 2473 171 2546 defiens
195 2483 318 2568 inisse,
345 2485 542 2550 Pontificem
575 2506 654 2551 vero
678 2507 745 2550 non
769 2487 879 2550 statim
906 2485 999 2550 illum
1022 2485 1162 2550 abusum

65 2580 162 2643 everis
184 2581 333 2649 decretis
358 2593 393 2648 ct
415 2581 620 2671 depositione
634 2581 778 2648 voluisse
802 2584 993 2670 exstirpare,
1017 2583 1065 2646 uti
1088 2582 1163 2665 rigi-

67 2667 149 2740 ffitrts
175 2682 407 2766 postulabant,
441 2682 499 2746 sed
530 2681 705 2769 paulatim,
729 2691 828 2768 atque
851 2683 977 2746 interea
1008 2677 1162 2764 prudenti

67 2767 209 2844 blerantia
240 2779 412 2846 utendum
445 2782 611 2846 censuisse
648 2779 758 2866 quoad
789 2780 862 2844 illos
894 2777 1048 2860 clericos,
1082 2798 1164 2862 quos

69 2879 325 2944 cuicuinus
350 2878 470 2963 dignos
492 2877 648 2943 habebat.

133 2973 180 3040 m.
202 2975 370 3064 Superest
383 2977 551 3042 accusatio
566 2975 676 3062 quoad
691 2976 939 3041 matrimonium
954 2975 1162 3040 clericorum:
1188 2979 1316 3052 ernegum

71 3057 95 3124 Ε
126 3065 155 3134 li
188 3073 241 3139 καὶ
269 3097 325 3152 τις
348 3071 384 3138 ἐν
407 3071 509 3160 κλήρῳ
532 3069 577 3138 ὢν
598 3068 725 3162 popolo,
749 3070 855 3156 μένειν
877 3076 1025 3138 τοιοῦτον
1047 3069 1082 3136 ἐν
1118 3077 1164 3158 τῷ
1204 3043 1311 3143 rme

69 3157 147 3248 dim,
166 3167 207 3248 ὠς
226 3171 272 3262 μὴ
296 3169 513 3261 ἡμαρτηκότα,
528 3173 550 3238 i.
566 3194 595 3238 e.
614 3171 653 3238 St
670 3175 740 3258 quis
756 3173 850 3236 etiam
864 3174 899 3236 in
922 3171 1003 3237 clero
1027 3174 1165 3238 aristeus

72 3265 272 3336 ”mmmm
287 3271 432 3359 faceret,
466 3269 534 3357 (vel
565 3270 649 3335 forte
671 3271 781 3356 potius
813 3271 1033 3351 concumberet,
1056 3273 1164 3338 uani·

72 3363 149 3426 “⁰⁸50
168 3368 334 3457 memor),
359 3369 396 3433 in
418 3368 529 3432 ordine
544 3391 612 3432 eum
625 3391 751 3434 monere
766 3368 913 3459 jubebat,
937 3372 1030 3456 quasi
1041 3370 1166 3457 flagitii

74 3455 131 3520 ω
149 3465 335 3534 munuc.
386 3465 442 3530 Ad
464 3465 552 3531 hanc
583 3467 830 3531 accusationem
853 3467 1027 3552 Dtllingcr
1050 3467 1164 3532 edver-

73 3551 108 3627 fit
133 3559 355 3632 adversarium
391 3561 519 3628 Callisti
550 3587 610 3650 pro
642 3585 733 3630 more
765 3585 823 3628 suo
855 3563 1021 3648 ambiguis
1053 3563 1164 3629 verbis

75 3659 181 3736 ’tgredi
203 3661 393 3744 Callistum,
417 3683 526 3748 neque
549 3685 588 3726 ea
611 3685 697 3749 quae
719 3661 775 3726 hic
798 3660 963 3727 habentur
984 3661 1098 3726 referri
1121 3662 1164 3726 ud

75 3743 209 3844 ‘Eteonon
225 3763 442 3850 presbyteros
458 3760 513 3826 vel
529 3762 711 3848 episcopos,
730 3759 789 3825 sed
804 3760 848 3824 ad
865 3757 1000 3823 clericos
1020 3757 1072 3822 his
1094 3781 1164 3843 grn-

79 3843 151 3952 usu
178 3859 361 3928 inferiores.
410 3856 583 3924 Callistum
616 3860 719 3944 igitur
749 3859 948 3944 permisisse,
981 3867 1018 3920 ut
1041 3859 1068 3922 si
1091 3859 1165 3942 quis

78 3946 209 4023 minimis
229 3960 356 4047 gradus
380 3956 530 4039 clericus,
555 3959 603 4021 uti
627 3957 860 4038 subdiaconus,
884 3952 1068 4038 acolythus,
1093 3963 1165 4033 etc,

82 4051 291 4124 mutuom
329 4058 442 4138 iniret,
476 4057 646 4121 tamenin
670 4053 756 4120 clero
788 4061 898 4138 posset
920 4073 1063 4134 manere,
1088 4075 1166 4117 eane

140 4185 235 4200 --,‚,

136 4253 153 4318 't
168 4254 203 4311 nc
219 4259 395 4330 mensumn
414 4274 435 4314 c.
455 4261 497 4312 ro.

1012 4349 1061 4402 14·Ι
