2836 4804
477 442 683 498 Controversiae
700 443 788 498 initia
1139 443 1192 496 337

86 587 118 648 2⁰
146 586 191 650 Ut
218 585 455 650 damnarentur
490 607 620 672 quoque
657 589 780 673 scripta
812 587 1011 652 Theodoreti
1044 580 1190 671 episcopi

86 681 231 766 Cyrensis
254 693 368 748 contra
390 683 681 750 anathematismos
704 685 736 752 S.
762 684 876 770 Cyrilli
893 683 1125 750 Alexandrini.
1149 721 1190 730 -

84 781 117 844 3⁰
138 781 182 846 Ut
205 781 417 846 damnaretur
440 781 578 866 epistola
601 783 681 848 Ibae
705 783 747 848 ad
762 783 882 848 Marim
896 783 1042 864 Persam,
1066 783 1102 846 in
1125 805 1191 868 qua

84 877 267 944 Theodorus
283 879 534 964 Mopsuestenus
557 879 766 962 laudabatur,
783 879 970 945 Concilium
984 879 1191 965 Ephesinum

83 998 153 1040 vero
189 987 222 1040 et
258 975 290 1042 S.
331 976 474 1061 Cyrillus
506 977 754 1043 Alexandrinus
795 977 1110 1064 perstringebantur.
1147 1015 1191 1024 -

83 1075 167 1139 Haec
198 1077 262 1140 tria
293 1076 425 1140 nomine
460 1079 555 1142 trium
582 1073 799 1164 Capiadouan
831 1076 997 1160 designari
1021 1074 1135 1156 solent,
1160 1085 1193 1138 et

83 1175 297 1238 controversia
321 1195 404 1259 quae
428 1175 514 1239 inter
530 1173 717 1240 defensores
731 1185 764 1238 et
784 1176 1031 1260 impugnatores
1054 1175 1192 1237 istorum

81 1280 164 1353 gesta
188 1281 246 1353 est,
272 1293 337 1357 qua
355 1270 449 1336 alteri
471 1272 716 1338 contendebant
731 1273 795 1336 ista
809 1272 960 1337 damnari
983 1271 1074 1336 hand
1097 1291 1191 1355 posse

81 1390 115 1432 ac
136 1369 272 1450 debere,
296 1369 390 1434 alteri
424 1393 502 1434 vero
534 1371 843 1436 condemnationem
875 1369 1096 1456 postulabant,
1121 1391 1190 1432 cors-

81 1469 226 1532 trooeraia
248 1469 288 1532 cle
311 1468 411 1532 tribua
438 1465 595 1554 Capitalis
619 1468 750 1534 dicitur.

158 1567 214 1630 37.
239 1566 317 1630 Tria
342 1565 495 1651 Capitula
518 1565 712 1632 Theodorus
736 1564 961 1630 Caesariensis
984 1566 1190 1652 Imperatori,
1298 1583 1310 1612 ⁰

17 1694 21 1735 ς
80 1665 121 1728 uti
144 1663 301 1746 diximus,
322 1663 512 1728 damnanda
527 1665 704 1749 proposuit,
720 1666 831 1748 specie
855 1663 990 1749 quidem
1013 1665 1191 1730 concilian-

17 1796 20 1809 =
81 1761 136 1826 dae
167 1762 263 1847 pacis
291 1771 390 1847 atque
422 1763 554 1826 unionis
586 1761 774 1846 Acephalos
806 1762 892 1825 inter
924 1771 957 1824 et
993 1761 1190 1830 Catholicos.

79 1859 165 1924 llulti
201 1868 312 1924 autem
344 1861 535 1924 existimant
562 1881 638 1924 eum
667 1859 701 1924 id
733 1860 859 1940 fecisse,
893 1871 930 1923 ut
953 1860 1192 1946 deprimeretur

79 1955 134 2020 hae
165 1958 295 2022 ratione
327 1960 504 2022 auctoritas
537 1955 678 2022 Concilii
711 1956 1010 2040 Chalcedonensis,
1048 1960 1083 2022 in
1126 1982 1191 2045 quo

14 2084 20 2131 ς
78 2053 265 2118 Theodorus
296 2055 547 2140 Mopsuestenus
579 2055 715 2140 ejusque
748 2053 824 2118 libri
857 2077 924 2120 non
946 2055 1078 2121 fuerant
1102 2057 1190 2122 dam·

77 2154 149 2234 nati,
175 2163 210 2216 et
224 2152 302 2217 Ibas
316 2152 505 2218 Edessenus
528 2161 626 2238 atque
641 2153 867 2218 Theodoretus
881 2151 1038 2238 Cyrensis
1059 2154 1192 2218 fueraut

77 2252 195 2336 recepti
219 2259 253 2314 et
275 2253 310 2314 in
334 2250 428 2314 sedes
452 2272 528 2314 suas
558 2251 710 2331 restituti,
734 2259 910 2336 postquam
932 2251 1083 2316 Nestorio
1108 2252 1191 2337 ejus-

77 2369 133 2432 que
166 2347 295 2412 haeresi
326 2348 505 2412 anathema
540 2348 703 2413 dixerant.
750 2348 900 2434 Seposita
934 2351 1125 2435 quaestione
1150 2349 1191 2414 de

75 2445 242 2510 intentione
265 2445 432 2510 Theodori
458 2444 692 2526 Caesariensis,
716 2446 781 2510 tale
804 2448 987 2532 periculum
1012 2448 1192 2533 depressio-

75 2545 121 2606 nis
144 2543 287 2608 Coneilii
317 2543 595 2608 Chalcedonensis
627 2544 717 2609 haud
748 2546 819 2609 sine
843 2547 969 2609 ratione
993 2545 1105 2610 multis
1129 2545 1192 2610 hac

14 2639 20 2703 l
76 2641 105 2704 in
134 2665 169 2706 re
194 2643 309 2708 adesse
333 2643 441 2706 visum
465 2651 522 2722 est,
547 2663 584 2706 eo
609 2641 662 2706 vel
686 2644 801 2726 magis,
827 2643 915 2728 quod
928 2642 1101 2708 Theodora
1124 2643 1191 2708 Au·

74 2751 164 2821 gusta
188 2742 222 2804 in
247 2739 496 2825 Menophysitas
519 2739 667 2804 favorem
690 2740 885 2822 ostenderet,
909 2741 979 2804 sive
1004 2763 1045 2804 ex
1068 2744 1189 2824 animo,

14 2874 20 2901 .·
76 2839 140 2902 sive
169 2861 213 2902 ex
237 2839 372 2924 politica
396 2837 615 2902 simulatione.
640 2838 661 2902 J
666 2840 850 2902 ustinianus
878 2838 968 2902 haud
992 2839 1097 2903 voluit
1118 2862 1190 2925 pro·

14 2948 19 2965 ¹
75 2956 203 3000 movere
231 2959 282 3000 res
297 2935 606 3022 Menophysitarum
630 2935 687 3000 illa
710 2936 931 3018 damnatione,
947 2937 1005 3000 sed
1029 2948 1190 3023 quantum

75 3033 224 3120 colligere
254 3033 332 3098 licet
364 3057 405 3098 ex
439 3033 510 3119 ejus
541 3033 679 3119 epistola
711 3055 797 3098 anno
830 3034 895 3098 553
926 3035 968 3100 ad
1002 3033 1189 3102 Concilium

74 3133 320 3196 oecumenicum
362 3134 513 3217 quintum
550 3132 645 3213 data,
685 3132 902 3214 existimavit,
943 3133 1189 3200 damnationem

11 3298 16 3319 Ι
72 3232 170 3294 trium
181 3229 410 3315 Capitulorum
434 3231 579 3294 maxime
603 3229 717 3294 utilem
741 3252 821 3312 esse,
845 3253 888 3294 ne
906 3230 979 3315 jam
1002 3231 1189 3296 Nestoriani

74 3328 111 3392 iis
148 3328 242 3392 abuti
275 3337 423 3413 possent,
457 3349 541 3392 neve
574 3326 736 3413 Acephali
770 3327 878 3392 dicere
910 3338 1053 3412 possent,
1086 3331 1190 3415 impia

74 3428 192 3512 scripta
216 3426 306 3512 apud
316 3424 504 3490 Catholicae
527 3427 681 3508 retineri3
706 3425 830 3490 nullam
846 3446 926 3489 vero
941 3426 1097 3512 injuriam
1107 3425 1189 3492 Con-

74 3523 146 3588 cilio
180 3523 441 3589 Chalcedonensi
473 3523 531 3588 tali
563 3523 775 3588 damnatione
807 3523 931 3605 inferri,
965 3526 1102 3590 censuit.
1148 3527 1187 3591 Iu

73 3621 126 3685 illa
149 3619 288 3707 epistola
310 3631 485 3708 postquam
509 3623 679 3707 exposuit,
713 3643 797 3707 quae
821 3643 879 3706 pro
904 3623 1029 3706 syuodo
1054 3621 1188 3689 Chalce-

74 3719 209 3784 donensi
242 3729 274 3783 et
302 3720 469 3806 prioribus
483 3718 640 3785 Consiliis
664 3721 885 3784 oecumenicis
908 3720 1040 3785 tuendis
1063 3720 1187 3804 fecerit,

73 3817 204 3881 scribit:
229 3818 290 3882 Hie
315 3819 362 3882 ita
379 3841 443 3904 pro
459 3818 615 3899 firmitate
638 3828 819 3880 coacturum
842 3827 976 3902 quatwr
991 3816 1189 3904 Syaodoram

73 3915 139 3978 Deo
158 3918 302 4002 propitio
329 3939 392 4002 per
421 3939 479 3981 aea
499 3916 604 4002 factis
635 3926 664 3978 et
693 3915 903 3979 obtinentibus
933 3917 1101 3980 incuncta
1124 3917 1190 3981 Dei

72 4013 222 4092 Ecclesia,
259 4014 402 4078 Nestorii
433 4037 577 4100 sequaces
602 4015 773 4100 propriam
801 4015 993 4099 impietatem
1023 4013 1188 4099 applicare

73 4111 207 4176 colentes
230 4123 356 4176 sauctae
379 4115 443 4176 Dei
465 4111 636 4191 Ecclesiae,
660 4121 689 4174 et
716 4134 780 4174 riou
798 4122 942 4196 potentes
965 4113 1020 4174 hoa
1037 4135 1099 4198 per
1124 4113 1187 4175 Ne-

73 4210 330 4296 storiumfaaerc,
347 4211 584 4296 festinaverunt
607 4233 675 4274 eam
699 4209 895 4274 introducere
916 4233 974 4295 per
993 4210 1022 4272 T
1020 4211 1188 4274 haedorum

116 4337 243 4388 smmi.
261 4339 433 4381 emanatura.
465 4339 523 4381 roa
539 4337 565 4381 11.
1045 4317 1081 4370 22
