2766 4836
240 747 294 812 illa
325 750 508 833 generatim
538 769 653 810 revera
686 769 728 811 ex
751 768 849 831 opere
880 745 1035 812 historico
1060 749 1092 815 S.
1124 749 1241 814 Hilarii
1264 769 1330 826 csse,

240 845 297 910 sed
322 847 420 909 etiarn
445 848 588 910 rationes
612 844 771 930 speciales
787 854 910 926 vetant,
926 867 968 908 ne
991 846 1216 912 additamenta
1238 846 1288 910 illa
1308 857 1332 908 at

240 945 490 1028 imprecationes
505 945 539 1006 in
554 943 725 1006 Liberium
741 943 773 1007 S.
790 942 918 1006 Hilario
942 943 1139 1010 tribuantur.
1163 985 1207 995 -
1228 945 1332 1030 lmprc·

240 1044 384 1104 cationes
408 1041 482 1105 illae
505 1050 606 1122 tanto
628 1043 700 1104 viro
734 1049 809 1104 sunt
841 1041 1015 1124 indignae3
1049 1044 1114 1108 imo
1144 1065 1245 1130 quum
1267 1043 1333 1125 opus

240 1161 335 1204 suum
359 1139 551 1204 historicum
566 1148 638 1224 post
657 1139 799 1223 synodos
815 1137 984 1204 Seleuciae
999 1150 1031 1204 et
1054 1140 1198 1205 Arimini
1222 1139 1333 1204 habitas

240 1237 272 1303 S.
306 1237 453 1302 Hilarius
487 1237 673 1319 confecerit,
706 1236 796 1326 nullo
830 1236 927 1300 modo
960 1241 1100 1326 supponi
1134 1249 1250 1325 potest,
1273 1259 1332 1300 eun

240 1336 302 1400 hac
325 1337 451 1399 ratione
481 1333 652 1398 Liberium
683 1334 764 1398 diris
788 1333 972 1400 devovisse.
1018 1336 1112 1400 Tunc
1144 1339 1233 1401 enirn
1255 1334 1335 1399 Libe-

241 1436 308 1497 rius
332 1455 407 1496 cum
430 1433 557 1497 fervore
581 1455 700 1518 magno
724 1432 954 1496 orthodoxiam
978 1434 1140 1512 tuebatur,
1166 1447 1199 1499 et
1222 1434 1262 1498 ab
1283 1453 1335 1495 om-

241 1531 339 1595 nibus
375 1529 559 1594 habebatur
598 1540 634 1594 ut
665 1530 831 1614 legitimus
863 1553 903 1594 ae
942 1531 1157 1615 dignissimus
1190 1531 1336 1606 Pontifex,

242 1631 295 1693 cui
319 1631 418 1692 etiam
442 1630 511 1713 ipse
535 1628 568 1693 S.
592 1628 740 1692 Hilarius
764 1629 995 1692 communione
1014 1630 1227 1714 jungebatur.
1265 1629 1336 1707 Que-

242 1726 338 1791 modo
370 1729 441 1812 ipse
476 1749 577 1812 quum
610 1728 645 1790 in
677 1725 778 1789 Libro
811 1727 850 1790 de
874 1725 1021 1813 Synodis,
1054 1728 1163 1816 (brevi
1188 1739 1259 1814 post
1280 1725 1338 1790 illos

242 1834 379 1889 eventus
412 1822 620 1912 suppositos),
654 1845 695 1888 ne
719 1846 785 1888 uno
818 1824 951 1910 quidem
986 1826 1085 1890 verbo
1109 1827 1278 1890 Liberium
1300 1847 1338 1884 su-

242 1923 342 2008 gilles,
367 1931 479 2007 postea
503 1943 605 2009 quum
619 1921 774 1986 Pontifex
798 1921 964 2007 praeclare
988 1933 1021 1987 et
1043 1934 1234 1988 constanter
1255 1921 1338 1986 fidem

243 2031 397 2102 tueretur,
421 2020 501 2084 talia
524 2022 559 2083 in
583 2021 691 2106 ipsum
715 2019 893 2083 effutierit?

332 2119 384 2183 94.
409 2119 518 2205 Etiam
543 2140 585 2181 ex
607 2117 797 2182 nominibus
828 2120 1066 2204 episcoporum,
1091 2119 1214 2204 quibus
1236 2117 1340 2182 adscri-

242 2217 332 2281 bitur
354 2215 536 2304 formulaa
559 2215 693 2280 Liberio
718 2217 860 2301 signata,
885 2219 1010 2281 e'ruitur
1032 2227 1272 2301 argumentum,
1295 2215 1339 2276 Hi·

241 2315 360 2378 larium
384 2335 450 2378 non
474 2335 543 2378 esse
567 2324 734 2378 auctorem
754 2314 882 2378 illorum
907 2307 1184 2380 addimentorum.
1211 2314 1299 2378 Certe
1319 2313 1340 2374 si

243 2411 486 2476 vehementiam
517 2413 790 2497 imprecationum
823 2423 960 2498 spectas,
993 2405 1144 2478 censeres
1169 2416 1222 2498 agi
1247 2413 1284 2476 dc
1305 2433 1340 2472 ss·

244 2508 353 2575 cunda
384 2509 524 2574 formula
547 2509 729 2574 Sirmiensi.
762 2511 864 2596 Atqui
898 2511 1046 2575 Hilarius
1075 2521 1165 2576 certe
1194 2533 1264 2576 eam
1286 2531 1339 2572 nou

243 2607 411 2672 tribuisset
440 2608 566 2672 Basilio
600 2607 795 2692 Ancyrano,
827 2599 924 2694 quem
958 2611 1080 2694 optime
1104 2619 1244 2674 noverat
1265 2604 1339 2692 (Lib-

244 2707 281 2772 de
306 2705 467 2792 Synodie),
492 2705 592 2794 fuisse
616 2705 786 2770 ardentem
810 2706 907 2791 hujus
935 2707 1094 2771 formulae
1117 2707 1339 2772 adversarium.

244 2803 377 2868 Sciebat
410 2805 509 2867 etiam
542 2802 700 2883 Hilarius,
727 2801 915 2869 ¹secundam
945 2805 1119 2869 formulam
1143 2805 1340 2869 Sirmienseu

244 2927 263 2967 a
287 2901 485 2988 quibusdam
509 2903 671 2988 episeopis
695 2901 953 2966 occidentalibus
982 2925 1051 2968 esse
1074 2904 1269 2980 confectam,
1292 2899 1340 2962 hec

243 3001 314 3066 loco
348 3021 425 3064 vero
457 3009 668 3064 recensentur
700 3002 876 3086 praecipue
916 3002 1060 3086 episcopi
1095 3000 1278 3065 orientales.
1307 3031 1340 3042 -

244 3100 359 3185 Neque
391 3100 532 3184 primam
570 3097 746 3162 formulam
780 3095 992 3162 Sirmiensem
1024 3097 1068 3187 (a.
1101 3097 1183 3184 351)
1213 3095 1341 3161 Hilarius

245 3198 352 3282 potuit
383 3197 565 3280 designare.
611 3196 745 3259 Etenim
777 3196 864 3260 hanc
896 3196 1069 3260 formulam
1103 3199 1175 3281 ipse
1200 3199 1232 3259 in
1255 3191 1340 3258 Libro

245 3297 283 3359 de
307 3294 444 3381 Synodis
468 3295 614 3358 maxima
638 3315 713 3357 cum
742 3293 964 3358 moderatione
992 3317 1032 3358 ac
1054 3316 1152 3360 sensu
1177 3291 1340 3357 orthodoxo

245 3391 399 3478 explicat,
433 3391 511 3456 hinc
544 3399 630 3455 certe
663 3413 728 3455 non
761 3401 810 3455 est
842 3391 989 3456 Hilarius
1021 3394 1077 3478 qui
1107 3394 1140 3457 in
1165 3387 1340 3476 fragmentis

246 3492 315 3554 istis
339 3511 411 3553 eam
436 3490 518 3554 dicit
534 3489 706 3576 perfidiam
729 3489 895 3569 Asianum,
924 3499 956 3554 et
979 3492 1145 3554 anatliema
1168 3487 1341 3576 prenuntiat

247 3590 282 3653 in
306 3599 485 3674 apostatam
508 3589 564 3674 qui
589 3589 618 3652 ei
643 3586 846 3672 subscripsit.
871 3587 1006 3652 -Nee
1031 3597 1137 3673 potest
1159 3587 1216 3651 hic
1239 3587 1289 3669 agi
1310 3581 1341 3642 dc

247 3686 356 3750 libello
381 3685 436 3750 illo
461 3685 572 3751 Sirmii
598 3685 773 3770 compilato
789 3686 970 3752 secundum
995 3685 1225 3766 Sozomenum,
1249 3683 1341 3746 varias

247 3784 403 3848 formulas
427 3785 625 3865 continente,
650 3785 703 3847 cui
727 3782 900 3848 Liberium
930 3785 1134 3849 consensisse
1157 3783 1341 3849 Sozomenns

247 3883 354 3947 refert.
378 3881 511 3945 Etenim
522 3883 556 3945 in
571 3881 764 3964 fragmentis
779 3880 1113 3946 exhibeturLiberins
1128 3879 1342 3963 subscripsisse

247 3981 385 4045 Barcaeo
392 3979 554 4066 formulae
579 3979 678 4043 alicui
701 4003 721 4043 a
735 3979 920 4067 Demophile
944 3979 1079 4060 oblatae,
1104 3989 1277 4065 antequam
1294 3973 1341 4035 lle·

249 4101 336 4142 mam
351 4077 516 4143 rediturus
526 4075 637 4142 Sirmii
658 4079 858 4143 consisteret.
882 4077 1056 4142 Praeterea
1070 4075 1261 4142 Theodorus
1274 4071 1340 4154 epis-

249 4198 350 4261 copus
374 4175 565 4258 Heracleae,
599 4178 655 4262 qui
690 4177 775 4240 inter
797 4187 947 4242 auctores
979 4175 1138 4242 formulae
1160 4181 1341 4238 recensetur.

248 4285 394 4360 tempore
419 4273 505 4337 illius
528 4283 709 4339 conventus
725 4273 767 4361 (a.
783 4273 872 4360 358),
889 4275 954 4337 imo
978 4283 1011 4338 et
1032 4297 1119 4338 anno
1142 4269 1341 4357 praecedente

238 509 272 559 70
485 507 524 560 De
544 506 690 559 arianismi
709 505 775 558 fotis
795 521 825 558 ec
843 507 875 559 de
894 505 970 574 lapsu
990 507 1096 562 hiberii.

237 651 354 714 notari.
400 651 531 714 Etenim
555 671 620 714 non
644 649 748 713 solum
772 647 958 714 nullatenus
990 660 1125 735 constat,
1151 653 1330 734 Fragmenta

1370 4393 1371 4452 l

1370 4453 1371 4512 l
