2836 4804
57 3625 120 3667 Aelio
144 3626 217 3676 primu.

223 440 281 496 284
581 443 621 498 De
640 442 758 498 Concilio
776 443 989 500 Chalcedonensi.

227 595 293 648 tum
315 585 423 670 fuisse
457 585 623 664 turbatum,
652 586 867 673 plurimosque
890 589 1068 676 episcopos,
1093 592 1167 673 quia
1194 589 1337 652 baeresim

224 704 290 745 mou
312 687 494 769 receperint,
519 684 644 748 sedibus
676 687 742 748 suis
759 684 873 772 pulsos
905 697 935 750 et
965 688 1001 750 iu
1028 686 1128 750 anilia
1150 687 1336 772 deportatos,

226 790 318 866 atque
350 783 385 844 iu
417 781 515 845 locum
543 785 743 869 superstitum
766 783 849 847 alios
880 785 1071 866 substitutos,
1095 783 1275 848 uulneribus
1295 783 1337 846 bis

218 879 372 963 primitus
397 879 583 943 adhibeatur
604 881 761 945 medicina
776 883 934 970 pacatae,
958 905 1013 946 uec
1037 883 1202 968 quisquam
1223 883 1271 944 ita
1292 903 1336 942 ca·

224 986 296 1038 reat
313 978 469 1062 propriis,
493 989 529 1042 ut
551 988 660 1042 utatur
682 977 807 1044 alienis.
833 1029 841 1044 .
875 1028 882 1043 .
908 1029 916 1044 .
941 981 1065 1044 Prioris
1088 989 1193 1043 autem
1215 977 1336 1064 Ephesi·

224 1097 286 1137 uae
311 1073 523 1160 spirationi
555 1087 682 1140 sanctae
714 1078 882 1141 memoriae
915 1075 1053 1164 Cyriibsss
1076 1078 1242 1163 episcopus
1273 1085 1337 1138 tuuc

222 1172 455 1255 procuditis
480 1174 662 1238 Nestorium
693 1174 875 1261 specialiter
902 1185 1025 1240 statuta
1052 1181 1283 1261 pemaaueaut,
1304 1193 1337 1234 us

226 1279 298 1332 tuac
322 1269 476 1334 damaeta
498 1272 645 1356 impietas
676 1273 747 1336 ideo
777 1272 839 1336 sibi
860 1273 895 1336 iu
918 1270 1025 1356 abipso
1049 1269 1246 1347 blandiatur,
1270 1269 1337 1353 quia

225 1366 377 1452 Eutyches
393 1372 487 1455 justa
510 1372 722 1434 exsecratione
745 1368 981 1456 percellitur¹).
1010 1407 1053 1416 —
1081 1367 1179 1432 Certe
1203 1389 1268 1431 non
1290 1387 1337 1450 po-

226 1465 290 1526 tuit
323 1465 478 1530 Pontifex
513 1467 629 1552 majori
664 1467 840 1553 prudentia
875 1467 971 1532 simul
1007 1476 1040 1531 et
1066 1467 1264 1530 auctoritate
1286 1485 1337 1526 sus

220 1561 298 1645 jura
321 1562 430 1647 quoad
453 1563 624 1647 Synodum
648 1565 879 1630 celebrandam
901 1565 1090 1645 vindicare,
1113 1575 1146 1628 et
1170 1585 1257 1649 quae
1279 1583 1337 1624 crc-

226 1656 335 1722 denda
358 1671 391 1724 et
413 1661 541 1746 agenda
564 1672 658 1726 erant
679 1664 903 1748 praestituere.

314 1759 367 1824 34.
392 1759 529 1844 Incepte
561 1769 609 1824 est
639 1759 795 1844 Synodus
829 1761 883 1826 die
906 1771 1023 1825 octavo
1048 1759 1205 1826 Octobris
1228 1781 1258 1823 a.
1279 1757 1336 1820 451

226 1855 260 1916 in
283 1856 487 1941 amplissima
510 1867 644 1922 sanetae
668 1861 824 1942 martyris
836 1859 1043 1945 Euphemiae
1066 1857 1219 1937 basilica,
1243 1857 1278 1919 iu
1300 1855 1336 1916 ci·

226 1956 339 2018 vitatis
363 1954 531 2020 suburbiis
563 1957 635 2020 sita.
680 1955 906 2022 Interfueruut
935 1955 1082 2021 Concilio
1106 1954 1256 2041 episcopi
1286 1953 1338 2014 cir-

225 2054 308 2116 citer
331 2054 487 2133 sexcenti,
512 2055 560 2118 uti
583 2075 627 2117 ex
649 2053 786 2140 epistola
809 2055 866 2119 52·
880 2055 913 2120 S.
937 2055 1059 2120 Leonis
1082 2053 1226 2138 aliisque
1249 2049 1337 2114 docu-

226 2152 345 2214 mentis
369 2149 543 2234 colligitur.
590 2150 780 2228 Adfuerunt
812 2154 910 2217 etiam
940 2152 1051 2238 plures
1083 2151 1172 2238 (sex)
1198 2147 1337 2214 commis·

225 2249 302 2312 sarii
328 2270 384 2312 seu
403 2247 534 2332 judices
557 2249 758 2335 Impensius,
783 2260 815 2313 et
845 2250 1001 2315 undecim
1025 2260 1205 2314 senatores.
1252 2245 1336 2310 Com·

226 2347 366 2410 missa-rii
391 2345 437 2410 illi
462 2349 585 2410 esteroi
607 2348 730 2412 ordinis
761 2357 860 2434 atque
887 2348 1009 2412 decoris
1032 2346 1203 2433 quoddam
1224 2345 1336 2432 pressi·

225 2443 313 2507 dium
336 2442 513 2525 habebant,
538 2466 694 2510 nonvero
710 2445 911 2531 praesidium
936 2446 1147 2522 auctoritatis,
1173 2455 1212 2507 ut
1236 2443 1276 2507 de
1296 2461 1335 2502 re

226 2541 289 2606 bus
312 2542 354 2606 ad
378 2543 478 2606 fidem
502 2551 534 2606 et
556 2542 748 2626 religionem
781 2544 1022 2629 pertinentibus
1040 2543 1198 2628 judicare
1231 2551 1263 2605 et
1290 2537 1335 2600 ds·

225 2661 360 2704 cernere
384 2649 524 2725 possent.
571 2643 791 2726 imperatores,
814 2641 1094 2706 scribunsPstrss
1117 2641 1163 2704 ad
1187 2641 1335 2704 Leonem.

226 2740 271 2804 ad
293 2739 505 2802 ordinandum
527 2739 741 2804 decentissime
759 2739 999 2825 praesidebant.
1036 2739 1248 2803 Praesidium
1270 2753 1335 2798 aue·

226 2838 366 2901 toritatis
390 2835 630 2900 ecclesiastieae
662 2836 850 2900 habueruut
871 2837 971 2922 legati
995 2837 1179 2916 Pontificem,
1205 2837 1252 2898 uti
1274 2833 1335 2896 Leo

226 2936 261 2998 iu
285 2957 344 2998 sua
368 2933 504 3019 epistola
528 2936 791 3019 praescripserat,
822 2943 921 3020 atque
945 2937 1045 3000 etiem
1067 2935 1185 3000 Patres
1210 2934 1244 2998 in
1266 2929 1335 2994 rele-

225 3033 314 3096 tioue
337 3031 380 3096 ad
404 3053 479 3095 eum
504 3031 580 3096 deta
612 3041 783 3096 testantur.
830 3033 867 3096 Si
898 3035 989 3111 euim,
1013 3033 1173 3110 scribunt,
1198 3031 1254 3095 ubi
1274 3037 1337 3092 suut

226 3131 288 3194 duo
313 3141 369 3194 aut
393 3140 454 3192 tres
477 3132 656 3216 conprepati
678 3131 713 3193 iu
735 3132 859 3194 uamiue
890 3135 966 3220 ejus,
990 3129 1037 3194 ibi
1058 3153 1090 3194 se
1113 3133 1148 3194 iu
1172 3129 1273 3193 medio
1294 3149 1334 3188 eo·

225 3251 295 3292 cum
310 3227 386 3313 fore
404 3227 582 3313 perbibuit,
606 3239 756 3312 quautsem
788 3231 873 3292 circa
901 3231 1083 3316 quiupeutos
1106 3230 1223 3314 oipiuti
1244 3247 1334 3288 sacer·

226 3327 314 3390 dotes
331 3323 589 3411 peculiaritatem
607 3327 715 3412 potuit
737 3326 960 3390 demonstrare.
986 3375 993 3389 .
1017 3375 1049 3390 ..
1078 3324 1200 3398 Quibus
1223 3337 1256 3390 tu
1276 3322 1333 3408 qui·

226 3424 307 3501 dem,
331 3425 411 3487 sicut
433 3423 576 3488 membris
599 3435 703 3509 eaput,
722 3446 878 3510 praeeras
894 3425 929 3488 iu
943 3425 991 3488 bis
1013 3424 1067 3510 qui
1091 3434 1177 3488 teu-m
1201 3421 1334 3486 tenebant

228 3520 410 3606 ordinem).

316 3619 370 3683 35.
396 3619 560 3682 Convenit
583 3627 693 3682 autem
725 3620 759 3683 in
788 3618 888 3705 hujus
912 3617 1053 3684 Consilii
1076 3619 1177 3702 gestis
1201 3615 1333 3680 maxime

229 3741 269 3782 ca
292 3717 460 3780 attendere
492 3738 577 3801 quae
600 3717 740 3782 Romani
762 3717 933 3781 Pontificis
970 3717 1199 3780 auctoritatem
1223 3709 1333 3798 pateis·

231 3818 341 3896 ciunt3
366 3817 487 3879 etenim
512 3812 675 3878 Gallicani
708 3816 807 3878 etiam
831 3815 940 3902 quoad
970 3814 1057 3878 hanc
1081 3812 1254 3896 synodum
1276 3825 1331 3870 0111·

230 3935 306 3977 uem
339 3923 515 3977 moverunt
545 3911 700 3997 lapidem,
732 3922 769 3976 ut
800 3935 843 3976 ex
866 3914 937 3999 ejus
968 3915 1050 3976 actis
1074 3933 1149 3976 suas
1172 3909 1334 3995 opiniones

230 4011 395 4076 fulcirent.
433 4049 475 4058 —
513 4011 551 4076 In
575 4013 684 4097 prisea
716 4013 816 4094 igitur
843 4011 974 4075 Actione
1003 4010 1161 4074 discussio
1186 4008 1271 4072 facta
1291 4011 1333 4064 est

230 4149 278 4156 -ι-
284 4149 437 4158 *ffl—

310 4217 327 4282 ')
347 4213 412 4268 Call.
432 4213 511 4270 Cone.
530 4215 560 4270 Τ.
580 4215 628 4270 IV.
648 4231 669 4268 c.
689 4165 741 4271 69.’
873 4217 895 4283 ¹)
914 4215 1024 4280 Ibidem,
1043 4231 1064 4268 c.
1083 4215 1144 4270 833.
