2900 4800
210 429 265 482 tte
587 429 626 484 De
643 445 725 486 eausa
743 427 857 484 Honorii
874 427 908 483 R.
927 427 957 482 Ρ.

211 593 318 638 masse
330 621 338 653 ,
363 572 548 636 Honorinm
572 595 594 636 a
625 583 716 638 sexto
742 571 891 638 Ooneilio
909 571 986 657 jure
1016 569 1120 634 luisse
1141 569 1338 636 anathema·

211 671 368 751 tiaatum3
415 691 586 756 nunquam
623 671 711 736 enim
748 679 926 756 putarunt,
962 689 1039 733 eum
1076 666 1233 752 probasse
1273 689 1337 732 sno

212 767 319 832 edicto
352 767 531 850 haeresim,
563 768 620 834 sed
652 767 739 833 hano
771 765 989 852 negligentia,
1014 766 1044 830 ei
1074 774 1187 852 aperte
1211 785 1336 852 nempe

212 887 278 930 non
301 865 498 946 resistendo,
522 867 730 947 oonfovlsse,·
752 866 842 952 quod
856 863 1025 951 judicium
1048 884 1125 928 oum
1148 884 1190 926 ex
1213 865 1336 950 episto

211 961 250 1027 lis
279 963 401 1028 Leonis
434 963 645 1049 desumptum
678 966 738 1044 sit,
772 965 857 1028 tanti
887 962 1012 1028 ideireo
1044 959 1236 1028 laoiondum
1272 973 1333 1044 em,

211 1063 326 1146 quanti
350 1063 449 1126 unius
470 1061 594 1128 Leonis
616 1063 804 1128 auctoritas.
835 1059 919 1126 oum
943 1082 1021 1126 vero
1044 1060 1144 1146 hujus
1161 1059 1334 1146 judioiunt

212 1159 435 1244 dogmaticum
446 1159 625 1224 dicendum
639 1182 707 1226 nou
723 1162 775 1242 sit,
792 1159 873 1247 (non
889 1159 979 1224 enim
994 1158 1127 1224 decreta
1139 1157 1335 1241 dogmatica

211 1259 300 1322 eirea
322 1257 511 1343 personales
543 1257 715 1324 hominum
750 1258 899 1324 defectus
925 1255 1128 1343 versantur),
1152 1254 1233 1320 hine
1257 1277 1333 1322 eam

210 1355 437 1420 tantummodo
462 1355 561 1420 fidem
585 1355 649 1420 sibi
673 1355 845 1436 vindieat,
878 1375 964 1441 quae
987 1375 1030 1418 ax
1053 1353 1189 1418 historia
1212 1352 1332 1420 haberi

210 1461 327 1539 potest.
349 1453 404 1518 Ex
427 1475 493 1539 qua
516 1455 543 1517 si
566 1475 681 1539 reapse
705 1455 904 1535 eonstiterit,
920 1452 1106 1517 Honorium
1129 1449 1331 1536 negligendo

210 1551 373 1616 haeresim
396 1551 601 1634 confovisae,
626 1551 848 1637 negligentiae
862 1552 977 1636 ntique
1001 1549 1229 1628 damnabitur,
1254 1549 1332 1616 hae

209 1649 291 1714 resia
303 1670 383 1714 vero
398 1671 583 1735 nunquam,
607 1671 710 1735 quum
722 1648 855 1736 probari
869 1649 1004 1713 omnino
1019 1669 1086 1712 non
1109 1648 1227 1733 possit,
1252 1668 1331 1715 eum

210 1746 372 1812 haeresim
385 1746 563 1833 aliquando
581 1747 731 1812 docuisse
745 1747 799 1813 val
816 1745 1058 1812 confirmasse“
1082 1783 1127 1794 -
1145 1744 1258 1832 Atque
1272 1745 1332 1812 hie

210 1844 286 1908 finis
300 1853 368 1910 esto
380 1843 629 1912 Dissertationis
654 1846 696 1912 da
718 1869 818 1911 eausa
832 1845 973 1911 Honorii
987 1844 1128 1909 Romani
1144 1844 1329 1912 Pontificio.

209 2021 324 2087 (lictum,
351 2021 398 2078 sul
422 2021 491 2076 hano
517 2021 681 2076 muntiant
699 2037 717 2076 a
734 2019 825 2076 Leone
850 2021 881 2076 11
898 2020 984 2078 fnisse
1001 2021 1162 2090 abrogatam
1180 2025 1210 2076 et
1227 2037 1331 2076 aarum

209 2107 274 2156 tam.
312 2100 441 2169 Quamvis
463 2099 525 2156 huie
551 2099 672 2171 opinioni
698 2115 752 2156 non
776 2099 886 2169 penitus
912 2100 1123 2170 nequissemus,
1147 2106 1241 2158 umen
1259 2117 1330 2170 qm

210 2181 259 2236 hoe
276 2181 334 2236 loeo
352 2191 448 2236 auctor
464 2180 532 2235 dicit
549 2181 630 2236 facile
648 2185 757 2237 nostrae
774 2181 927 2238 sententiae
945 2181 1122 2251 applicantur.
