2836 4804
248 441 300 493 288
600 439 640 492 De
659 437 776 494 Concilio
795 439 1010 496 chalcedonensi.

248 580 476 668 admittenda).
501 581 589 644 Hinc
606 605 670 668 per
691 604 723 646 sc
747 584 882 669 quinon
899 585 1070 666 consentit,
1094 583 1232 648 habetur
1252 581 1347 647 malae

248 679 325 744 fidei
349 689 381 743 et
404 681 439 743 in
457 680 619 743 ceritatem
632 679 778 759 noenu,-
793 680 938 744 studium
955 692 1065 745 autem
1089 683 1234 745 veritatis
1256 691 1347 744 osten·
1392 723 1393 728 κ

248 787 362 858 tatum,
387 777 467 841 dum
490 775 599 840 adhuc
616 799 754 842 examen
772 779 950 863 quaeritur,
965 779 1107 843 babetur
1125 790 1162 842 ut
1173 777 1347 865 affectuum,

248 897 309 939 nec
333 896 472 939 examen
495 874 743 939 eoncedendum
767 886 824 940 est.
871 874 937 941 Sed
954 900 1016 962 per
1030 877 1174 940 accidens
1196 875 1345 940 interdum

248 973 341 1037 adest
372 972 499 1036 dubium
530 972 721 1056 infimorum
754 984 783 1037 et
800 973 1002 1059 pusillorum,
1035 973 1124 1060 quod
1147 996 1206 1060 per
1227 971 1346 1058 aliquod
1392 981 1393 1016 ἓ

247 1081 377 1156 tempus
408 1068 538 1133 tolerari
570 1077 684 1153 potest.
731 1069 765 1136 Si
801 1073 875 1157 quis
898 1071 1053 1136 videlicet
1081 1071 1284 1157 passionibus
1304 1079 1345 1132 est

248 1170 389 1252 agitatus
424 1176 456 1230 et
489 1166 702 1252 praejudiciis
736 1179 945 1253 praeventus,
980 1169 1131 1234 accidere
1165 1179 1286 1256 potest,
1316 1179 1346 1229 ut
1392 1193 1393 1232 ι

247 1275 381 1352 propter
412 1264 648 1350 impedimenta
686 1264 769 1329 hacc
801 1277 1014 1352 argumenta,
1049 1269 1257 1354 caeteroquin
1288 1287 1346 1350 per·
1392 1261 1393 1342 j

248 1366 372 1449 spicue,
396 1365 524 1426 interna
548 1371 580 1425 et
602 1372 738 1427 externa
758 1385 824 1428 non
848 1367 927 1429 satis
943 1367 1129 1451 perspiciat,
1155 1388 1217 1430 nee
1238 1363 1345 1440 videat,
1392 1363 1393 1440 j

247 1461 372 1527 nullam
391 1461 463 1546 jam
486 1481 556 1524 esse
580 1459 673 1524 dubii
696 1460 880 1526 libertatem
914 1471 946 1527 et
968 1462 1156 1530 liceitatem.
1203 1461 1278 1528 Tale
1299 1461 1347 1523 du-
1392 1471 1393 1544 t

248 1559 341 1624 bium
364 1558 568 1622 infirmorum
592 1579 651 1642 per
680 1557 814 1645 aliquod
842 1569 972 1647 tempus
996 1561 1128 1625 tolerari
1150 1571 1262 1648 potest,
1284 1583 1346 1622 eoo·
1392 1557 1393 1620 i

248 1679 373 1744 meoque
397 1657 524 1720 concedi
554 1653 781 1743 iutelliqeatiae
815 1669 844 1722 et
867 1659 1083 1738 adhaesionis,
1114 1669 1152 1722 ut
1175 1659 1347 1723 doceantur.

248 1756 337 1820 Dum
361 1753 426 1818 tale
451 1775 592 1817 examen
615 1753 816 1837 conceditur,
832 1777 894 1819 nec
918 1757 1113 1841 supponitur
1136 1759 1279 1844 quaestio
1300 1777 1347 1817 an·
1392 1747 1393 1830 l

250 1875 336 1939 ceps,
360 1853 479 1917 necin
502 1850 693 1915 alterutram
706 1863 832 1937 partem
852 1853 962 1917 licitus
975 1875 1140 1936 assensus3
1168 1853 1224 1920 sed
1247 1871 1343 1937 suppo·

249 1953 338 2016 nitur
371 1950 449 2032 fore,
473 1959 510 2012 ut
543 1948 590 2013 illi
615 1949 668 2013 vel
703 1949 884 2014 doceantur
907 1961 938 2015 et
962 1953 1181 2034 consentiant,
1205 1951 1256 2016 vel
1278 1951 1346 2012 fiant

249 2053 283 2114 in
298 2051 470 2113 veritatem
494 2047 667 2111 manifeste
685 2047 831 2114 rebelles.
856 2049 941 2114 Ittud
966 2048 1104 2113 dubium
1127 2050 1253 2136 aliquot
1266 2047 1345 2112 Prae·

250 2149 357 2212 sulum
389 2147 496 2232 potuit
526 2147 627 2231 igitur
651 2141 821 2232 'acceptari
855 2146 1050 2211 aPatribus
1081 2147 1218 2234 reliquis
1240 2156 1273 2209 nt
1292 2143 1345 2208 tale
1392 2183 1393 2204 ι

250 2245 388 2310 dubium
412 2243 615 2307 infirmorum
639 2265 678 2306 ac
701 2243 832 2308 tolerari
856 2244 899 2309 ad
922 2253 1061 2330 tempus,
1086 2245 1195 2332 iisque
1218 2243 1342 2331 permitti
1392 2237 1393 2302 i

250 2365 390 2407 examen
403 2351 439 2405 ut
451 2342 655 2405 docerentur.
668 2379 710 2388 -
725 2339 898 2406 Caeterum
912 2365 1042 2430 quoque
1055 2341 1213 2426 diximus,
1230 2343 1262 2406 in
1276 2339 1344 2404 Con-

250 2441 334 2505 eiliis
361 2461 501 2504 examen
529 2439 738 2504 adhaesionis
770 2449 802 2502 et
834 2439 1069 2525 intelligentiae
1102 2441 1264 2526 episcopis
1285 2457 1344 2500 con-

250 2540 373 2604 venire.
420 2536 486 2602 Sed
516 2538 563 2600 uti
588 2537 724 2600 inferius
756 2537 891 2622 patebit,
925 2537 960 2602 ob
985 2537 1111 2625 linquae
1134 2537 1341 2606 obscuritatem,
1392 2555 1393 2610 l

250 2637 360 2723 aliqua
394 2639 427 2699 in
463 2635 520 2699 illa
553 2634 688 2720 epistola
723 2635 891 2699 intellectu
927 2635 1077 2700 difficilia
1111 2634 1178 2700 illis
1201 2631 1343 2721 episcopis

251 2745 351 2816 erant,
376 2733 638 2817 videbanturque
663 2733 742 2816 ipsis
765 2755 832 2797 non
856 2735 934 2798 satis
958 2733 1156 2798 divisionem
1181 2744 1213 2798 et
1235 2751 1342 2816 sepem·
1392 2751 1393 2808 2

249 2835 372 2896 tionem
396 2833 431 2894 in
455 2828 584 2894 Christo
609 2829 783 2894 excludere
798 2851 855 2916 pro
875 2833 922 2895 sic
946 2831 1132 2895 volentibus
1156 2851 1275 2916 sapere,
1297 2825 1342 2888 sci·
1392 2837 1393 2912 ι

249 2929 326 2994 licet
359 2927 466 3014 quoad
496 2927 717 2992 Nestorianos.
764 2927 853 2992 Hinc
884 2939 1061 3014 potuerunt
1091 2950 1232 2992 examen
1252 2935 1344 3012 petere
1392 2927 1393 2964 i

250 3049 316 3092 non
341 3025 528 3090 dubitantes
552 3025 592 3088 de
617 3025 811 3090 orthodoxia
833 3027 968 3108 Leonis,
1002 3025 1059 3089 sed
1082 3037 1119 3090 nt
1141 3045 1269 3090 sensum
1290 3039 1342 3083 me·

249 3125 313 3189 lius
336 3125 550 3210 perciperent,
576 3133 607 3187 et
631 3131 744 3187 contra
760 3122 996 3188 malevolorum
1018 3124 1252 3209 expositionem
1274 3115 1342 3182 tueri

250 3230 392 3308 possent.

338 3319 392 3384 40.
415 3319 603 3400 Dioscorus,
635 3317 793 3382 scelerum
823 3319 1022 3382 conscientia
1046 3328 1279 3398 consternatus,
1307 3331 1341 3374 st·

189 3402 221 3430 '¹⁸'
252 3417 379 3483 eundae
407 3417 539 3481 Actioni
573 3439 638 3480 non
671 3417 872 3482 interfuerat.
918 3415 1033 3502 Neque
1066 3419 1179 3481 tertiae
1206 3408 1339 3482 interfuit

251 3519 285 3580 in
318 3538 384 3602 qna
416 3517 487 3601 ejus
520 3537 619 3580 causa
642 3523 781 3578 tractata
813 3523 871 3596 est,
904 3525 1004 3600 atque
1035 3523 1085 3578 ter
1108 3516 1225 3578 citatus
1247 3507 1340 3572 venire
1392 3569 1393 3572 ,

249 3615 425 3678 recusavit.
470 3612 650 3699 Postquam
682 3615 794 3676 variae
824 3614 859 3676 in
882 3611 1078 3678 Dioscorum
1102 3611 1244 3697 prolatae
1264 3622 1339 3670 acon·
1392 3599 1393 3640 t

251 3711 392 3775 sationes
416 3710 583 3774 discussae
614 3719 698 3793 sunt,
731 3708 912 3795 Apostolici
943 3709 1041 3795 legati
1067 3711 1251 3774 summatim
1271 3721 1339 3766 com·
1392 3719 1393 3792 j

251 3811 439 3874 memoratis
464 3807 650 3892 sceleribus,
676 3829 814 3894 quorum
843 3819 875 3872 et
897 3806 1197 3872 Alexandrinorum
1220 3801 1340 3868 testim·
1392 3801 1393 3884 Ῐ

251 3908 316 3971 niis
340 3916 373 3971 et
402 3905 545 3993 publicis
574 3905 822 3993 pseudosynodi
846 3905 1035 3992 Ephesinae
1066 3903 1160 3970 Actis
1192 3899 1340 3968 convinu
1392 3891 1393 3958 l

250 4004 367 4088 fuerat,
393 4027 435 4069 ex
457 4005 579 4070 Leonis
602 4005 773 4070 Pontifieis
796 4005 958 4070 sententia
981 4004 1241 4090 pronuntiarunt,
1263 3993 1338 4060 illum
1392 4058 1393 4102 ,

252 4111 284 4165 et
308 4101 485 4188 episcopali
508 4102 631 4167 honore
646 4112 679 4166 et
690 4100 949 4167 sacerdotalibus
964 4101 1117 4166 omnibus
1138 4091 1339 4164 functionibus

251 4202 419 4284 privatum
443 4221 522 4265 esse.
569 4199 790 4265 Paschasinus
812 4202 1008 4266 sententiam
1031 4198 1083 4264 his
1105 4197 1213 4262 verbis
1234 4187 1338 4257 edidit:
1392 4251 1393 4298 1
