2924 4818
434 494 478 550 88
498 494 591 552 olens
609 501 639 550 st
656 495 809 552 tuscletns
1154 499 1204 552 lte

176 641 230 708 20.
252 641 293 706 In
317 638 476 724 Oetnlogo
491 639 669 705 Liber-iano
684 639 825 704 hebetur
840 640 992 706 Clemens
1014 643 1110 705 tertio
1134 641 1204 705 loeo
1215 661 1238 705 s.
1254 663 1375 705 Amicus

90 753 121 802 et
143 738 256 804 Cletus
279 749 415 824 quertc3
449 740 483 802 in
507 737 677 801 Felicieno
711 747 822 801 eutem
846 761 863 801 e
888 749 1011 804 contre,
1058 740 1147 802 Dein
1170 742 1204 804 in

91 851 225 922 utroque
250 835 408 921 Cetelogo
433 837 583 922 sequitur
604 835 785 898 Anocletns.
830 835 882 898 De
906 838 977 922 ipso
1001 836 1083 901 heec
1107 836 1207 900 hebet

90 934 265 1019 Oetulogus
289 933 494 998 Feliciunus:
526 932 698 996 Aneeletns
727 935 857 996 natiorse
889 932 1030 998 Graecus
1052 935 1090 997 de
1115 935 1205 998 Athe·

91 1036 151 1112 nie,
192 1055 231 1096 ee
262 1043 360 1118 petre
388 1032 551 1096 Antiocho.
610 1029 701 1094 Sedit
740 1054 841 1094 ennoe
882 1033 964 1110 XII,
1007 1053 1125 1096 menses
1167 1031 1205 1110 X,

90 1129 154 1194 tier
184 1131 242 1193 ffl.
291 1129 366 1192 Fuit
395 1139 498 1192 entem
531 1128 719 1214 temporibus
751 1129 941 1208 Domitiani,
975 1138 1036 1194 etc.
1062 1129 1125 1193 Hie
1147 1153 1205 1198 mex

90 1229 218 1291 mirere
231 1227 269 1290 B.
287 1227 374 1300 Petri
396 1228 575 1290 consenserit
597 1237 627 1288 et
654 1228 837 1311 compererit,
862 1226 935 1290 dem
952 1227 1118 1312 presbyter
1132 1227 1205 1312 fee-

89 1337 135 1388 ω
157 1335 238 1388 esset
261 1347 283 1386 e
306 1325 343 1387 Β.
360 1323 463 1402 Petro,
487 1324 541 1386 nbi
555 1325 707 1409 Episcopi
729 1323 979 1402 reconderentur,
1003 1325 1058 1388 nbi
1081 1325 1206 1388 tandem

88 1425 205 1508 etipse
229 1422 371 1507 sepultus
395 1433 449 1484 ert.
476 1421 537 1484 Hie
552 1421 636 1506 feeit
654 1421 870 1484 ordinationes
893 1421 987 1500 deae,
1007 1423 1206 1507 presbyteros

88 1523 230 1606 prinpum,
264 1519 415 1582 diaconos
448 1531 519 1596 tres,
553 1521 714 1604 episcopos
741 1541 803 1604 per
834 1519 960 1582 diverse
992 1518 1062 1582 loca
1091 1531 1207 1605 septem

86 1641 141 1702 per
162 1639 300 1680 recreem
324 1617 541 1696 Decembrem
570 1627 601 1680 et
630 1618 762 1679 assavit
791 1617 1003 1701 spiscopetcs
1027 1618 1095 1681 dies
1118 1621 1205 1703 qein-

87 1715 193 1780 ieciut
242 1715 278 1781 Si
304 1713 416 1779 Gletes
438 1724 471 1777 et
494 1711 673 1778 Aneeletus
703 1723 779 1777 sunt
809 1713 925 1776 eadem
950 1735 1098 1798 persone,
1124 1715 1206 1778 lieec

88 1815 205 1896 purtim
231 1811 326 1876 Cleto
350 1811 570 1876 adscribenda
595 1811 761 1874 videntur.

172 1911 228 1974 21.
256 1909 355 1988 Quod
385 1931 463 1974 vero
495 1909 537 1972 ed
568 1909 823 1972 controversiam
855 1908 917 1971 hec
949 1907 990 1971 de
1020 1931 1055 1972 re
1078 1912 1204 1992 attinet,

87 2009 234 2093 quaestio
261 2006 316 2071 ille
340 2017 430 2070 certa
453 2008 579 2070 ratione
604 2005 686 2069 solvi
711 2027 775 2069 nen
801 2027 894 2091 posse
919 2006 1061 2072 videtur.
1090 2007 1205 2071 Noteri

88 2103 167 2170 haec
190 2115 341 2190 possunt.
387 2103 502 2167 Plures
524 2105 653 2188 antiqui
678 2103 792 2166 Patres
816 2113 848 2166 et
871 2103 1053 2189 Scriptores
1076 2115 1205 2170 tentum

89 2225 187 2268 unum
212 2204 399 2280 nominent,
430 2201 483 2264 vel
515 2199 645 2264 Cletum
675 2201 727 2264 vel
748 2200 976 2282 ‘Aneoletum3
1002 2201 1102 2266 (taius
1126 2224 1204 2268 vero

88 2301 262 2385 presbyter
284 2299 374 2385 apud
385 2298 505 2363 Euseb.
527 2299 569 2362 H.
594 2299 633 2363 E.
658 2298 678 2362 l.
695 2300 735 2363 V.
761 2321 789 2364 c.
814 2300 844 2379 8,
870 2297 1037 2366 Victorem
1061 2300 1206 2386 appellet

87 2397 256 2464 decimum
280 2399 412 2460 tertium
437 2419 457 2460 e
479 2397 576 2460 Petro
601 2398 792 2482 episcopum
808 2397 1003 2477 Romanum,
1029 2407 1062 2462 et
1085 2400 1117 2464 S.
1143 2398 1205 2484 Gy-

88 2499 232 2578 prieuus,
267 2517 319 2581 ep.
354 2497 392 2558 ll
429 2495 472 2560 ed
504 2495 709 2579 Pompeium,
745 2494 917 2578 Hyginum
951 2505 1049 2560 vocat
1080 2519 1205 2561 nonum

88 2593 176 2658 urbis
199 2595 328 2658 Romae
350 2593 563 2678 Episcopum.
610 2591 767 2656 Jamvero
792 2594 817 2654 si
834 2589 947 2655 Cletus
970 2603 1003 2656 et
1026 2593 1205 2658 Anscletus

87 2691 226 2756 finissent
251 2691 316 2754 duo
347 2691 525 2754 Pontifices
558 2690 715 2765 distincti,
741 2691 856 2753 Victor
886 2689 1034 2754 decimus
1058 2701 1203 2776 quartus,

88 2789 244 2875 Hyginus
268 2799 379 2852 eutem
404 2788 552 2852 decimus
566 2788 690 2852 fuisset.
740 2787 848 2850 Etiam
873 2786 1085 2871 chronologia
1108 2811 1204 2873 aegre

85 2888 240 2973 componi
265 2896 381 2971 potest,
406 2889 431 2949 si
458 2888 597 2971 utrique,
629 2897 699 2948 tum
724 2885 816 2948 Oleto
847 2895 917 2948 tum
941 2885 1102 2949 Anecleto
1126 2887 1204 2950 duo-

86 2985 194 3050 decim
228 2985 308 3048 enni
341 2982 590 3061 adscribuntur3
623 2983 680 3045 sed
704 2984 853 3067 apprime
886 2993 1053 3063 consonat,
1086 2986 1113 3048 si
1146 2988 1203 3049 uni

87 3103 229 3166 peronae
250 3081 297 3146 illi
307 3084 386 3145 enni
412 3080 611 3145 tribuuntur.
641 3119 683 3126 -
712 3080 765 3142 Ex
788 3079 891 3143 altere
914 3089 1025 3144 temen
1054 3091 1147 3166 parte
1170 3083 1204 3146 in

86 3179 255 3263 Catelogis
288 3178 352 3243 illis
384 3181 529 3265 antiquis
567 3178 679 3242 (lletue
712 3189 743 3240 et
776 3177 957 3240 Anneletus
991 3181 1206 3244 inveniuntur

85 3279 246 3353 distincti,
270 3297 439 3364 quumque
464 3276 635 3362 Hippolyti
662 3275 827 3356 chronico,
862 3284 894 3338 et
916 3275 999 3338 forte
1024 3277 1203 3364 Hegesippi

85 3377 227 3461 seriptis,
254 3373 300 3438 illi
325 3377 482 3454 nitentur,
508 3375 602 3438 vides
616 3383 847 3455 argumentum
872 3372 950 3437 inde
974 3373 1204 3462 depromptum

87 3477 117 3535 ri
134 3495 203 3538 non
215 3495 336 3536 cerere.
371 3473 466 3536 Unde
481 3472 562 3535 liaeo
579 3471 710 3535 videtur
721 3491 850 3555 quoque
865 3470 966 3534 fuisse
976 3472 1133 3536 eeclesiae
1143 3473 1204 3537 Ro-

87 3593 204 3636 rnenee
245 3569 389 3639 traditio,
423 3572 475 3632 cni
516 3568 685 3632 traditioni
720 3567 859 3631 multum
897 3567 1113 3633 deserendum
1145 3581 1203 3634 est.

87 3671 214 3733 Auctor
236 3668 337 3730 etiem
353 3667 517 3732 Carminis
541 3675 653 3730 contra
674 3665 877 3728 llercionem
902 3667 947 3728 ite
971 3665 1083 3731 hebet:
1131 3669 1205 3732 Post

85 3789 175 3852 pireus
198 3763 352 3850 (Linum)
379 3763 486 3830 Gletes
515 3775 545 3826 et
569 3765 635 3848 ipse
665 3785 785 3847 peperi
814 3764 949 3848 mescepit
973 3764 1074 3828 ovilis.
1101 3765 1205 3853 Hujus

89 3863 260 3928 Acasten
299 3885 455 3926 ericcersor
498 3873 578 3924 sorte
618 3860 747 3923 locotus.
814 3856 910 3931 Quem
952 3861 1091 3944 eequitnr
1136 3859 1204 3925 Gl-

102 3983 283 3992 -0-„1-..--.

86 4037 140 4086 uos,
159 4031 212 4076 ete.
230 4021 299 4076 luds
317 4020 439 4074 inferunt
458 4020 566 4079 eruditi,
585 4019 694 4074 circiter
709 4021 806 4079 60,ωο
819 4017 988 4072 Christianos
1007 4024 1071 4073 tunc
1089 4020 1117 4074 in
1135 4021 1204 4076 Urbe

86 4101 175 4156 tuisse
197 4100 307 4156 Arctior
321 4107 413 4155 temen
432 4101 541 4154 ridetur
560 4097 609 4153 ille
627 4097 800 4166 computatio.
817 4127 850 4137 -·-
866 4097 915 4151 Sed
934 4101 1007 4152 certe
1026 4111 1152 4156 numerus
1169 4103 1204 4155 tt

87 4181 302 4250 presbyterorum
319 4179 370 4234 sub
388 4180 413 4233 8.
447 4181 525 4234 Olete
551 4179 666 4243 iudicet,
686 4177 913 4232 christianismum
931 4177 1032 4232 Renes
1050 4179 1129 4234 rutile
1145 4195 1204 4247 pro·

87 4259 328 4328 mmmm
