2924 4818
262 474 314 530 tos
504 473 545 529 De
562 472 621 528 RB.
639 465 742 532 Pontil
759 475 859 530 macuti
877 477 957 545 primi
975 481 1004 532 st
1021 467 1142 543 meandi.

259 639 329 682 rem
367 637 465 703 quem
503 619 834 682 commemoravimus
870 622 963 704 sequi
997 641 1114 707 passus
1147 622 1199 702 sit,
1235 619 1383 684 voluerit

260 724 389 797 tamen,
422 713 563 778 Asianos
604 714 661 799 qui
684 714 808 779 Romae
841 727 1069 798 versarentur,
1102 736 1140 780 eo
1169 717 1223 781 die
1246 717 1382 782 Pascha

260 811 436 894 celebrere,
476 833 542 897 quo
584 809 638 874 die
674 815 795 876 caeteri
825 811 1004 878 Christiani
1041 815 1161 878 festum
1204 813 1269 880 hoc
1306 835 1380 901 per·

258 907 411 1001 agebant.

347 1009 400 1074 68.
425 1006 549 1071 Versus
571 1029 600 1072 a.
628 1007 691 1070 170
714 1009 748 1071 in
768 1009 840 1094 ipsa
853 1009 936 1073 Asia
959 1011 1059 1076 etiam
1083 1012 1311 1077 controversia
1337 1009 1378 1073 de

258 1105 418 1172 Paschste
448 1114 519 1170 orta
550 1113 608 1185 est,
639 1105 687 1166 uti
717 1104 870 1168 videmus
891 1127 943 1175 ,ex
965 1107 1150 1192 &agmento
1174 1110 1285 1196 operis
1310 1107 1377 1172 Me·

257 1203 368 1276 litonis
400 1199 555 1268 Sardiani
586 1200 754 1286 Episcopi,
787 1202 877 1286 quod
909 1205 990 1267 citat
1022 1205 1187 1271 Eusebius
1211 1205 1254 1270 H.
1279 1205 1322 1270 Ε.
1356 1204 1377 1268 l.

257 1301 316 1366 IV.
351 1323 379 1366 c.
413 1299 466 1365 24.
500 1296 635 1362 Ser-uilio
667 1297 787 1377 Paulo,
820 1301 938 1385 inquit,
963 1301 1060 1366 Asiae
1092 1301 1292 1380 stoecusule,
1317 1325 1377 1388 quc

258 1411 393 1484 tempore
417 1395 550 1483 Saporis
572 1397 758 1481 martyriam
780 1419 952 1482 perpessus
981 1409 1036 1478 est,
1060 1423 1176 1486 mapsa
1199 1411 1376 1464 metrocar-

257 1498 308 1559 sia
331 1495 507 1559 Laodiceae
530 1495 670 1556 eoedtata
685 1503 732 1556 est
748 1493 786 1556 de
802 1494 998 1559 solemnitate
1015 1497 1174 1583 paschali,
1198 1521 1278 1582 pesae
1304 1509 1376 1560 tem-

252 1596 373 1680 pestive
396 1595 431 1656 ia
453 1591 528 1657 illos
550 1591 619 1655 dies
649 1591 815 1655 inciderat.
863 1591 976 1657 Melite
1000 1604 1032 1657 et
1054 1593 1256 1680 Apollinaris
1279 1593 1376 1679 Epis-

257 1711 358 1777 copus
382 1687 651 1774 Hierapolitanos
665 1686 729 1751 hac
743 1689 915 1753 occasione
929 1691 967 1753 de
983 1691 1134 1755 Pcsclate
1158 1692 1374 1776 scripserunt,

255 1798 354 1876 atque
377 1806 419 1851 ex
441 1786 635 1871 fragmentis
664 1807 748 1870 quae
781 1795 957 1871 supersunt
985 1786 1027 1851 de
1050 1809 1148 1872 opere
1169 1786 1375 1872 Apollinaris

256 1886 418 1966 videmus,
442 1883 700 1948 controversiam
733 1882 891 1948 directam
920 1884 1023 1948 fuisse
1053 1893 1167 1948 contra
1190 1884 1373 1965 Quartode·
1451 1899 1452 1978 ,

255 1984 402 2047 cimanos
420 1979 639 2067 judaizantes,
664 1980 721 2064 qui
745 1979 998 2064 contendebant,
1021 1982 1102 2046 festo
1126 1981 1301 2047 Paschatis
1325 2003 1373 2046 ce·
1451 1981 1452 2008 ³

255 2080 374 2144 lebrari
398 2099 534 2144 coenam
559 2077 780 2159 Dominicam,
811 2099 877 2162 qua
901 2075 1053 2142 Christus
1082 2101 1206 2165 agnum
1234 2078 1372 2165 pascha-

255 2177 318 2242 lem
342 2177 457 2241 ultimo
488 2173 749 2256 manducaverit,
780 2175 942 2239 assimili
971 2197 1074 2240 coena
1097 2175 1185 2242 hanc
1208 2177 1299 2242 diem
1324 2199 1371 2241 ce·

190 2313 193 2320 ·
255 2274 447 2340 lebrandam
462 2295 542 2337 esse.
550 2271 576 2358 ¹)
591 2309 634 2320 —
650 2271 778 2335 Eodem
794 2271 862 2336 fere
877 2281 1024 2358 tempore
1040 2297 1155 2339 versus
1170 2297 1199 2340 a.
1217 2273 1292 2357 180,
1311 2273 1370 2338 snb

255 2371 431 2438 Eleuthero
460 2367 637 2452 Pontifice,
667 2371 714 2432 uti
745 2371 969 2452 narravimus,
1001 2370 1154 2436 Floriuns
1182 2382 1214 2436 et
1236 2369 1369 2436 Blastus

254 2469 436 2555 presbyteri
461 2468 600 2532 Romani
615 2465 657 2530 ab
673 2465 823 2531 Ecclesia
839 2466 1040 2534 defecerunt.
1064 2469 1234 2532 Dissimus
1257 2478 1367 2532 autem

254 2589 295 2630 ex
302 2565 515 2646 Tertulliano,
521 2565 718 2649 Praescript.
733 2563 979 2646 c.53,Blastum
990 2587 1115 2630 errores
1121 2566 1367 2652 judaizantium

253 2685 451 2751 propagasse
465 2671 498 2726 et
520 2663 619 2725 etiam
644 2660 804 2742 docuisse,
822 2660 950 2726 Pascha
972 2663 1155 2727 secuudum
1178 2660 1285 2746 legem
1302 2661 1367 2726 Mo·

253 2763 376 2826 saieam
400 2760 454 2825 die
477 2758 560 2823 XIV
590 2759 694 2822 Nisan
718 2757 952 2823 celebrandum
983 2782 1063 2825 esse.
1111 2761 1169 2824 Est
1185 2771 1366 2844 praeterea,

253 2859 374 2924 dicitur
388 2857 409 2922 l.
433 2879 472 2939 c.,
496 2858 544 2920 lis
563 2855 705 2920 omuibus
720 2857 815 2919 etiam
828 2856 959 2920 Bleetus
981 2858 1139 2936 eamdem,
1163 2860 1217 2943 qui
1232 2857 1368 2922 lesem

244 2957 441 3046 judaiuuem
469 2953 537 3018 orslt
562 2953 769 3017 introducere.
823 2954 944 3017 Pescla
973 2955 1055 3018 emim
1084 2955 1163 3018 dicit
1184 2977 1249 3018 aaa
1272 2955 1367 3020 aliter

251 3052 488 3119 custodiendam
509 3073 584 3129 esse,
608 3051 673 3114 uisi
695 3051 862 3115 seeundum
885 3052 980 3137 lepem
994 3052 1117 3139 Moysis
1138 3051 1223 3115 XIV
1239 3053 1364 3115 mansis.

250 3149 399 3216 Blaetum
423 3171 501 3213 vero
526 3148 648 3212 Romae
672 3146 813 3212 asseclas
836 3149 1003 3212 invenisse
1030 3157 1121 3234 patet
1144 3171 1185 3212 ex
1208 3147 1364 3228 Eusebio,

251 3247 292 3312 de
316 3248 386 3334 ipso
416 3254 449 3309 et
479 3245 611 3309 Florino
641 3244 824 3310 scribente:
857 3243 921 3318 Qui
943 3246 1067 3332 quidem
1098 3269 1191 3332 psam
1207 3245 1365 3332 plurimos

251 3345 291 3409 ab
314 3345 473 3409 Ecclesiae
496 3344 611 3430 premio
635 3343 849 3406 absmaleates
875 3343 910 3406 ia
933 3365 1021 3407 mam
1043 3344 1230 3407 ammutium
1245 3343 1363 3428 perda-

249 3453 374 3521 oeertmt,
398 3464 466 3505 cum
487 3441 592 3526 utique
622 3441 751 3504 seorsim
779 3463 891 3504 uooam
918 3441 1096 3504 doctrinam
1118 3441 1269 3504 Moerum
1281 3439 1365 3522 fidei

248 3541 411 3604 ueritatem
432 3537 573 3602 invalere
597 3535 821 3624 mammeam)

205 3667 216 3695 r
338 3635 391 3700 69.
416 3634 528 3715 Quum
553 3635 653 3718 igitur
666 3633 758 3698 hisce
771 3636 806 3698 in
821 3633 988 3720 adjunctis
998 3634 1114 3698 Victor
1135 3633 1362 3718 pontificatum

204 3719 221 3758 i
250 3733 460 3818 suscepisset,
492 3730 610 3795 modus
647 3729 836 3796 celebrandi
873 3731 1040 3816 paschatis
1069 3730 1270 3795 Asianorum
1300 3731 1361 3816 ipsi

250 3831 365 3894 merim
379 3827 518 3916 periculi
542 3828 659 3914 plenus
682 3830 774 3892 visus
793 3837 855 3910 est3
880 3849 919 3892 ac
939 3829 1050 3892 timuit
1072 3829 1165 3909 forte,
1190 3850 1232 3891 ns
1246 3828 1360 3892 Asiani

249 3926 312 3991 hac
335 3929 369 3992 in
393 3949 428 3991 re
452 3947 576 3990 errores
591 3925 802 4012 judaizantes
825 3935 984 3990 tenerent.
1021 3925 1110 3990 Hinc
1133 3947 1174 3989 ne
1199 3923 1360 3988 erroribus

99 3679 202 3758 inlorvsui

252 4079 256 4082 -
281 4079 402 4086 -----..
437 4081 444 4084 .

314 4147 342 4222 '')
362 4153 417 4208 Otr.
436 4151 538 4218 Helela,
558 4153 807 4208 t'cuc·(}ssehichte
825 4153 855 4208 Β.
876 4155 896 4207 Ι.
916 4156 938 4222 ἓ.
959 4157 976 4206 2
994 4161 1022 4207 et
1039 4155 1063 4224 g.
1083 4156 1125 4226 θῇ.

322 4231 641 4300 ὒὶἢιῖαῆ
979 4255 984 4263 ·
