2836 4804
467 411 586 466 8111110111
603 413 773 467 Audenam.
1121 409 1172 464 eal

73 555 356 635 communicarent,
381 554 517 641 ejusque
539 575 659 620 nomen
674 556 709 619 in
732 556 834 620 sacris
857 553 1026 640 diptychis
1049 575 1174 618 conser-

73 662 192 734 varent,
217 651 286 716 RR.
316 649 494 716 Pontifices
526 654 790 718 communionem
814 673 889 716 oum
913 651 977 715 illis
1001 649 1174 738 suspende-

72 759 150 830 runt,
187 771 273 834 quae
296 751 537 815 communionis
560 752 729 836 suspensio
754 749 887 815 duravit
918 771 1022 836 usque
1049 750 1092 814 ad
1121 771 1175 814 an·

72 869 145 910 num
166 847 244 912 519.

155 944 208 1009 12.
232 942 330 1008 Auno
362 945 428 1009 489
458 945 581 1012 Acaoio
615 948 649 1010 in
678 946 1017 1010 excommunicatione
1049 955 1176 1008 mortuo

72 1041 262 1128 subrogatus
284 1042 348 1106 fuit
361 1043 500 1124 Flooito,
524 1047 577 1108 vir
598 1044 717 1109 dubiae
733 1043 848 1108 saltem
872 1042 960 1122 fidei,
985 1063 1082 1128 quem
1104 1051 1178 1127 post

71 1148 131 1202 tres
162 1142 371 1226 episcopatus
407 1161 535 1207 menses
572 1141 778 1223 defunctum,
817 1140 948 1225 excepit
979 1139 1177 1226 Euphrasius.

14 1295 15 1333 ,
73 1235 132 1302 Hic
155 1239 422 1304 communionem
455 1259 530 1305 eum
559 1241 655 1304 Petro
678 1239 798 1324 Mougo
831 1237 968 1324 abjecit,
993 1235 1179 1301 Concilium
1204 1263 1330 1317 11111111

74 1333 339 1400 Chalcedonense
368 1335 524 1420 defendit,
557 1357 676 1402 nornen
710 1336 830 1402 Felicis
861 1335 913 1400 111
936 1337 970 1400 in
994 1357 1086 1400 sacra
1110 1336 1178 1422 dip-
1216 1325 1317 1378 osma.

73 1431 169 1514 tycha
193 1433 336 1498 restituit
368 1443 400 1498 et
421 1433 546 1500 litteras
581 1435 757 1518 synodicas
784 1433 826 1499 ad
850 1455 925 1496 eum
950 1433 1051 1498 dedit.
1096 1435 1178 1499 Pon-

73 1529 149 1594 tifex
181 1529 371 1616 Euphemio
401 1541 437 1596 ut
469 1534 540 1596 viro
570 1531 751 1596 orthodoxo
780 1530 906 1595 litteras
937 1531 1097 1614 reddidit,
1123 1532 1180 1597 sed

74 1648 153 1710 eum,
187 1628 277 1714 quod
309 1650 429 1693 nomen
459 1629 574 1694 Acacii
606 1651 647 1692 ex
677 1628 845 1714 diptychis
874 1649 941 1694 uon
964 1641 1180 1715 expunxerat,

14 1773 15 1800 ,
74 1725 103 1788 iu
126 1727 393 1790 communionem
418 1749 483 1792 non
506 1727 649 1792 admisit.
694 1726 899 1812 Euphemius
927 1736 1038 1791 autem
1060 1750 1182 1795 nomen

14 1807 16 1838 ‘
73 1819 229 1886 Acaoiie
259 1821 428 1909 diptychis
459 1824 567 1890 delere
590 1825 765 1908 metuebat,
799 1826 846 1888 uti
869 1825 1000 1909 scripsit
1021 1826 1063 1890 ad
1087 1825 1182 1892 Gela-

74 1921 152 1984 sium
177 1943 311 2007 papam,
336 1945 377 1986 ne
407 1924 522 1989 turbae
555 1933 587 1988 et
609 1925 743 2008 gravius
766 1923 908 1986 schisma
932 1924 966 1986 in
989 1922 1127 1988 ecclesia
1151 1934 1182 1988 et

14 2057 15 2078 1
74 2017 150 2082 urbe
175 2017 313 2084 CPtana
336 2023 568 2087 excitarentur.
592 2061 635 2069 —
658 2021 789 2085 Zenone
812 2019 896 2108 Imp.
920 2019 984 2084 491
1009 2023 1182 2104 0110111010,

14 2125 15 2128 ’
74 2116 248 2201 imperium
271 2129 465 2183 consecutus
495 2129 545 2184 est
567 2119 767 2197 Anastasius,
799 2119 854 2204 qui
877 2125 954 2181 aute
977 2139 1069 2182 suam
1093 2120 1183 2184 inau-

74 2216 280 2295 gurationem
312 2237 421 2280 coram
452 2217 638 2304 Euphemio
672 2215 888 2303 jurejurando
919 2217 1110 2302 spopondit,
1150 2237 1186 2281 se

74 2308 170 2376 fidem
206 2311 403 2378 catholicam
436 2315 596 2380 illibatam
629 2314 878 2396 custoditurum,
909 2335 970 2378 nec
1003 2311 1184 2400 quidquam

75 2411 149 2473 novi
174 2411 212 2474 11
234 2409 419 2476 Ecclesiam
443 2415 651 2478 invecturum
674 2433 754 2477 esse.
778 2411 903 2475 Verum
926 2413 1096 2497 promissis
1119 2434 1185 2478 non

76 2508 169 2571 stetit.
218 2506 388 2574 Prioribus
421 2511 550 2597 imperii
583 2512 632 2575 sui
656 2511 752 2574 anuis
776 2507 954 2572 decessoris
978 2509 1027 2574 sni
1051 2509 1186 2574 Henoti-

76 2626 133 2668 con
157 2613 292 2670 secutus
314 2617 371 2688 cst,
396 2617 428 2672 et
450 2618 520 2672 tum
544 2609 616 2674 illos
646 2609 815 2693 episcopos
838 2607 894 2690 qui
919 2603 1187 2672 Chalcedonense

77 2699 262 2767 Concilium
285 2705 531 2789 praedicabant,
556 2715 625 2770 tum
647 2727 701 2770 eos
725 2705 781 2790 qui
805 2702 885 2769 illud
910 2704 1112 2770 damnabant
1134 2727 1187 2768 ex-

76 2799 233 2865 turbavit.
279 2801 378 2866 Anno
406 2803 472 2867 494
505 2802 656 2868 Gelasius
688 2801 842 2880 Pontifex
866 2800 1036 2886 epistolam
1059 2802 1102 2866 ad
1124 2801 1188 2866 Im-

76 2907 261 2981 peratorem
285 2901 424 2985 scripsit,
450 2903 484 2965 in
508 2923 573 2986 qna
597 2923 671 2964 eum
695 2897 871 2980 excitabat,
895 2907 931 2960 ut
954 2897 1031 2964 Sodi
1050 2899 1187 2985 Aposto-

77 2991 157 3060 licae
188 2995 440 3083 obtemperaret,
474 2998 590 3063 Aeacii
621 3019 741 3062 nomen
772 3019 789 3060 e
818 2995 986 3081 diptychis
1022 2996 1132 3078 deleri,
1158 3008 1190 3060 et

78 3092 290 3160 ecclesiarum
321 3096 529 3161 concordiam
561 3097 688 3160 restitui
721 3101 858 3158 curaret.
904 3094 1029 3158 Verum
1052 3094 1188 3160 Anasta-

78 3193 143 3256 sius
168 3191 308 3256 consilia
331 3204 363 3256 et
384 3196 510 3259 monita
532 3193 703 3258 Pontificio
726 3193 868 3277 sprevit3
902 3195 981 3278 quin
1014 3194 1079 3257 imo
1103 3215 1189 3258 anuo

77 3287 141 3356 495
171 3289 397 3376 Euphemiam
420 3291 510 3356 falsis
538 3290 732 3355 criminibus
762 3311 967 3375 oppressum,
1002 3289 1044 3354 ab
1069 3292 1191 3377 episco-

78 3388 128 3472 pis
152 3385 437 3475 Constantinopoli
455 3390 660 3474 congregatis
676 3387 795 3474 deponi
805 3387 906 3474 jussit
925 3396 957 3451 et
980 3387 1078 3452 exilio
1103 3387 1191 3452 dam·

79 3487 181 3550 navit.

169 3585 220 3650 13.
244 3583 286 3647 In
308 3582 417 3648 locum
436 3583 614 3669 Euphemii
639 3583 810 3648 ordinatus
832 3582 896 3656 fuit
918 3582 1134 3662 Macedoniae,
1159 3590 1192 3646 et
1211 3602 1344 3646 1111111111

80 3683 149 3766 ipse
182 3680 383 3747 orthodoxae
411 3682 487 3746 fidei
520 3690 668 3762 sectator,
702 3679 901 3744 aRomanis
924 3689 1034 3744 tamen
1057 3679 1190 3744 Pontifi-
1228 3665 1330 3717 Μ’·

81 3779 175 3846 cibus
189 3782 223 3844 in
249 3780 513 3844 communionem
537 3801 602 3844 101
626 3778 799 3861 admissus,
824 3777 912 3864 quod
936 3799 1055 3842 nomeu
1074 3777 1191 3842 Aeacii

81 3879 113 3942 iu
138 3875 309 3961 diptychis
331 3877 557 3943 conservabat.
581 3913 624 3924 -—
648 3876 833 3941 Α110491
858 3875 1052 3940 Anastasius
1066 3874 1192 3939 IIPon-

82 3975 163 4038 tifex
186 3995 291 4040 novos
313 3973 436 4058 legatos
460 3995 535 4039 cum
567 3974 682 4040 litteris
713 3972 1030 4059 Constantinopolim
1054 3971 1192 4036 destina-

14 4155 15 4164 .
83 4075 131 4136 vit
153 4095 213 4158 pro
227 4071 429 4136 restituenda
444 4072 656 4137 ecelesiarum
671 4071 856 4152 concordia,
871 4070 928 4136 sed
942 4069 1026 4134 nihil
1039 4069 1193 4135 effectum

84 4181 140 4237 est.
183 4172 367 4256 Imperator
386 4171 492 4234 faetus
511 4169 710 4256 petulantior
726 4191 812 4233 anno
830 4169 895 4234 503
919 4177 1032 4232 contra
1045 4167 1194 4251 Symma-

128 4293 257 4342 Jugmaun,
272 4289 446 4332 Dissertatiouos.
462 4289 520 4331 Ι1οι1.
534 4287 560 4330 11.
1054 4275 1088 4328 21
