2876 4814
238 481 292 534 ma
576 461 617 521 De
635 456 722 531 opere
739 447 1022 525 Philosophonmsnen.

240 617 464 710 blasphemiam
485 615 522 679 ia
541 613 676 677 Patrem.
699 601 863 670 Eamdem
887 597 1088 664 calumniam
1110 591 1239 682 repetit,
1264 589 1364 679 qnasi

240 721 395 788 Callistus
433 714 499 780 solo
536 711 671 777 nomine
707 701 914 768 distinxisset
939 698 1072 762 Patrem
1099 717 1120 760 a
1142 693 1240 776 Filio,
1280 693 1363 778 quia

240 815 430 904 dooebet¹):
477 813 574 877 Pater
600 817 630 872 et
657 803 761 868 Filios
783 810 830 864 est
856 819 952 862 unum
975 794 1129 872 cassatim
1155 813 1254 878 aeque
1277 791 1364 854 estius

240 924 328 987 Deos
349 927 396 981 est
418 913 503 978 alius
525 907 657 994 spis-itas
680 896 934 988 praevertam,
957 917 1013 958 aec
1034 889 1166 957 Verbum
1188 887 1275 952 aliar
1300 889 1364 974 sps·-

239 1022 321 1086 rs'tus
356 1036 449 1104 psam
470 1010 574 1087 ΒΜ·
601 1014 693 1090 atque
719 1000 774 1062 hoe
803 994 934 1061 Verbum
962 1001 1009 1056 est
1030 1012 1112 1054 aeos
1133 987 1221 1052 Deos
1245 997 1276 1050 et
1316 987 1364 1048 in-

242 1126 392 1184 camno
415 1105 523 1194 est“²).
558 1103 750 1168 Haeccerte
773 1094 907 1159 omnino
931 1087 1114 1154 catholicae
1136 1085 1214 1151 fidei
1228 1105 1366 1170 respon-

243 1217 337 1298 dent3
362 1207 563 1276 calumniam
586 1219 664 1264 vero
683 1195 811 1260 Auctor
833 1189 912 1256 inde
935 1185 1070 1251 Callisto
1094 1184 1260 1270 impingit,
1286 1203 1365 1245 eum

242 1323 371 1380 tantum
394 1307 528 1375 nomine
550 1311 647 1364 tenus
669 1313 825 1382 personas
847 1288 1060 1371 distinguere.

333 1410 386 1476 63.
409 1407 475 1471 Par
504 1410 553 1466 cst
582 1397 665 1462 ratio
696 1387 934 1456 criminationis
966 1403 1052 1469 quac
1080 1379 1215 1446 Callisto
1246 1379 1367 1444 tribuit

245 1530 387 1576 errorem
415 1499 592 1579 Theodoti,
626 1501 787 1580 quatenus
820 1488 847 1551 is
874 1484 1010 1568 negavit
1031 1481 1114 1546 Jesu
1141 1480 1366 1544 divinitatem.

247 1609 341 1674 Adeo
364 1604 523 1671 nimirum
547 1598 632 1661 inter
654 1613 688 1655 se
711 1607 799 1654 nexa
814 1593 891 1648 sunt
905 1580 1062 1665 dogmata
1086 1578 1128 1642 de
1151 1577 1367 1646 distinctione

247 1723 461 1795 personarum
484 1697 591 1782 deque
615 1687 718 1755 Verbi
742 1681 980 1760 incarnatione,
1004 1687 1041 1741 ut
1063 1675 1166 1741 altero
1189 1697 1365 1763 perperam

247 1805 412 1894 explicato
445 1797 656 1864 subvertatur
687 1784 827 1851 alterum
859 1797 993 1845 necesse
1020 1785 1079 1840 est.
1126 1773 1303 1855 Quantum
1327 1797 1368 1838 ex

248 1903 404 1972 Auctoris
435 1894 600 1962 delatione
632 1885 745 1951 rimari
773 1898 946 1966 possumus
970 1872 1098 1938 Callisti
1130 1881 1289 1954 mentem,
1313 1872 1367 1936 hir

249 2006 330 2070 scite
362 1991 588 2078 distinguebat
616 1979 846 2058 habitudines,
870 1973 991 2061 quibus
1018 1979 1187 2058 assumpta
1209 1993 1230 2034 a
1253 1969 1368 2034 Verbo

249 2112 367 2168 natura
399 2095 495 2161 aliter
525 2087 569 2153 ad
592 2082 751 2161 Verbum,
784 2073 879 2140 aliter
901 2071 944 2136 ad
971 2077 1076 2134 totam
1098 2069 1299 2132 Trinitatem
1323 2089 1368 2132 re-

249 2203 362 2266 fertur.
419 2192 630 2274 Quamquam
663 2180 752 2244 enim
789 2173 939 2252 doceret,
972 2188 1076 2232 unum
1109 2165 1235 2230 Filium
1267 2166 1369 2230 fuisse

250 2299 399 2386 genitum
423 2300 455 2356 et
478 2303 621 2375 passum,
646 2275 743 2344 simul
766 2267 964 2350 affirmabat,
988 2268 1023 2330 in
1047 2286 1170 2329 arcana
1192 2263 1250 2329 illa
1264 2261 1367 2328 Verbi

252 2394 479 2464 inhumatione
511 2379 673 2471 quasdam
705 2375 804 2439 etiam
826 2368 935 2433 Patris
966 2364 1116 2452 adeoque
1138 2365 1240 2428 totius
1262 2361 1369 2427 Trini-

252 2499 328 2562 tatis
350 2493 453 2558 fuisse
488 2491 610 2571 partes.
664 2475 798 2553 Rursus,
838 2465 992 2553 quamvis
1029 2460 1186 2526 Callistus
1222 2471 1368 2546 negaret,

251 2598 384 2660 Patrem
407 2603 541 2675 passum
564 2578 680 2656 luisse,
705 2570 746 2636 ob
771 2575 921 2632 mutuam
948 2570 1061 2626 tamen
1083 2581 1302 2646 personarum
1325 2561 1369 2622 in·

252 2689 472 2766 existentiam,
497 2676 640 2764 negabat
652 2672 786 2736 Patrem
809 2689 829 2729 a
843 2661 929 2728 Filio
952 2667 1141 2747 separatum
1164 2656 1267 2722 fuisse
1291 2656 1369 2721 dum

254 2791 360 2856 Filius
382 2789 559 2872 pateretur.
605 2773 659 2838 Ex
689 2767 828 2832 adverso
852 2761 987 2841 Auctor,
1011 2757 1060 2822 uti
1085 2753 1212 2820 Callisti
1237 2755 1280 2820 de
1301 2753 1370 2818 Tri-

253 2893 357 2956 nitate
380 2882 565 2949 doctrinam
588 2871 631 2936 ad
654 2867 752 2933 Nocti
775 2882 900 2927 errores
922 2853 1104 2940 redigebat,
1127 2855 1174 2918 ita
1199 2850 1369 2920 Callistum

254 2993 365 3075 inepte
396 2973 610 3046 insimulabat
641 2965 758 3031 erroris
780 2956 1011 3037 Theodotiani,
1034 2950 1173 3041 perinde
1197 2952 1293 3037 quasi
1316 2949 1369 3014 do-

255 3089 384 3166 cuisset,
414 3080 546 3143 Patrem
563 3072 777 3136 'incarnatum
801 3067 834 3123 et
864 3074 999 3143 passum
1031 3072 1120 3132 csse,
1152 3048 1272 3114 lesum
1295 3069 1370 3112 vcro

255 3207 325 3252 esse
348 3188 501 3248 naturam
523 3170 704 3235 humanam
728 3183 748 3225 a
770 3160 868 3223 Patre
890 3160 1104 3238 assumptam.

345 3281 398 3346 64.
422 3277 458 3342 Si
481 3278 644 3359 postremo
664 3259 833 3350 quaeritur
856 3252 897 3318 de
920 3249 1071 3315 doctrina
1094 3248 1199 3333 ipsius
1218 3245 1372 3312 Auctoris

255 3375 610 3463 Philosophoumenon,
643 3357 733 3426 haud
757 3359 802 3420 ita
825 3349 923 3418 facile
955 3357 1004 3412 est
1028 3345 1183 3410 dirimere
1214 3345 1371 3431 quaestio-

257 3503 343 3562 nem,
367 3485 478 3539 utrum
500 3463 684 3531 haereticas
713 3453 855 3519 tenuerit
882 3448 1065 3535 opiniones,
1097 3465 1141 3508 an
1164 3463 1245 3506 vero
1269 3439 1370 3506 ortho-

258 3581 344 3645 doxe
368 3574 439 3660 ejus
468 3562 649 3632 sententiae
679 3552 839 3640 explicari
862 3547 998 3635 possint.
1043 3543 1198 3608 Fortasse
1223 3539 1372 3627 quamvis

257 3677 356 3744 falsas
380 3668 547 3736 doctrinas
579 3679 646 3724 non
677 3659 814 3730 teneret,
848 3645 923 3712 odio
947 3653 980 3708 et
1002 3644 1052 3706 ira
1075 3640 1233 3727 abreptus
1256 3661 1298 3702 ex
1319 3635 1371 3699 ob-

259 3775 414 3841 scuritate
437 3759 600 3849 dogmatis
623 3764 656 3819 et
686 3748 836 3815 terminis
868 3745 977 3808 minus
1000 3739 1146 3805 definitis
1169 3737 1372 3802 occasionem

260 3874 348 3959 cepit
371 3857 578 3934 deformandi
601 3850 798 3918 sententiam
820 3839 1002 3928 Zephyrini
1030 3847 1063 3902 et
1087 3834 1226 3902 Callisti.
1272 3830 1372 3896 Vehe-

261 3993 354 4037 mens
376 3976 488 4030 tamen
508 3955 652 4042 suspicio
673 3955 731 4030 est,
747 3965 822 4009 eum
836 3941 998 4005 unitatem
1012 3937 1219 4002 numericam
1241 3941 1372 3997 naturae

403 4111 472 4119 -..-

336 4201 358 4268 ι)
376 4196 409 4250 V.
428 4187 580 4256 Philosoph.
598 4187 628 4240 L.
647 4183 680 4237 X.
700 4197 725 4234 n.
747 4179 787 4232 18.

334 4279 360 4348 ¹)
378 4271 531 4336 Franaelin,
549 4269 589 4322 De
607 4262 745 4320 Trinitate
763 4274 788 4326 p.
809 4257 858 4310 141
878 4269 934 4320 sqq.
