2874 4812
254 444 307 502 336
692 435 733 500 De
750 435 776 502 a
795 443 937 514 Cypriane.

253 591 328 658 inde
349 600 468 678 amusan
482 587 598 676 fierit,
625 613 691 654 nan
711 589 911 677 ipnmahant.
957 591 1105 656 Attamen
1127 613 1214 658 neruo
1238 589 1372 679 Stepha-

165 735 167 740 ·
253 711 328 754 num
349 711 412 756 non
435 688 506 752 dico
529 688 770 753 inhumanitatis
792 699 849 752 aut
872 689 1061 774 tyrannidis,
1084 687 1140 752 aed
1157 688 1207 753 net
1221 692 1373 756 minimae

255 788 431 852 severitatis
444 809 519 870 erpa
545 783 738 870 Cypriacam
760 785 913 850 nataliae
935 785 1118 866 inunctam
1140 809 1229 850 nemo
1246 787 1373 874 alequid

254 886 289 948 in
312 881 466 968 Stephani
488 882 603 968 agendi
630 883 755 946 ratione
786 882 1013 968 deprehendere
1044 883 1155 963 valuit,
1187 885 1274 970 quad
1303 885 1374 948 ulla

254 1003 385 1046 censura
406 979 455 1042 nel
478 980 747 1042 animadversione
777 979 906 1066 dignum
927 981 989 1044 cibi
1010 982 1176 1046 adactu.
1223 983 1268 1046 Et
1291 993 1374 1046 certe

254 1079 282 1146 a·
305 1077 370 1142 tale
391 1076 468 1162 quid
489 1075 703 1140 observassent
725 1079 888 1140 memorati
916 1078 1093 1163 emptores,
1122 1078 1206 1142 ittet
1223 1080 1374 1165 prosecta

254 1175 379 1238 minime
412 1175 665 1260 suppressiseent,
698 1197 754 1238 nec
776 1173 934 1259 supteno
957 1177 1057 1261 asapia
1079 1199 1172 1261 mmm
1198 1173 1374 1262 Cypriane,

254 1277 342 1362 cujas
365 1282 457 1336 tanta
480 1271 687 1356 apnoscebant
706 1281 736 1334 et
746 1271 980 1356 praedicabant
1002 1275 1124 1352 merita,
1142 1275 1374 1359 pepercissent,

255 1371 290 1434 in
313 1391 372 1453 qno
397 1379 499 1432 waren
514 1368 620 1454 finisse
636 1367 759 1452 aliquid
774 1368 974 1454 culpandam,
998 1369 1122 1454 aliquid
1143 1371 1374 1455 remigandum,

254 1466 459 1551 manifestare
482 1467 575 1530 aeria
596 1489 661 1528 nan
684 1475 765 1529 sunt.
790 1503 833 1512 -
856 1465 993 1532 Veteres
1010 1467 1120 1552 itaque
1144 1488 1209 1530 uno
1234 1487 1292 1532 ore
1306 1466 1374 1531 lau-

256 1562 337 1628 dant
360 1561 392 1628 S.
417 1561 577 1646 Stephani
601 1561 719 1644 zelum,
743 1562 970 1628 fortitudinem
1004 1565 1038 1628 in
1062 1563 1275 1628 defendenda
1297 1586 1374 1648 apo-

256 1659 370 1724 stolica
401 1659 594 1740 traditione3
625 1681 721 1724 nemo
744 1658 956 1744 reprehendit
979 1660 1033 1725 vel
1057 1663 1172 1746 carpit.
1217 1660 1374 1728 Profecto

256 1756 513 1822 existimandum
537 1766 596 1838 est,
625 1755 820 1820 Pontificem
853 1779 950 1841 aegre
973 1760 1107 1822 omnino
1129 1757 1258 1839 tulisse,
1284 1757 1375 1842 quod
1430 1837 1431 1842 η

256 1856 320 1917 viri
344 1862 433 1916 tanto
457 1851 547 1938 apud
570 1875 645 1916 suos
669 1855 704 1918 in
727 1855 832 1937 pretio
857 1853 978 1934 habiti,
1001 1857 1221 1940 pervicaciter
1244 1865 1376 1918 senten·
1430 1853 1431 1932 Ξ

255 1951 321 2016 tiae
357 1969 511 2014 erroneae
547 1949 777 2032 adhaererent,
814 1952 919 2034 iisque
954 1952 1101 2034 graviter
1136 1952 1376 2030 succensuisse,
1430 1941 1431 2022 l

257 2071 317 2117 nec
340 2048 504 2111 immerito
528 2069 622 2128 sane;
646 2048 795 2133 adeoque
818 2049 995 2134 praecepit,
1020 2058 1056 2112 ut
1078 2048 1121 2114 ad
1142 2049 1276 2112 saniora
1290 2048 1376 2112 redi·
1430 2045 1431 2100 l

256 2155 330 2210 rent
352 2144 498 2210 consilia.
546 2145 645 2224 Quod
675 2145 809 2230 quidem
841 2155 1064 2230 praeceptum,
1095 2154 1133 2210 nt
1155 2168 1227 2210 esee
1249 2149 1375 2230 gravis·
1430 2195 1431 2224 ,

257 2245 376 2308 simum
399 2244 463 2328 ipsi
486 2243 653 2324 sentirent,
679 2245 961 2308 etauctoritatem
984 2243 1033 2308 illi
1056 2265 1149 2307 suam
1170 2265 1306 2307 omnem
1320 2243 1375 2306 ad·
1430 2269 1431 2278 ¹

251 2339 375 2426 junxit,
410 2348 442 2402 et
473 2348 633 2405 armatam
667 2360 732 2404 non
765 2341 836 2404 sine
859 2341 927 2407 acri
951 2340 1010 2404 sed
1028 2341 1120 2426 juata
1143 2341 1376 2426 objurgatione

257 2439 433 2502 intentavit
464 2439 491 2500 si
524 2436 728 2522 negligerent
759 2439 986 2516 severitatem,
1026 2439 1247 2520 annuntians,
1282 2460 1376 2500 secus
1430 2475 1431 2508 ,

257 2535 326 2598 fore
348 2534 559 2599 abstinendos
583 2533 637 2598 vel
660 2557 718 2598 sua
741 2536 972 2600 communione
995 2535 1186 2620 privandos.
1201 2534 1227 2622 ¹)

286 2693 289 2698 .
346 2631 399 2698 86.
447 2631 544 2712 Quod
569 2652 646 2697 vero
670 2632 862 2716 spectatast
885 2632 972 2698 hanc
995 2633 1376 2698 excommunicationem
1430 2653 1431 2748 p

258 2729 392 2794 Asianis
416 2738 447 2791 et
470 2728 561 2792 Afris
584 2751 604 2792 a
626 2727 793 2814 Stephano
817 2731 1029 2811 intentatam,
1053 2739 1147 2796 erant
1171 2752 1252 2794 sane
1277 2729 1378 2816 hujus

258 2826 443 2891 severitatis
474 2827 591 2909 gravia
614 2827 749 2888 motiva.
793 2825 946 2912 Plerique
979 2836 1090 2890 tamen
1123 2829 1241 2892 merito
1266 2829 1377 2890 existi·

258 2934 360 3006 mant,
385 2922 484 3008 idque
508 2922 653 2988 vidimus
684 2922 796 2986 solidis
827 2923 1010 2988 rationibus
1039 2923 1182 3008 suaderi,
1206 2923 1297 2990 ultra
1321 2927 1377 2988 mi·

257 3043 318 3086 nas
339 3021 535 3085 Pontificem
559 3043 625 3084 non
648 3023 855 3105 processisse.
885 3021 919 3086 S.
943 3021 1150 3106 Augustinus
1174 3030 1276 3108 atquc
1300 3021 1377 3084 Hie·

257 3139 416 3202 ronymus
439 3119 485 3182 ita
499 3127 706 3201 censuerunt,
727 3139 866 3204 eamque
882 3121 1078 3184 sententiam
1101 3118 1278 3184 clarissimi
1303 3139 1377 3182 auc·
1430 3159 1431 3180 r

258 3227 344 3280 tores
367 3217 573 3300 recentiores,
598 3217 646 3279 uti
669 3216 806 3300 Pagina,
830 3215 958 3281 Natalis
981 3215 1183 3299 Alexander,
1207 3214 1378 3280 Bollandi·
1430 3263 1431 3314 ,

259 3324 337 3396 stae,
362 3312 489 3396 Hefele,
512 3322 636 3400 tenent,
660 3315 813 3399 quamvis
833 3313 995 3378 Baronius
1019 3325 1052 3378 et
1070 3314 1179 3380 Mauri
1202 3313 1303 3378 aliter
1326 3335 1378 3376 ex·
1430 3315 1431 3370 i

258 3411 489 3477 istimaverint.
535 3411 767 3497 Opportunum
799 3433 877 3476 vero
909 3414 971 3476 erit
997 3411 1061 3478 hoc
1082 3411 1153 3476 loco
1178 3433 1218 3474 ea
1241 3410 1377 3488 addere,

259 3529 344 3593 quae
377 3507 419 3575 de
451 3509 571 3573 minori
602 3530 723 3593 genere
755 3511 1107 3574 excommunicationis
1138 3510 1220 3574 scite
1245 3507 1378 3572 disserit
1430 3522 1431 3580 t

259 3604 499 3672 eruditissimus
533 3607 585 3669 vir
607 3605 784 3691 Benjamin
813 3606 947 3689 Bosana,
970 3605 1186 3677 Bollandista.
1213 3605 1308 3690 „Est
1332 3607 1377 3670 in·

259 3704 340 3790 quit,
373 3701 465 3768 aliud
497 3702 585 3789 quod
618 3704 687 3776 sive
720 3701 898 3768 solvendae
931 3705 1001 3768 sive
1034 3703 1255 3768 elucidandae
1279 3726 1377 3792 qnae·
1430 3717 1431 3784 t

256 3801 358 3868 atiani
381 3821 612 3888 proponamus,
636 3800 809 3866 subtimidi
824 3801 968 3886 quidem,
993 3823 1069 3864 cum
1092 3803 1206 3872 atrita
1220 3801 1377 3866 receden-
1430 3807 1431 3858 l

259 3896 339 3962 dum
362 3899 404 3960 sit
426 3900 492 3964 via.
538 3897 674 3963 Judicet
696 3919 821 3984 aequus
853 3897 964 3962 lector.
1011 3898 1144 3963 Scilicet
1167 3899 1300 3962 etiamsi
1324 3899 1377 3962 da·

258 4005 356 4079 retur,
381 3997 414 4062 S.
439 3995 643 4084 Stephanum
667 3995 752 4060 ultra
776 3998 881 4061 minas
904 3997 1114 4082 processisse,
1138 4006 1239 4085 atque
1262 4015 1376 4080 reapse
1430 4039 1431 4078 ,

335 4209 355 4278 ¹)
374 4207 405 4262 V.
424 4205 546 4264 Bolland
566 4207 583 4262 l.
602 4223 624 4266 o.
