2806 4848
94 1441 114 1482 S
130 1443 251 1496 hieronymi

132 1507 212 1549 textus.

92 3043 249 3093 exusturus.

265 487 299 540 76
510 494 550 548 De
571 495 714 552 Ariarrismi
734 494 800 550 istis
818 514 850 552 sc
868 497 995 567 delapsu
1014 499 1123 554 Liberti.

264 641 333 696 tum
358 644 414 718 cst,
433 648 510 722 post
533 637 690 704 biennium
713 663 755 706 ex
778 641 877 705 exilio
891 641 1063 706 Liberium
1077 643 1226 726 rediisse3
1246 645 1340 728 ipsun·

264 751 326 814 que
359 742 439 796 metu
469 737 578 798 mortis
611 737 768 802 defecisse
802 737 997 803 incredibile
1030 751 1097 822 est,
1130 763 1228 826 quum
1256 743 1342 804 minse

264 829 375 892 mortis
398 853 418 894 a
442 829 632 898 Constantio
665 837 827 921 episcopis
858 836 1013 901 exulibus
1045 837 1134 902 haud
1164 838 1291 904 solerent
1309 839 1343 900 in·

262 929 391 992 tentari.
425 966 468 974 -
493 929 587 994 Certe
611 935 805 1017 posteriores
828 935 1011 1021 scriptores,
1035 935 1195 1022 Sulpitius
1217 935 1342 1014 Severus,
1370 941 1371 980 l

262 1023 428 1108 Socrates,
460 1027 677 1114 Sozomenus,
709 1031 951 1115 Theodoretus,
976 1033 1150 1098 Athanasii
1183 1035 1342 1098 relationem

262 1143 327 1186 non
358 1137 549 1211 sequnntur.
595 1129 664 1193 Aut
694 1131 794 1214 igitur
825 1131 917 1215 haec,
951 1131 1040 1218 quod
1073 1131 1343 1218 probabilissimum

261 1229 319 1302 est,
353 1245 464 1288 eorum
498 1236 603 1290 aetate
635 1249 701 1292 non
732 1229 856 1312 adfuit,
890 1239 947 1294 aut
980 1241 1180 1297 censuerunt
1211 1251 1277 1294 esur
1297 1251 1344 1292 nou
1371 1239 1372 1292 t

261 1339 330 1382 esse
354 1323 432 1385 satis
455 1345 532 1386 vero
556 1326 767 1392 conformem.

352 1447 424 1512 102.
448 1447 526 1515 Jam
550 1451 722 1514 veniamus
745 1451 788 1515 ad
819 1474 858 1515 ea
888 1473 972 1538 quae
1004 1453 1038 1515 in
1062 1451 1218 1537 operibus
1240 1451 1270 1515 S.
1292 1451 1347 1514 Hie·

260 1547 383 1630 rouyrni
413 1546 453 1609 de
483 1545 576 1632 lapsu
608 1548 732 1613 Liberii
757 1549 931 1615 habentur.
955 1550 994 1614 In
1020 1548 1187 1614 Chronico
1211 1548 1349 1636 (confecto
1372 1529 1373 1599 l

261 1643 349 1705 circa
363 1666 392 1708 a.
408 1643 487 1730 380)
511 1644 644 1729 legitur:
674 1647 860 1734 Olympiade
887 1647 1097 1714 CCLXXXII
1106 1649 1266 1711 Romanae
1279 1643 1350 1707 eccls-

259 1740 326 1804 siue
349 1741 524 1828 Episcopus
556 1743 700 1808 XXXIV
727 1745 891 1808 ordinatus
922 1755 968 1809 est
991 1745 1145 1825 Liberius,
1171 1767 1230 1830 quo
1252 1745 1282 1806 iu
1302 1743 1349 1805 esi·

261 1835 337 1900 lium
361 1839 397 1902 ob
412 1839 511 1924 fidem
528 1851 612 1904 truso
630 1863 732 1906 omues
747 1841 1061 1932 clericijuruucmtut,
1084 1855 1118 1908 ut
1131 1841 1253 1906 mullum
1274 1840 1351 1904 oliuu»

259 1937 458 2022 erumperent.
513 1939 624 2003 Verum
646 1963 715 2004 cum
737 1939 831 2004 Felice
861 1941 901 2004 ab
925 1939 1058 2004 Arianis
1072 1942 1196 2028 suisset
1219 1942 1250 2003 iu
1271 1962 1352 2002 socer·

260 2033 378 2098 dotium
400 2035 593 2114 substitutus,
602 2037 740 2124 plurimi
747 2043 1005 2128 perjuraverunt,
1021 2049 1050 2102 et
1066 2049 1144 2126 post
1169 2061 1281 2102 auersa
1300 2059 1351 2097 ertu

259 2131 362 2196 Felice
395 2136 484 2222 ejecti
514 2147 600 2214 estut,
633 2137 708 2222 quia
731 2135 874 2201 Liberius
907 2138 1012 2202 taedio
1044 2139 1143 2202 victus
1177 2135 1266 2202 cciiii
1286 2147 1311 2198 et
1329 2135 1353 2194 in

257 2233 444 2296 haereticum
460 2235 654 2320 pravitatem
675 2235 870 2299 subscribens
885 2238 1018 2299 Romam
1040 2237 1134 2320 quusi
1156 2238 1253 2298 uictor
1273 2235 1353 2294 intru-

258 2340 354 2393 serat.
387 2369 428 2378 —-
460 2331 499 2396 ln
535 2331 683 2419 Catelopo
715 2343 824 2398 autem
849 2331 1044 2419 Scriptorum
1075 2355 1102 2396 e.
1127 2334 1171 2396 st
1197 2332 1237 2396 de
1260 2332 1354 2396 Fortu·

258 2428 392 2492 natiano
417 2431 478 2493 ista
510 2430 692 2495 habentur:
717 2431 978 2510 Fortunatiauus,
1011 2432 1139 2494 actious
1164 2429 1255 2516 Afer,
1276 2426 1354 2512 Aqui·

259 2525 383 2616 bajensis
408 2531 585 2616 episcopus,
610 2531 784 2617 imperante
812 2527 996 2594 Constantio
1019 2529 1054 2591 in
1077 2526 1242 2614 evangelio
1274 2521 1355 2588 titulis

258 2625 414 2688 ordinatis
438 2626 523 2690 brevi
546 2639 574 2690 et
595 2631 711 2692 mistico
734 2649 873 2691 sermone
897 2628 1025 2713 scripsit
1047 2626 1291 2690 commentarios.
1324 2621 1355 2682 Et

257 2725 292 2788 iu
315 2725 368 2786 hoc
391 2723 521 2789 babetur
544 2725 747 2805 detestabilis,
781 2726 864 2811 quod
895 2725 1053 2788 Liberium
1086 2725 1251 2788 Romanos
1278 2719 1354 2784 Urbis

258 2823 436 2908 episcopum
452 2847 517 2910 pro
535 2823 599 2908 fide
623 2823 668 2888 ut
690 2821 820 2888 omilium
844 2832 1024 2910 peruentum
1041 2821 1169 2907 primus
1194 2815 1356 2882 sollicitant

258 2942 295 2981 cc
309 2919 414 3005 frepit
437 2931 465 2984 et
488 2921 533 2984 od
554 2921 811 3008 subscriptionem
834 2923 994 2984 haerescos
1018 2916 1177 3004 compulit.

348 3036 421 3102 103.
445 3037 710 3120 Prasmonemns,
735 3037 769 3102 in
792 3035 891 3101 rebus
920 3035 1087 3100 historicis
1110 3031 1142 3097 S.
1178 3027 1354 3112 Hieronymi

257 3135 460 3217 assertiones,
485 3135 564 3199 dum
587 3135 714 3222 aliquos
738 3138 900 3218 incusant,
932 3131 1022 3197 haud
1047 3153 1178 3216 semper
1202 3151 1292 3216 posse
1314 3125 1355 3187 ha-

257 3229 327 3294 beri
360 3241 396 3294 ut
418 3231 515 3316 plane
547 3233 710 3300 fundatas.
754 3235 882 3298 Passim
915 3232 1003 3296 enim
1037 3251 1094 3294 suo
1128 3229 1164 3294 in
1193 3227 1355 3292 haereticos

257 3327 342 3412 odio,
375 3331 498 3414 passim
530 3332 630 3396 etiam
662 3332 849 3397 vehementi
883 3331 985 3395 animi
1014 3325 1124 3392 indole
1148 3325 1355 3407 Hieronymus

256 3426 495 3515 aliquantisper
524 3429 696 3516 abripitur,
729 3441 764 3495 ut
787 3449 1005 3516 praepropere
1029 3425 1160 3512 judicet
1183 3422 1238 3487 vel
1262 3425 1294 3485 in
1313 3439 1354 3481 ex·

256 3528 501 3611 aggerationem
524 3528 702 3613 quamdam
726 3525 892 3613 incidam).
949 3525 1039 3590 Fieri
1071 3523 1173 3608 igitur
1197 3521 1308 3610 potnit,
1329 3529 1355 3576 ut

257 3647 358 3710 quum
391 3626 425 3690 in
458 3626 593 3692 Oriente
626 3627 749 3711 degens
781 3623 939 3711 opuscula
972 3621 1028 3688 illa
1061 3617 1239 3700 scriberet,
1271 3617 1354 3722 etism

256 3743 384 3806 sparsos
417 3722 458 3787 de
489 3721 615 3788 Liberii
648 3724 743 3810 lapsu
765 3745 912 3787 rumores
945 3717 1355 3803 erederet,praesertims1

257 3821 290 3883 in
314 3819 383 3905 ejus
408 3843 524 3886 manus
547 3823 715 3907 supposita
737 3822 934 3887 documenta
949 3817 1148 3882 Arianorum
1173 3813 1355 3878 inciderant.

255 3919 390 4004 Majoris
414 3931 523 3984 autem
555 3922 710 3984 momenti
742 3929 799 4001 est,
823 3917 1011 3983 testimonia
1043 3915 1144 3978 citata
1167 3909 1306 3978 inveniri
1329 3907 1355 3967 in

330 4199 349 4269 ι)
368 4199 411 4253 Sic
428 4215 450 4254 e.
470 4215 496 4268 g.
517 4199 600 4254 etiam
619 4200 711 4266 culpas
730 4197 794 4252 oleri
813 4198 926 4252 Romani
949 4199 1078 4256 adscribit
1096 4198 1260 4256 Tertulliani
1277 4191 1351 4248 tus-

255 4279 356 4333 tionem
375 4285 404 4334 et
422 4278 547 4348 Origenis
566 4279 820 4334 condemnationem.
