2900 4800
230 428 285 484 380
639 430 679 484 De
698 429 784 484 tritam
803 429 948 496 Capitalia

229 573 317 638 node
340 575 596 658 repraesentatio
618 572 775 638 ecclesias
789 571 1025 652 occidentalia3
1048 573 1115 638 imo
1139 573 1276 660 plurimi
1299 595 1349 638 oc-

230 669 411 736 cidentales
455 672 599 758 episcopi
643 671 714 756 ejus
750 670 881 756 placitis
922 669 1167 738 obnitebantur.
1223 670 1349 752 Quodsi

229 767 444 834 nihilominus
476 770 680 834 oecumenici
704 767 846 832 Concilii
877 768 1073 854 dignitatern
1103 768 1160 834 illa
1194 767 1350 852 synodus

230 869 416 952 aequisivit,
442 867 476 932 id
498 867 623 932 factum
647 877 696 930 eet
729 889 772 930 ex
794 868 1021 950 acceptatione
1044 876 1077 932 et
1100 866 1350 932 confirmatione

230 967 401 1048 posteriori
425 965 647 1028 Romanorum
662 963 862 1028 Pontificum
886 973 920 1028 et
943 963 1100 1030 ecelesiae
1124 963 1348 1029 occidenmlis

184 1083 205 1113 r
319 1064 371 1128 92.
397 1062 473 1142 Qua
494 1063 621 1126 ratione
645 1083 722 1126 vero
747 1059 803 1126 illa
833 1063 1009 1126 accesserit
1031 1061 1236 1145 coepit-reatin
1261 1061 1349 1126 head

96 1145 182 1174 ‘mm'
230 1161 277 1224 ita
299 1159 395 1225 facile
420 1171 468 1224 est
499 1169 655 1224 accurate
677 1159 906 1224 determinare.
954 1157 1140 1224 Orientales
1161 1160 1272 1243 ipsam
1297 1159 1348 1222 Vi·

229 1256 300 1340 gilii
323 1257 496 1342 epistolem
518 1257 561 1322 ed
584 1257 810 1342 Eutychiana,
836 1259 990 1342 quatrio.
1017 1255 1171 1342 Capitale
1194 1255 1349 1322 Pontifex

230 1353 376 1432 damnat,
409 1355 477 1418 fere
512 1365 548 1418 ut
579 1353 863 1418 confirmationem
888 1356 1025 1438 quintae
1056 1353 1182 1437 Synodi
1213 1353 1349 1420 habent.

230 1451 320 1516 Hine
343 1453 405 1537 ipsi
429 1472 531 1538 quum
564 1452 723 1516 sentirent
746 1449 887 1516 Goucilii
920 1453 1149 1516 anctoritatem
1179 1452 1253 1514 siue
1278 1473 1350 1516 con-

229 1571 327 1612 sensu
350 1550 488 1614 Romani
513 1547 684 1614 Pontificis
708 1551 841 1614 omnino
866 1559 1000 1628 nutare,
1026 1547 1235 1616 Deeretelem
1261 1547 1350 1612 illam

229 1646 344 1730 Vigilii
370 1649 405 1712 iu
420 1647 505 1712 Acta
519 1645 646 1731 Synodi
670 1645 853 1714 retulerunt
876 1657 949 1732 post
972 1646 1210 1724 definitionem,
1234 1657 1271 1710 et
1294 1668 1351 1731 per

229 1765 303 1808 eam
336 1744 438 1808 velati
469 1745 568 1810 finem
592 1745 686 1808 Aetia
710 1745 837 1828 Synodi
862 1747 1104 1829 imposuerunt,
1137 1745 1234 1807 sicuti
1261 1751 1350 1828 patet

229 1864 273 1906 ex
296 1842 406 1908 verbis
439 1863 524 1927 qnae
556 1841 765 1908 Decretalem
797 1843 912 1926 Vigilii
946 1844 980 1908 in
1013 1843 1172 1906 Actorum
1196 1841 1351 1906 extremi·

229 1949 296 2003 tate
320 1950 518 2024 sequuntur:
543 1941 636 2004 Finis
659 1942 761 2004 octavi
780 1939 855 2004 libri
878 1941 991 2026 synodi
1008 1938 1105 2006 CPole'
1127 1950 1349 2024 coagmnta&

230 2047 263 2100 et
285 2037 400 2100 titulus
422 2037 590 2122 praefixus
612 2036 700 2102 idem
723 2036 830 2116 donet,
850 2039 906 2122 qui
931 2039 979 2102 sic
1002 2035 1118 2102 habet:
1150 2033 1264 2119 Vigilii
1285 2038 1348 2121 epi-

229 2134 313 2198 stola
344 2134 388 2200 ad
410 2135 595 2220 Eutychiana
626 2144 656 2198 et
679 2133 722 2198 ad
742 2139 974 2222 praejacentem
1006 2144 1148 2200 eandam
1176 2131 1347 2218 Synodnns.

230 2267 274 2278 -·
296 2231 434 2296 Photius
457 2234 492 2296 in
515 2230 624 2296 libello
649 2231 690 2296 de
705 2232 848 2316 Synodis
871 2233 936 2296 ait:
961 2232 1085 2298 Aderat
1106 2229 1241 2315 Vipiiiac
1254 2253 1348 2314 prae

228 2332 358 2392 sanein
380 2329 470 2407 arbe,
494 2329 549 2394 aad
571 2351 635 2394 non
657 2332 811 2396 intererat
820 2329 957 2416 Synoda
992 2331 1064 2394 Eni
1085 2351 1156 2392 nero
1179 2350 1246 2392 non
1270 2326 1348 2390 adea

225 2448 330 2512 prorw
355 2427 459 2490 animo
483 2439 562 2494 estet
594 2451 668 2512 erpa
701 2429 806 2492 sanni
831 2427 965 2492 Caecilii
996 2425 1349 2507 contaminationem

232 2535 334 2588 tamen
358 2547 548 2590 commanem
570 2526 701 2590 Petram
719 2526 816 2608 fidene
838 2525 943 2590 libello
967 2524 1160 2608 confirmauit
1169 2521 1202 2609 ¹).
1240 2519 1348 2588 Simili

230 2622 356 2686 ratione
389 2622 446 2686 alii
479 2625 652 2707 scriptores
681 2621 854 2688 orientales
878 2621 1067 2707 loquuntur.
1114 2621 1180 2688 Sed
1204 2619 1348 2704 Vigilins

230 2741 345 2782 revera
369 2721 402 2782 in
427 2741 486 2784 sne
509 2717 646 2804 epistola
675 2719 718 2784 ad
741 2719 957 2802 Eutychiam‚
990 2721 1026 2784 in
1059 2739 1125 2804 qna
1147 2717 1350 2782 condemnet

229 2819 293 2880 tria
310 2815 482 2902 Capitale,
506 2817 548 2882 de
571 2816 685 2881 habita
712 2817 846 2900 Synodo
881 2816 1005 2882 nullam
1029 2817 1231 2882 mentionem
1256 2815 1348 2890 facit,

230 2913 488 2999 nullaquefecta
511 2917 822 2980 commemoratione
844 2914 1065 2980 anathematis
1088 2913 1204 2999 prolati
1229 2935 1251 2976 a
1267 2911 1348 2978 Con-

229 3010 316 3090 cilio,
342 3012 397 3076 ille
420 3014 483 3076 tria
507 3010 659 3096 Capitale
692 3015 826 3097 propria
854 3014 1050 3078 anctoritate
1080 3010 1349 3076 anathematizet.

319 3111 372 3176 93.
397 3109 586 3175 Muaaarelli
610 3109 700 3174 haud
723 3111 923 3193 incongrue:
964 3109 1111 3192 „Revera
1140 3109 1267 3173 fectum
1292 3117 1349 3188 est,

230 3209 348 3292 inquit,
383 3218 418 3272 ut
450 3229 492 3272 ex
525 3206 587 3272 hoe
619 3206 736 3290 Vigilii
768 3205 900 3272 decreto
934 3209 1050 3292 quinte
1072 3204 1228 3290 Synodus
1252 3203 1350 3270 aelati

230 3308 425 3370 oecumenica
447 3305 592 3370 admissa
604 3305 712 3383 fuerit,
727 3327 792 3368 non
810 3303 951 3390 equidem
972 3303 1078 3390 quood
1100 3302 1350 3378 celebrationem,

230 3403 285 3471 sed
303 3405 414 3488 potine
436 3403 541 3488 proed
573 3401 732 3488 effectam,
756 3404 914 3487 qnoniam
944 3411 1018 3488 post
1041 3401 1208 3466 decretum
1233 3397 1350 3484 Vigilii

230 3500 380 3566 Ecclesia
403 3503 560 3566 universe
582 3500 743 3585 paulatim
768 3500 1080 3566 condemnationem
1103 3500 1202 3563 triam
1215 3495 1349 3582 Capita·

229 3599 336 3663 lorum
360 3598 513 3683 amplexa
536 3609 594 3679 est,
618 3600 653 3662 in
677 3619 741 3683 quo
773 3597 967 3664 laborarunt
989 3598 1088 3662 etiam
1112 3594 1349 3680 subsequentes

230 3697 417 3776 Pontifices,
448 3707 545 3760 etex
578 3717 691 3760 eorum
715 3698 912 3760 auctoritate
934 3692 1161 3760 tantammodo
1185 3693 1349 3758 exstimta

230 3793 364 3858 fuerunt
397 3793 533 3858 dissidia
556 3805 589 3858 et
617 3793 796 3858 schismata
820 3795 907 3858 inter
929 3790 1168 3858 occidentalem
1191 3799 1223 3854 et
1245 3790 1349 3854 arian

230 3891 331 3956 talem
353 3891 571 3956 Ecclesiam.
605 3940 613 3957 .
639 3891 711 3976 .“¹).
760 3891 873 3972 Quum
905 3911 984 3956 vero
1016 3891 1131 3956 intirim
1161 3890 1246 3952 inter
1278 3905 1349 3950 sese

234 4043 318 4054 --.-,..
335 4043 441 4054 ..η-...-

309 4123 331 4187 Ι)
349 4119 390 4175 De
408 4121 499 4174 lieres
517 4119 631 4174 Dissert.
651 4119 696 4172 eit.
717 4135 742 4172 u.
764 4119 806 4173 15.

306 4202 327 4265 ²)
344 4201 385 4253 De
404 4203 504 4255 auctor.
524 4200 581 4254 th.
595 4198 697 4254 Pontii.
718 4200 735 4254 L
754 4215 776 4252 c.
