2806 4848
259 467 311 522 110
430 467 470 522 ns
488 467 635 522 ananan
653 468 829 524 nannents
847 485 880 522 as
897 467 931 524 ue
949 469 1026 524 eone.
1047 470 1155 526 erano
1173 471 1196 526 1.

259 609 401 674 Arianos
430 610 610 676 ambitione
640 612 761 677 ductos
787 635 862 676 suas
894 615 1058 699 opiniones
1080 637 1304 701 propugnasse,
1324 629 1350 678 et

259 708 374 773 fraude
397 731 436 772 ae
460 709 617 774 violentia
640 733 716 774 suos
740 713 896 797 sparsisse
920 710 1086 796 errorem).
1380 737 1381 812 p

786 1017 845 1080 11.

356 1137 426 1202 Do
450 1137 660 1203 Conotlto
684 1139 1212 1220 Constantinopolitano
1234 1142 1267 1206 Ι.

347 1261 400 1325 36.
425 1259 628 1325 Theodosius
644 1259 825 1348 Imperator
844 1261 997 1345 Orientis,
1022 1273 1058 1328 ut
1080 1264 1289 1329 eeclesiarum
1309 1286 1348 1349 pa·

200 1347 205 1374 ¹
259 1382 330 1424 cem
355 1370 386 1422 et
409 1359 609 1424 orthodoxae
633 1359 709 1423 fidei
738 1363 976 1425 restitutionem
1009 1374 1226 1446 promoveret,
1249 1385 1276 1428 a.
1297 1363 1346 1428 381

260 1458 429 1544 episcopos
453 1456 625 1522 orientales
649 1460 680 1522 iu
708 1457 891 1524 Concilium
917 1461 1123 1524 convocavit.
1162 1459 1285 1546 Scopas
1305 1460 1350 1543 Sy·

260 1555 337 1620 nodi
363 1554 610 1641 congregandae
634 1566 712 1636 erat,
737 1565 773 1619 ut
796 1557 953 1621 ecclesiae
978 1557 1350 1644 Constantinopolitanae,

261 1676 358 1740 quam
374 1655 539 1716 invaseret
553 1653 720 1718 Maximus
735 1653 891 1738 Cynicus,
909 1657 1083 1740 episeopus
1098 1656 1242 1737 daretur,
1257 1667 1350 1720 contra

262 1753 458 1816 ⁴arianorum
482 1751 663 1814 tentamina
687 1751 769 1816 fides
792 1751 939 1817 Nicuena
963 1753 1157 1834 firmaretur,
1175 1755 1350 1822 Semian'ani

262 1849 502 1929 Macedoniani,
525 1850 580 1934 qui
606 1845 814 1914 divinitatem
838 1848 981 1935 Spiritus
1004 1849 1117 1916 Sancti
1142 1851 1310 1936 negabant
1330 1853 1350 1913 si

261 1947 329 2010 lieri
361 1956 469 2031 posset
499 1944 667 2010 Ecclesiae
697 1947 1002 2029 reconciliarentur,
1035 1948 1086 2010 siu
1122 1951 1230 2015 minus
1257 1969 1350 2014 corun

261 2045 404 2108 haeresis
427 2044 666 2128 reprimeretur.
691 2043 743 2108 De
762 2043 813 2108 his
832 2043 1045 2109 Samiarianis
1063 2046 1351 2130 pneumatomachis

260 2164 366 2228 pauca
389 2139 609 2204 advertamus.

101 2247 250 2288 laruatust·
349 2239 401 2302 37.
426 2237 645 2302 Divinitatem
670 2239 811 2324 Spiritus
835 2239 947 2306 Sancti
976 2240 1075 2304 etiam
1099 2239 1218 2306 Ariani
1241 2239 1351 2326 rigidio-

261 2359 311 2400 res
344 2333 519 2420 negabant,
553 2358 654 2422 quum
688 2335 721 2400 id
755 2359 796 2400 ex
819 2347 886 2400 tota
910 2336 981 2401 Arii
1013 2336 1164 2402 doctrina
1189 2339 1350 2403 necessario

261 2443 527 2518 consequeretur3
542 2434 576 2496 in
595 2432 684 2497 lucta
699 2443 812 2498 contro
827 2455 881 2498 eos
896 2443 1005 2498 tamen
1021 2438 1170 2521 quaestio
1188 2437 1228 2502 de
1246 2437 1350 2522 Spiritu

261 2531 380 2598 Sancto
405 2532 513 2594 minus
536 2533 660 2616 agitata
682 2532 755 2614 fuit,
780 2554 881 2617 quum
905 2531 1027 2598 directe
1057 2532 1098 2596 ab
1123 2533 1178 2599 his
1201 2534 1350 2600 haereticis

262 2628 339 2694 Filii
363 2629 521 2693 divinitas
553 2630 772 2713 impeteretur.
819 2629 884 2695 Sed
915 2653 957 2694 ex
984 2629 1201 2696 Semiariauis
1224 2629 1348 2696 Macedo-

262 2730 335 2792 nius
358 2736 431 2812 post
454 2748 577 2790 annum
601 2727 667 2790 360
691 2727 843 2792 disertius
860 2727 1067 2792 divinitatem
1089 2729 1232 2814 Spiritus
1258 2728 1349 2795 Sancti

262 2825 426 2890 inficiatus
446 2834 503 2888 est.
549 2823 763 2888 Macedoniae
787 2825 864 2890 inde
882 2825 924 2890 ab
948 2849 977 2891 a.
1002 2825 1068 2890 350
1082 2829 1255 2914 episcopus
1269 2826 1349 2890 Oru-

261 2945 332 3004 nus,
364 2921 405 2986 ab
430 2921 563 2986 Arianis
593 2945 623 2985 a.
648 2923 712 2986 360
745 2945 762 2986 e
792 2923 868 2986 sede
897 2923 1048 2988 detrusus
1080 2924 1163 3008 fuit,
1196 2947 1289 3013 quum
1316 2921 1347 2986 ad

262 3020 483 3086 Samiarianos
498 3021 696 3084 accessisset.
726 3019 945 3086 Profitebatur
967 3029 1078 3085 autem
1102 3023 1175 3108 ipse
1198 3045 1269 3088 eum
1287 3017 1348 3084 mul·

261 3121 302 3184 tis
336 3117 547 3184 Samiarianis
580 3118 635 3203 qui
669 3119 698 3180 ei
732 3119 846 3182 sociati
880 3128 972 3202 sunt,
997 3119 1119 3185 Filium
1144 3121 1274 3208 quidem
1294 3139 1348 3182 esse

262 3241 304 3281 ex
326 3217 422 3282 Patre
445 3216 593 3302 genitum
617 3226 649 3280 et
673 3215 745 3280 ideo
777 3239 846 3280 esse
868 3217 978 3280 Deum
1010 3217 1050 3281 de
1073 3217 1145 3280 Deo
1171 3241 1211 3284 ao
1232 3215 1346 3281 similem

261 3315 350 3380 Patri
374 3313 555 3378 seeundum
579 3313 816 3394 substantiarn3
848 3315 1008 3400 Spiritum
1033 3314 1193 3381 Sanctum
1217 3336 1287 3379 vero
1307 3331 1346 3376 ne·

261 3411 361 3498 gabat
384 3434 454 3476 esse
477 3433 519 3474 ex
533 3411 629 3478 Patre
652 3413 858 3498 processione
882 3410 1098 3496 substantiali,
1122 3425 1157 3478 et
1180 3413 1251 3478 ideo
1273 3429 1347 3492 nego·

265 3511 319 3574 bot
343 3532 412 3574 esse
436 3509 563 3592 Deum;
597 3509 654 3574 sed
682 3511 882 3595 principium
916 3509 1057 3596 Spiritus
1087 3510 1201 3577 Sancti
1233 3507 1346 3575 docebat

263 3631 333 3672 esse
356 3606 479 3672 Filium
503 3606 718 3695 productione
743 3609 910 3672 creatrice.
955 3607 1046 3674 Inter
1060 3607 1284 3688 Semiarianos,
1304 3603 1345 3689 qui

262 3733 291 3776 a.
317 3705 382 3770 366
406 3726 425 3769 a
448 3705 581 3770 Liberio
606 3705 749 3770 admissa
773 3704 913 3769 formula
935 3705 1083 3771 Nicaena
1106 3706 1149 3772 od
1175 3702 1346 3772 communio

263 3829 337 3871 nem
372 3802 627 3869 ecclesiasticam
659 3805 780 3889 recepti
814 3813 908 3886 suut,
942 3803 1075 3868 fuerunt
1106 3806 1239 3891 quidem
1268 3801 1345 3865 etiam

264 3903 505 3984 Macedoniani,
539 3901 596 3966 sed
627 3904 661 3965 in
692 3900 872 3968 Occidente
905 3911 983 3966 tuno
1016 3924 1081 3966 non
1106 3904 1235 3968 videtur
1254 3909 1344 3965 notun

263 4001 374 4083 fuisse,
400 3999 471 4064 illos
495 3998 655 4084 ejusmodi
681 4000 780 4062 errori
795 3998 975 4064 inhaerere.
1001 3998 1173 4065 Caeterum
1190 4019 1262 4064 vero
1276 3995 1343 4060 dam·

338 4251 358 4318 ¹)
378 4248 432 4302 cfr.
445 4247 655 4317 Hergenrttther‚
669 4247 839 4304 Kotholiuelu
852 4247 952 4304 sterne
970 4247 1028 4302 rand
1046 4247 1210 4304 nominer
1221 4235 1342 4301 Sioutll
