2924 4818
421 487 465 542 An
484 487 705 544 exmmmuniaati
723 486 826 542 esum
1129 491 1181 546 1⁸8

94 629 289 714 perdurantem
312 649 375 692 non
400 628 553 694 habuerit
572 629 737 711 effectum,
762 651 800 694 eo
824 628 913 716 qnod
927 631 1052 713 Victor,
1077 653 1179 719 quum

96 725 153 790 aliis
171 749 218 790 res
240 725 424 812 displiceret
447 737 479 790 et
508 725 550 790 ab
576 728 616 790 iis
647 736 843 809 moneretur,
869 732 1179 796 excommunicatio

31 809 32 820 ¹
97 845 154 886 nem
174 846 233 888 non
256 835 385 908 urgeret
408 823 465 888 sed
488 826 679 889 remitteret.
702 863 745 872 -—
770 826 916 890 Maxime
931 848 1009 892 vero
1025 829 1181 892 insistunt

97 919 139 998 illi,
159 924 208 1007 qni
222 923 596 987 excommunicationem
612 922 711 986 mmm
730 944 800 986 esse
820 924 1033 1006 contendunt,
1057 926 1092 989 in
1116 923 1180 990 illis

96 1017 184 1080 serbis
212 1019 360 1084 Eusebii:
394 1019 548 1104 Datiapuc
581 1019 697 1084 litteris
718 1020 880 1084 uniuersos
912 1023 967 1106 qai
988 1020 1057 1086 illic
1089 1033 1180 1086 eroett

90 1113 189 1196 fratres
211 1116 391 1201 promribit,
425 1129 455 1180 et
487 1116 527 1180 ab
559 1119 681 1181 coitate
704 1116 865 1182 Ecclesiae
891 1124 1026 1204 praem
1058 1118 1180 1184 aliamoe

96 1232 143 1272 aa
163 1213 356 1297 peccabat.
404 1213 497 1278 Haec
529 1213 633 1278 verba
665 1213 847 1278 secundum
881 1235 1014 1278 sensum
1042 1215 1178 1280 obvium

95 1319 118 1368 et
143 1309 309 1374 naturalem
343 1311 489 1396 profecto
522 1311 726 1395 significant,
760 1335 780 1375 a
803 1311 937 1376 Victore
960 1312 1103 1378 Asianos
1125 1335 1179 1378 ex·

95 1410 323 1472 communicatos
346 1430 428 1474 esse.

163 1506 208 1571 73.
229 1505 329 1570 Haud
363 1528 480 1570 censeo
504 1517 631 1587 tamen,
663 1527 732 1568 rem
763 1527 806 1569 ex
835 1504 887 1569 his
910 1505 1022 1570 verbis
1044 1509 1178 1574 omnino

95 1601 196 1668 mnia.
238 1604 421 1668 Potuerunt
451 1603 580 1668 litterae
604 1601 747 1668 Victoris
784 1604 884 1666 etiam
908 1601 1068 1686 ejusmodi
1097 1627 1178 1688 esse,

94 1707 120 1758 nt
137 1699 357 1784 significarent,
381 1700 520 1765 Asianos
543 1702 572 1765 ei
593 1702 627 1762 in
651 1724 710 1764 aaa
726 1702 831 1786 proci
852 1697 1032 1766 celebrandi
1046 1703 1178 1768 Pasclta-

94 1795 124 1855 tis
140 1809 303 1884 perperem,
334 1801 617 1862 excommunicatos
646 1821 725 1876 esee,
749 1796 832 1862 adeo
856 1805 892 1860 ut
915 1801 1178 1864 excommunica

94 1893 190 1958 tionem
220 1897 436 1960 incurrissent
468 1907 541 1981 post
573 1895 716 1981 primum
747 1893 877 1959 Pascha
908 1916 999 1980 more
1032 1897 1072 1959 iis
1105 1919 1178 1962 con·

93 2001 163 2054 meto
189 1992 398 2058 celebratum.
446 1992 557 2073 Quum
588 1994 677 2057 enim
707 1991 872 2056 Eusebius
901 1992 1045 2056 Victoris
1076 1993 1180 2060 verbs

93 2085 147 2170 ipsu
165 2111 225 2154 non
246 2093 374 2172 afferat,
398 2113 464 2155 non
494 2101 601 2176 potest
630 2111 745 2154 sensns
768 2091 934 2174 rigorosus
957 2112 1070 2155 eorum
1093 2091 1178 2156 ultra

94 2181 140 2248 hoc
159 2191 268 2272 urgeri.
315 2189 456 2254 Interim
487 2209 564 2252 vero
595 2189 724 2272 accepit
754 2187 786 2252 S.
811 2187 926 2250 Victor
948 2187 1120 2273 epistolam
1144 2189 1178 2256 S.

95 2279 195 2348 lmnsei
214 2286 421 2371 aliorumque
444 2287 688 2372 episcoporum,
720 2286 848 2371 ipsique
872 2286 974 2348 satius
997 2287 1107 2351 visum
1130 2297 1179 2352 est

93 2383 271 2464 suniam
293 2405 410 2448 eorum
434 2382 606 2448 desideriis
630 2393 662 2445 et
684 2383 1061 2448 excommunicationem
1083 2384 1178 2451 Asia·

93 2493 185 2544 nomm
206 2502 268 2546 non
292 2479 463 2567 perficere.
510 2479 668 2566 Opinioni
692 2479 781 2562 huic,
806 2483 1108 2547 excommunicatos
1131 2505 1178 2548 re·

94 2589 153 2636 vera
172 2597 231 2642 non
252 2578 358 2642 fuisse
387 2577 544 2658 Asianos,
574 2577 689 2641 lavent
712 2586 799 2640 certe
826 2599 876 2659 ea,
904 2599 989 2662 quae
1012 2579 1179 2644 mediante

92 2671 195 2739 caulo
223 2675 274 2740 111
306 2675 353 2738 ad
384 2673 418 2740 S.
452 2671 657 2760 Cyprianum
690 2674 723 2742 S.
752 2674 966 2739 Firmilianus
1005 2678 1179 2762 episcopus
1255 2685 1259 2696 '

92 2763 243 2836 Caesareae
273 2776 310 2838 in
345 2770 557 2857 Cappadocia
590 2773 722 2858 scripsit
753 2781 867 2837 contra
899 2771 932 2836 S.
962 2771 1177 2857 Stephanum,

92 2885 172 2947 quan
205 2871 429 2936 controversia
470 2870 511 2934 de
543 2869 789 2956 rebaptizandis
827 2868 1002 2934 haereticis
1034 2872 1176 2956 vigeret:

93 2959 141 3024 llus
159 2979 261 3046 artem,
285 2966 413 3049 scribit,
436 2969 492 3053 qai
517 2969 637 3032 Romae
665 2977 738 3031 aaut
763 2989 829 3030 aaa
854 2967 890 3030 im
913 2967 1055 3033 omnibus
1077 2968 1177 3032 obam-

92 3081 157 3138 aare,
184 3089 256 3150 qaae
289 3065 356 3128 sint
379 3063 418 3126 ab
442 3067 561 3151 osipioe
586 3064 726 3144 hadita,
758 3075 788 3128 et
802 3063 934 3150 fiuntcc
955 3065 1178 3151 Apostolorum

92 3163 278 3226 mamaeam
294 3161 515 3248 praeteadere,
539 3163 617 3226 seire
650 3164 720 3248 quie
747 3163 842 3226 etiam
863 3161 938 3226 iada
956 3175 1071 3248 potest,
1095 3163 1178 3249 quod

92 3254 157 3319 drea
182 3257 380 3324 mithram
410 3259 479 3324 dice
502 3260 639 3323 Paschae
663 3270 693 3324 ct
716 3261 801 3324 circa
831 3259 932 3322 malta
958 3258 1028 3324 alia
1050 3261 1178 3324 divinae

92 3353 127 3412 'tt'
151 3367 337 3422 mercatorum
368 3355 475 3420 ardeat
506 3379 571 3420 cese
604 3357 692 3442 apud
714 3355 788 3420 illoc
811 3355 937 3441 aliquas
968 3357 1176 3436 diversitatea,

91 3469 133 3512 Me
158 3453 308 3520 omasi
338 3453 407 3517 illic
438 3455 544 3518 omnia
568 3454 743 3540 aequaliter
774 3475 853 3538 meac
877 3453 1104 3540 Hierosolymis
1127 3451 1177 3516 oh·

91 3561 245 3632 maram,
267 3549 435 3615 mma
457 3551 541 3636 qaod
571 3552 606 3614 io
634 3552 766 3614 caeteris
797 3571 914 3636 quoquc
931 3549 1084 3634 plurimis
1101 3571 1176 3636 pro-

92 3643 181 3709 tluciis
200 3647 297 3714 multa
314 3670 378 3732 pro
401 3647 538 3712 beorum
561 3660 591 3712 ct
613 3648 767 3712 homimem
793 3647 976 3710 dirueraitate
998 3649 1176 3724 variamur,

92 3759 134 3800 Μ
159 3754 253 3810 tamem
278 3756 413 3832 propter
434 3746 508 3809 haec
532 3745 571 3808 ab
596 3744 755 3808 Ecclesiae
787 3743 958 3808 catholicae
974 3767 1056 3830 pace
1085 3755 1177 3828 atquc

93 3839 189 3904 *nitate
203 3841 373 3928 aliquando
389 3841 558 3906 discerem
580 3853 634 3906 eet.
670 3839 761 3914 Quod
783 3864 866 3904 nume
881 3837 1058 3926 Stephanae
1081 3863 1177 3904 auara

94 3941 128 3994 Μ
136 3935 244 4018 soene,
266 3961 413 4025 rumperes
429 3939 593 4002 mearam
614 3961 669 4002 ace
686 3961 809 4025 pacem,
833 3959 925 4024 quam
949 3959 1068 4024 semper
1091 3949 1176 4001 acte-

94 4049 202 4100 ἄποτα
221 4041 287 4126 ejas
306 4036 462 4100 υοὸὺωπι
484 4059 589 4100 amore
605 4047 635 4100 et
653 4037 767 4099 hamore
790 4046 895 4098 mutuo
919 4035 1140 4098 custodierant.
1149 4035 1176 4119 ¹)

143 4173 215 4184 --a-

153 4244 169 4300 'l
186 4239 256 4295 luter
273 4245 346 4313 Eup..
366 4245 512 4312 cypriamus
529 4261 554 4313 p.
574 4249 616 4300 to.
635 4261 663 4299 n.
683 4249 708 4299 ὁ.

1020 4333 1068 4384 11*
