2766 4836
452 503 592 559 Vindictae
610 501 719 558 Liberti
1111 494 1146 548 57

51 646 289 732 subscripsisset,
314 645 431 712 Ariani
456 649 555 712 enam
579 650 685 732 magis
708 666 808 732 quam
831 644 927 708 Hosii
951 643 1040 708 illins
1062 644 1146 708 Pon-

50 743 130 810 tifiois
143 743 444 832 comprobationem
454 746 637 831 jactassent
655 754 688 809 et
702 742 892 808 orthodoxis
907 743 1145 827 opposuissent,

50 853 130 928 atque
155 842 305 908 Hilarius
333 853 365 906 et
393 841 605 908 Phoebadius
638 853 727 908 certe
755 840 838 906 illud
865 841 990 905 factum
1018 861 1145 926 compe·

49 943 158 1021 assent,
173 940 335 1026 decoque
351 941 385 1004 in
402 939 522 1006 libellis
544 963 626 1027 quos
644 961 682 1006 eo
706 950 852 1026 tempore
875 947 989 1004 contra
1004 937 1146 1003 Arianos

49 1039 233 1123 scripserunt
256 1039 408 1123 egissent.
440 1075 484 1086 -
516 1037 629 1104 Facile
652 1049 763 1104 cutem
787 1036 890 1118 vides,
914 1047 1145 1121 argumentum

48 1133 97 1200 boc
125 1157 191 1200 non
223 1157 294 1200 esse
322 1157 409 1200 mere
441 1139 642 1220 negativum,
673 1135 731 1200 sed
761 1137 902 1221 positivo
925 1134 1146 1220 aequivalere.

49 1233 89 1296 Ex
110 1234 205 1298 modo
229 1235 319 1299 enim
342 1255 407 1320 quo
439 1233 587 1300 Hilarius
618 1246 652 1299 et
673 1233 883 1299 Phoebadins
911 1233 952 1298 de
975 1233 1078 1297 Hosio
1102 1231 1146 1297 lo·

47 1343 175 1416 qunntur
184 1341 285 1418 patet,
296 1334 405 1417 ipsum
415 1332 515 1398 solun
527 1333 629 1398 fnisse
639 1333 696 1419 qui
710 1341 790 1396 tunc
800 1331 997 1396 credebatur
1011 1332 1145 1396 cessisse

47 1427 216 1494 herodeis.
239 1428 348 1516 Atque
362 1428 511 1495 hocloco
526 1430 560 1496 id
574 1451 705 1518 quoquo
720 1432 755 1495 in
776 1432 967 1494 memoriam
990 1451 1145 1494 revocare

43 1527 167 1610 jurabit,
192 1527 372 1613 Sulpitium
405 1527 566 1594 Severum
603 1531 638 1594 in
668 1549 728 1592 sua
758 1527 844 1593 Hist.
876 1551 969 1592 saera
992 1526 1013 1592 l.
1037 1550 1066 1592 c.
1090 1551 1146 1614 pa-

46 1627 109 1689 riter
128 1622 251 1691 referre
275 1627 464 1711 opinionem
496 1625 667 1711 vulgatam
700 1624 742 1690 de
774 1625 871 1690 Hosii
904 1625 1015 1711 lapsu,
1047 1647 1145 1712 quem

48 1724 93 1786 six
114 1723 262 1790 admittit
282 1723 324 1788 ob
348 1726 490 1809 priorem
514 1725 743 1806 constantiam,
767 1723 826 1788 sed
848 1745 891 1788 ne
914 1723 1054 1788 verbum
1077 1725 1146 1810 qui·

46 1819 106 1886 dem
128 1821 252 1886 babere
276 1821 435 1907 delapsu
458 1822 599 1904 Liborii,
623 1823 718 1908 cujus
743 1821 887 1886 reditum
910 1820 1060 1886 attribuit
1081 1829 1145 1884 tur·

47 1917 86 1982 bis
106 1919 231 1984 Romae
253 1921 415 1985 excitatis.
444 1957 487 1968 ·—
510 1921 564 1985 Ex
587 1919 741 1986 omnibus
755 1919 847 1984 bisce
865 1920 937 2005 jam
961 1928 1048 1984 certo
1073 1941 1146 1983 con·

48 2017 118 2082 cludi
142 2039 241 2104 posse
265 2039 445 2099 censemus,
476 2017 642 2084 secundae
672 2017 831 2084 formulae
854 2017 1026 2081 Sirmiensi
1049 2016 1145 2082 Libe-

48 2117 114 2180 n'um
139 2138 208 2182 non
231 2115 474 2202 subscripsisse.

120 2215 173 2280 ll.
199 2214 348 2278 Forrnalo
377 2213 560 2279 Sir-niensis
592 2217 687 2280 tertia
724 2215 943 2280 communiter
969 2213 1198 2300 appellata,lloe
1213 2217 1297 2258 *Μ

49 2313 83 2373 nti
104 2313 252 2377 vidimus
273 2314 454 2398 composita
477 2323 569 2377 csta.
593 2313 668 2394 359,
693 2312 747 2377 die
770 2313 813 2376 22
832 2313 912 2378 lllaii
938 2334 994 2377 seu
1019 2314 1053 2376 in
1075 2335 1146 2399 per-

48 2409 143 2492 sigilio
174 2410 394 2475 Pentecosten.
444 2411 491 2476 At
522 2410 677 2476 Liberius
702 2411 774 2497 jam
806 2431 892 2474 anno
928 2408 1147 2496 praecedente

49 2505 168 2573 Romam
194 2519 265 2573 erat
286 2531 447 2574 reversus.
485 2507 619 2573 Nullam
652 2519 763 2573 eutem
792 2509 894 2573 fuisse
918 2509 1062 2573 mediam
1085 2508 1147 2572 for·

47 2605 152 2670 nulum
177 2605 308 2693 (saltem
331 2629 430 2672 sensu
462 2609 593 2692 proprio
623 2607 669 2680 ite
692 2605 957 2694 appellandam),
983 2605 1147 2691 colligitur

47 2723 77 2765 er
97 2707 128 2768 ὃ.
142 2705 320 2770 Athanasii
344 2703 427 2769 libro
452 2705 494 2770 de
508 2703 668 2788 Synodis‚
692 2706 728 2770 in
751 2727 816 2790 quo
841 2715 1011 2770 enumerat
1033 2725 1147 2768 omnes

48 2801 230 2867 Asianorum
241 2803 417 2884 formulas3
442 2812 571 2887 etpost
599 2805 795 2867 recensitam
820 2801 867 2890 (n.
891 2801 948 2888 29)
970 2801 1146 2865 formulam

47 2900 211 2966 secundam
238 2903 346 2985 pergit
377 2901 420 2966 ad
447 2900 534 2964 banc
557 2902 699 2966 tertiam.
745 2901 834 2966 Huic
863 2901 964 2985 igitur
987 2899 1146 2964 formulae

48 3007 119 3062 certe
140 3020 209 3063 non
233 2999 429 3084 subscripsit
450 2998 616 3064 Liberius.

121 3097 173 3160 78.
198 3097 357 3162 Remanet
381 3107 417 3162 ut
440 3099 655 3182 inquiramus,
680 3107 792 3162 utrum
806 3097 960 3162 Liberius
984 3097 1146 3181 subscrip-

49 3195 112 3256 serit
149 3218 179 3260 a.
218 3195 284 3262 358
321 3196 432 3262 Sirmii
470 3194 580 3259 libello
619 3194 666 3260 illi
710 3205 963 3260 commemorato
1001 3217 1021 3259 a
1052 3193 1147 3258 Sozo-

50 3309 129 3354 neno
144 3293 183 3356 L.
203 3292 261 3356 IV.
286 3315 314 3357 e.
341 3295 390 3374 15,
415 3313 479 3378 quo
499 3294 597 3379 juxta
621 3295 729 3378 ipsum
752 3292 853 3376 legati
877 3292 1051 3357 orientales
1075 3314 1148 3356 con·
1172 3314 1205 3355 ss
1220 3312 1293 3355 libello

46 3385 180 3466 jecerant
211 3415 247 3454 en
279 3415 359 3477 quoe
391 3401 502 3456 contro
534 3391 668 3456 Paulum
700 3390 940 3455 samosatenum
976 3401 1006 3454 et
1038 3373 1305 3455 commoneantur.

51 3483 201 3552 Plotinum
214 3487 326 3553 Sirmii
338 3491 515 3576 opsboopssm
533 3490 659 3554 decreto
682 3489 821 3566 fucrant,
845 3499 875 3552 et
892 3500 1062 3575 praeterea
1067 3488 1150 3573 fidei

44 3581 203 3662 funalem
224 3588 261 3650 s'a
282 3587 479 3652 dedicatione
503 3577 722 3652 Antiochensis
745 3587 896 3651 basilicae
920 3588 1047 3666 editam,
1072 3636 1079 3651 .
1105 3637 1112 3652 .
1138 3635 1146 3652 .

48 3681 166 3760 senode
187 3685 280 3768 quasi
301 3685 424 3771 quidem
456 3685 511 3749 nab
540 3685 666 3750 obtentu
694 3685 839 3749 vocabuli
870 3685 1149 3750 consubstantialis

49 3781 197 3862 proprioru
223 3783 375 3846 Macrim
398 3781 541 3848 nobilis-e
564 3793 761 3848 conarentur.
813 3783 923 3869 Atque
946 3782 1028 3847 haec
1051 3806 1148 3870 quae-

52 3873 101 3936 su'o
123 3899 160 3940 eo
183 3879 322 3964 majoris·
340 3883 497 3944 momenti
522 3890 580 3962 est,
605 3879 693 3967 quod
717 3883 914 3944 recentiores
937 3880 1047 3965 plures
1072 3903 1147 3945 cum

52 3968 84 4032 cl
105 3973 216 4042 Helela
240 3999 279 4041 ea
300 3979 428 4042 ¹rationo
446 3979 518 4063 jam
552 3980 809 4044 controversiam
838 3978 880 4043 de
904 3978 1029 4042 Liberii
1052 3979 1147 4065 lapsu

53 4075 255 4158 peremptorio
278 4075 374 4140 modo
407 4075 583 4158 resolvant,
609 4089 645 4142 ut
674 4076 720 4141 illi
745 4075 855 4140 libello
879 4076 1050 4142 Liberium
1074 4076 1148 4141 sub-

55 4171 206 4252 scripsisse
227 4184 387 4238 aeserant.
432 4174 476 4237 Et
498 4195 614 4240 revera
642 4195 700 4262 pro
724 4175 787 4238 hac
817 4174 886 4238 sola
909 4175 1069 4240 solutione
1093 4175 1148 4240 ali-

55 4283 126 4346 quae
148 4271 286 4334 rationes
311 4293 386 4334 cum
410 4271 554 4358 quadam
578 4274 648 4337 veri
673 4275 782 4358 specie
805 4273 915 4338 afferri
939 4281 1081 4358 possent.
