2900 4800
443 431 772 486 troarnensem
791 431 902 502 vigilio.
1173 433 1227 489 aas

109 577 285 664 epistolam
317 578 347 641 ei
380 575 461 642 falso
495 595 566 662 esse
597 575 816 661 suppositam,
850 574 977 640 neoda
1004 575 1067 640 bac
1090 577 1228 664 epistola

108 678 168 760 agi
191 678 226 740 in
249 675 421 740 sententiis
442 695 463 737 a
497 674 598 736 variis
619 673 775 738 Patribus
798 673 924 758 Synodi
948 671 1228 740 Chalcedonensis

108 773 197 838 latis.
245 771 358 852 Quum
389 771 453 836 bac
486 771 706 856 explicatione
724 771 816 850 data
844 769 973 836 facilius
997 770 1229 838 occidentales

108 869 305 934 viderentur
326 869 415 934 flecti
430 889 524 954 posse
536 868 580 934 ad
592 889 788 934 eonsensum
808 870 844 932 in
857 868 1105 935 damnationem
1128 873 1228 936 trium

110 965 351 1053 Capitnlorum,
366 965 511 1052 Vigilius
534 987 607 1031 eam
631 968 829 1032 sententiam
853 987 929 1030 cum
952 967 1096 1052 quodam
1111 969 1229 1032 ardore

107 1064 285 1152 amplexus
306 1073 365 1148 est,
389 1086 530 1150 eamque
543 1067 720 1151 praecipue
738 1067 774 1129 in
797 1085 855 1129 suo
873 1063 1058 1130 Constituto
1083 1065 1227 1130 seeundo

108 1163 217 1228 meins
238 1163 379 1248 probare
401 1164 527 1229 nititur.
574 1161 755 1228 Censemus
774 1171 894 1244 autern,
919 1183 995 1226 eum
1019 1164 1053 1228 in
1078 1161 1141 1227 hac
1154 1183 1228 1248 sup·

108 1262 273 1347 positione
296 1281 429 1342 enasse,
462 1262 861 1346 argumentationemque,
893 1282 961 1347 qua
992 1260 1229 1346 comprobare

17 1359 18 1418 f
110 1361 237 1441 nititur,
261 1379 402 1422 examen
425 1357 516 1422 haud
539 1361 710 1422 sustinere.
757 1356 823 1422 Sed
849 1357 1060 1422 manifestum
1084 1367 1142 1440 est,
1167 1357 1230 1422 hoe

17 1437 18 1512 l
109 1456 194 1522 nihil
218 1477 394 1521 commune
426 1455 547 1520 babere
571 1477 648 1520 curn
680 1455 790 1541 aliquo
813 1475 922 1537 errore
955 1456 1033 1522 fidei
1057 1458 1093 1522 in
1116 1456 1230 1522 defini-

17 1515 19 1610 l
108 1557 198 1620 tione
232 1553 421 1636 doctrinali,
454 1553 795 1639 infallibilitatemque
825 1542 924 1619 ¹Sedis
951 1552 1161 1638 Apostolioae
1188 1575 1230 1618 ne

109 1655 287 1720 minimum
307 1651 443 1738 quidem
458 1651 549 1716 hisee
562 1653 691 1736 attingi.
716 1687 760 1700 --
783 1652 874 1716 Dum
898 1671 976 1716 vero
993 1651 1137 1736 Vigilius
1159 1673 1230 1738 pro-

17 1745 19 1824 l
109 1751 220 1830 bibet,
245 1751 421 1835 quominus
444 1750 518 1835 quis
539 1749 711 1814 adstruere
733 1751 873 1831 nitatur,
906 1749 987 1814 Ibae
1016 1748 1230 1836 epistolama

17 1827 19 1976 ,
108 1867 321 1934 quocumque
334 1847 471 1911 Petrum
495 1849 530 1910 in
547 1845 759 1912 Chalcedone
782 1845 996 1910 residentium
1012 1845 1229 1912 orthodoxam

17 1979 19 2010 r
109 1967 182 2010 esse
205 1947 465 2032 pronuntiatam,
499 1942 591 2009 bisce
621 1954 708 2008 certe
740 1943 831 2010 nulla
853 1943 932 2008 fidei
956 1945 1103 2008 definitio
1127 1947 1229 2010 conti·

108 2055 218 2108 netur.
265 2041 331 2108 Sed
355 2062 457 2128 quum
490 2063 532 2106 ex
554 2044 760 2125 gravissimis
783 2041 966 2107 rationibus
989 2041 1143 2106 Pontifex
1166 2041 1229 2106 col-

109 2140 170 2225 ligi
195 2149 343 2204 censeret
366 2141 563 2204 sententiam
586 2161 680 2203 suam
703 2139 745 2204 de
759 2139 840 2204 Ibae
864 2138 1011 2224 epistola,
1033 2135 1133 2203 talem
1156 2161 1228 2225 pro·

17 2259 19 2312 ff
110 2237 307 2302 bibitionem
332 2237 456 2317 emisit,
482 2258 524 2300 ne
551 2237 624 2321 quis
647 2238 787 2322 sopitam
820 2239 1077 2302 controversiam
1109 2239 1228 2302 iterum

110 2336 282 2400 excitaret.
330 2333 424 2414 Quae
452 2355 531 2397 veru
557 2333 679 2398 bacin
711 2355 746 2398 re
769 2337 870 2418 statui
901 2337 1045 2420 possint,
1078 2336 1229 2419 superius

110 2432 269 2498 vidimus.
317 2430 480 2511 Quamvis
503 2431 604 2515 igitur
627 2430 770 2514 Vigilius
794 2433 903 2496 minus
926 2431 1066 2496 feliciter
1087 2433 1123 2494 in
1147 2430 1230 2496 Con-

110 2532 225 2596 stituto
249 2528 407 2592 secundo,
429 2529 655 2614 quaestionem
689 2528 729 2592 de
756 2529 838 2593 Ibae
870 2527 1008 2614 epistola
1030 2530 1229 2610 tractaverit,

17 2651 18 2656 ¹
110 2625 326 2692 menifestum
350 2635 461 2690 tamen
484 2636 549 2708 est,
574 2625 702 2690 nullum
720 2635 953 2710 argumentum
976 2637 1090 2690 contra
1112 2625 1230 2690 infalli-

111 2725 275 2790 bilitatem
300 2723 395 2788 Sedis
418 2722 628 2808 Apostolioas
651 2745 694 2788 ex
717 2745 755 2788 eo
779 2721 899 2789 deduci
922 2739 1027 2808 posse.

201 2821 255 2886 91.
281 2819 378 2900 Quod
410 2822 528 2886 attinet
558 2821 602 2884 ad
625 2823 844 2886 auctoritatem
868 2819 1004 2885 Consilii
1034 2819 1164 2897 CPtaoi,
1189 2825 1332 2884 exc⁰¹²⁶¹¹¹¹
1345 2837 1394 2868 πον

111 2921 211 2984 dictis
234 2917 332 2981 facile
345 2918 518 3003 colligitur,
534 2918 615 2984 illud
632 2939 692 3004 per
705 2940 739 2984 se
753 2919 1003 2982 oecumenicum
1028 2941 1094 2982 non
1117 2918 1229 2983 fuisse.
1276 2887 1362 2928 *ΝΜ

113 3016 279 3100 Quamvis
310 3015 455 3099 Vigilius
487 3017 689 3080 consenserit
720 3018 754 3080 in
788 3017 1059 3081 convocationem
1090 3013 1231 3080 Concilii

17 3169 18 3190 2
110 3111 288 3200 generalis,
312 3111 418 3177 noluit
440 3123 552 3178 tamen
566 3112 649 3177 illud
661 3112 831 3193 celebrari,
856 3133 957 3198 quum
981 3114 1087 3198 pauci.
1103 3121 1232 3176 tantum

112 3211 260 3299 episcopi
285 3208 507 3276 occidentales
528 3211 750 3275 advenissent.
781 3209 901 3275 Deleta
924 3211 1058 3297 quidem
1083 3212 1145 3297 ipsi
1169 3211 1233 3276 fuit

17 3393 18 3396 Ἴ
111 3306 349 3397 praesidentia,
385 3307 443 3372 sed
477 3310 645 3372 recusavit
672 3306 807 3392 Synodo
841 3309 1010 3390 interesse,
1045 3329 1107 3372 nee
1138 3307 1234 3374 Sedis

112 3404 330 3494 Apostolicae
361 3404 461 3488 legati
492 3405 720 3470 interfuerunt.
746 3403 917 3490 =Plerique
949 3415 1061 3470 autern
1087 3406 1234 3491 episcopi

113 3501 347 3584 occidentales,
372 3503 428 3588 qui
454 3501 737 3588 Constantinopoli
768 3512 871 3584 erant,
896 3504 1020 3588 pariter
1041 3513 1235 3567 recusarunt

112 3604 154 3667 ad
190 3598 364 3684 Synodum
396 3601 563 3666 accedere.
610 3601 684 3666 Non
717 3599 869 3665 obstante
903 3621 1034 3664 secessu
1063 3599 1234 3664 Pontificis

114 3696 303 3764 Confflinm
327 3697 461 3782 quidem
494 3697 646 3763 habitum
669 3709 727 3778 est,
757 3698 816 3762 sed
839 3697 894 3762 ille
918 3697 1071 3763 CPtanus
1094 3717 1234 3760 conven-

113 3808 167 3862 tus
191 3797 421 3881 episcoporum
445 3795 654 3860 orientalium
669 3817 736 3860 non
760 3793 1028 3881 repraesentabat
1049 3793 1234 3879 legitimum

114 3891 304 3962 Concilium
340 3894 606 3974 oecumenicum,
643 3893 783 3979 ideoque
818 3893 905 3958 illius
940 3893 1071 3956 decreta
1110 3890 1234 3956 nullam

114 3991 215 4058 aliern
239 3990 309 4054 vim
333 3989 455 4054 babere
479 3992 672 4077 potuissent,
689 3992 752 4056 nisi
767 3991 810 4056 ad
835 4009 1001 4055 summum
1023 3998 1121 4074 prout
1143 3997 1235 4073 gesta

114 4089 233 4174 synodi
267 4086 444 4154 orientalis.
499 4088 632 4154 Etenim
670 4097 799 4173 praeter
834 4088 1054 4173 praesentiam
1093 4087 1233 4151 Romani

113 4185 285 4252 Pontificis
309 4183 362 4248 vel
384 4207 501 4270 perse
526 4183 579 4248 vel
604 4207 663 4270 per
685 4184 927 4270 suostcgnos,
951 4184 1063 4250 deerat
1086 4181 1233 4269 buicSy·
