2874 4812
397 497 604 568 AnCyprianus
622 499 874 594 ascomannicatus.
1142 503 1195 561 337

80 663 133 704 sua
154 642 392 706 communione
420 644 568 729 privasse
600 644 634 711 S.
663 645 896 712 Firmilianum
919 667 996 713 cum
1020 647 1194 714 Orientali-

81 739 134 803 bus
156 741 246 804 sicut
268 749 303 804 et
324 739 359 806 S.
384 739 590 827 Cyprianum
613 764 690 808 cum
706 743 806 827 Afris,
830 745 1195 833 noudumsequerctur

80 849 139 900 tam
161 859 250 902 unos
273 859 374 923 quam
404 837 486 904 alios
515 840 562 904 ab·
590 840 760 906 Ecclesiae
791 863 926 928 corpore
950 853 1116 930 separatos
1139 845 1192 910 vel

79 935 209 998 unitatis
234 945 381 999 exsortes
403 935 515 1002 lirisse.
561 937 695 1024 Duplex
726 959 868 1026 namque
899 937 1056 1026 distingui
1086 951 1193 1029 potest

78 1033 237 1097 abstentia
261 1054 321 1096 seu
344 1035 585 1099 communionis
607 1037 762 1121 privatio.
808 1035 922 1101 Altera
937 1059 1051 1104 veram
1075 1041 1192 1104 consti-

78 1133 133 1195 tuit
154 1133 541 1197 excommunicationem
564 1142 596 1197 et
618 1133 661 1198 ab
678 1133 848 1199 Ecclesiae
871 1155 1007 1222 corpore
1029 1139 1191 1204 rescissio-

78 1251 162 1312 nem3
186 1228 296 1293 altera
318 1227 423 1294 solum
447 1231 657 1318 interrumpit
675 1241 827 1297 mutuum
851 1234 937 1298 inter
959 1233 1114 1300 ecclesias
1137 1238 1191 1303 vel

77 1329 167 1391 etiam
190 1347 355 1414 personas
378 1329 621 1411 commercium,
653 1351 760 1416 neque
783 1329 986 1396 anathemati
1011 1340 1060 1396 est
1081 1335 1192 1420 aequi-

76 1425 230 1510 paranda.
274 1425 351 1489 Non
384 1425 504 1491 desunt
534 1425 724 1513 hujusmodi
749 1427 970 1494 distinctionis
992 1431 1134 1516 vestigia
1157 1434 1190 1496 in

76 1525 270 1610 antiquitate
301 1523 540 1589 ecclesiastica:
572 1525 658 1590 Dassa
689 1526 813 1590 saewlo
845 1527 979 1592 secando
1010 1529 1193 1614 opitabatur

75 1625 210 1708 quaestio
236 1623 276 1686 da
301 1623 466 1686 Pasclsots's
488 1623 705 1703 celebratione,
731 1622 763 1688 S.
783 1622 890 1688 Victor
911 1627 934 1689 I
951 1625 1120 1706 Asiaticos,
1144 1628 1191 1692 in-

76 1722 141 1806 quit
161 1719 397 1784 Dumesnilins
421 1719 597 1808 (Doctrina
620 1731 652 1786 et
679 1721 808 1808 discipl.
832 1721 923 1789 Eccl.
947 1731 969 1788 t.
993 1723 1020 1788 I.
1044 1744 1076 1809 p.
1100 1724 1189 1812 215),

75 1841 126 1881 aaa
147 1819 431 1886 commendatione
448 1820 570 1905 privat,
594 1821 649 1884 aad
672 1821 1002 1885 accommsuu'catioais
1025 1823 1191 1887 anamma

75 1940 131 1979 nors
139 1918 295 1996 intorsit,·
308 1939 388 2003 quiae
402 1916 464 1981 duo
477 1917 571 1981 valde
583 1918 711 1982 dicasa
725 1930 798 1983 aaut
811 1919 899 2006 aprsd
913 1920 1069 2006 antiquos.
1096 1921 1190 2003 Hinc,

75 2025 104 2075 at
123 2015 223 2101 refert
248 2015 451 2101 Epiphanius
473 2012 573 2100 (baar.
600 2015 658 2101 70)
679 2015 857 2081 Oriesstalaa
880 2017 920 2080 ab
938 2015 1191 2082 Occidentalibas

75 2111 194 2194 divulsi,
204 2112 365 2199 pacificas
381 2135 402 2176 a
417 2133 449 2176 aa
464 2115 596 2178 inuicem
608 2113 732 2178 litteras
742 2111 1067 2201 uallabacca'piabaat.
1093 2115 1191 2180 Unde

74 2209 164 2274 etiam
192 2209 400 2274 Benedictus
422 2209 538 2274 Palma
561 2209 681 2300 (Prael.
705 2221 728 2277 t.
753 2210 798 2298 1):
822 2209 1012 2276 Addeadam
1036 2223 1091 2295 ast,
1122 2213 1189 2277 Vic-

74 2317 161 2370 loreru
184 2307 403 2372 mammaea>
420 2308 575 2394 pacificas
597 2307 721 2372 litteras
743 2309 875 2373 Asianis
898 2309 942 2372 ad
965 2309 1095 2396 aliquod
1119 2321 1190 2375 tera·

71 2425 137 2486 pus,
159 2405 248 2491 quod
270 2417 375 2470 tamea
397 2406 581 2470 diuturnam
602 2427 666 2470 aaa
680 2406 762 2492 fait,
785 2407 986 2493 deaaqaassf‘

157 2503 212 2568 86.
240 2502 344 2588 „Erat
376 2525 452 2589 ergo
480 2501 648 2591 quoddam
671 2505 807 2568 minoris
838 2506 1191 2570 excommunicationis

76 2621 182 2682 genus,
207 2609 248 2664 ut
272 2610 365 2665 notat
379 2602 416 2665 P.
436 2600 565 2666 Natalis
581 2600 823 2688 Alexander),
847 2624 913 2689 qua
935 2623 998 2666 nec
1020 2603 1063 2669 ab
1077 2603 1190 2668 Eccle-

77 2697 139 2761 siae
162 2719 304 2784 corpore
328 2699 500 2784 segregati,
515 2720 578 2763 nec
594 2709 687 2763 extra
700 2699 815 2764 salutis
830 2709 949 2764 statum
963 2693 1061 2786 positi
1085 2712 1188 2785 crant,

75 2793 126 2858 sed
148 2795 335 2860 honoribus
357 2795 525 2861 nonnullis
555 2796 730 2861 dumtaxat
758 2807 791 2862 et
818 2796 1060 2884 appendicibus
1087 2798 1189 2864 eccle-

74 2893 190 2958 siastici
222 2895 467 2958 communionis
496 2895 635 2982 privati,
672 2896 830 2959 nimirum
866 2895 1012 2982 epistolis
1040 2896 1189 2962 formatis

74 3001 103 3052 et
122 2990 327 3078 hujusmodi.
372 2992 523 3057 Proderit
554 2992 746 3058 observasse
776 3015 819 3057 ex
849 2993 1077 3081 Bingbamo¹),
1110 2996 1188 3060 istas

74 3085 191 3154 litteras
226 3089 376 3154 diversas
407 3089 508 3154 luisse
539 3091 669 3175 generis
701 3111 760 3176 pro
784 3090 917 3155 diversa
939 3093 1111 3155 occasione
1134 3090 1187 3155 vel

74 3183 243 3252 hominum
268 3187 457 3252 conditione
487 3187 545 3273 qui
577 3209 633 3252 eas
664 3187 884 3274 accipiebant.
930 3186 1123 3253 Generatim
1145 3189 1188 3253 ad

74 3293 133 3348 tres
158 3285 283 3349 classes
309 3284 546 3350 referebantur.
597 3283 703 3349 Erant
730 3287 819 3350 enim
847 3284 900 3349 vel
927 3286 1083 3372 epistolae
1110 3309 1187 3350 coar

74 3383 287 3447 madatarias
309 3380 365 3446 vel
388 3384 690 3463 communicatoriae,
718 3382 772 3447 vel
803 3383 1011 3448 dimissoriae.
1056 3384 1188 3448 Primae

74 3479 181 3546 classis
215 3480 374 3568 epistolae
407 3480 591 3546 illustrioris
624 3481 822 3546 conditionis
854 3480 908 3546 vel
946 3483 1045 3546 etiam
1077 3479 1188 3566 hujus-

75 3577 156 3642 modi
180 3577 376 3643 bominibus
399 3577 573 3659 dabantur,
590 3598 729 3664 quorum
746 3579 945 3644 existimatio
969 3579 1004 3644 in
1027 3581 1187 3666 quaestio-

74 3696 144 3740 nem
166 3677 279 3742 fuerat
301 3685 429 3760 vocam,
454 3675 508 3741 vel
532 3676 661 3743 clericis
682 3676 803 3764 quibua
826 3677 859 3741 in
885 3687 1014 3740 exteras
1037 3676 1187 3762 regiones

73 3773 347 3856 proficiscendum
380 3784 459 3840 erat.
505 3774 651 3841 Secundi
682 3775 813 3860 generis
845 3774 1001 3862 epistolae
1033 3775 1187 3840 omnibus

75 3871 110 3934 iis
139 3872 426 3960 impertiebantur,
460 3873 516 3958 qni
550 3873 586 3936 in
618 3873 848 3937 communione
880 3872 1050 3937 Ecclesiae
1081 3883 1185 3958 erant,

75 3989 252 4058 pacemque
276 3991 352 4034 cum
368 3991 407 4034 ea
426 3969 587 4052 colebant,
602 3968 690 4034 unde
705 3971 804 4034 etiam
814 3970 968 4058 pacificae
992 3981 1024 4034 et
1043 3971 1186 4035 acclesia-

143 4199 257 4269 unns.
275 4199 472 4256 eatam.
490 4216 515 4268 p.
534 4199 572 4254 Π.
590 4199 661 4256 Dias.
681 4201 724 4254 so.

142 4283 163 4350 ⁸)
182 4281 318 4351 Origenes
335 4281 393 4337 sire
411 4279 538 4347 antiquit.
561 4285 611 4334 etc.
630 4287 650 4334 t.
669 4280 691 4334 1.
710 4297 735 4348 p.
753 4281 813 4334 105.

129 4389 259 4442 lma.
275 4391 449 4434 Dtmmtlossa.
