2876 4814
271 471 324 526 276
708 469 749 523 De
766 465 792 522 S.
811 466 951 536 Quane.

272 615 453 700 intepritate
477 612 767 676 adminisbationis
785 615 852 700 ejus
875 611 1097 674 consummatio
1120 633 1238 696 quoque
1260 612 1389 674 nemea

272 711 468 798 processerit.
515 710 554 773 ln
581 731 640 796 quo
663 709 750 772 uobis
776 730 893 792 quoque
916 706 1091 792 plurimum
1121 707 1274 793 protutor,
1309 709 1391 794 prad

273 813 341 898 ejus
363 807 542 870 memoriam
575 817 639 870 tam
671 805 784 870 celebri
814 815 844 868 ct
874 803 996 868 iliusbi
1025 805 1198 868 testimonio
1217 827 1389 890 prosequu-

274 906 362 984 mini,
386 915 420 967 ut
436 927 499 989 per
520 926 574 968 uos
597 906 800 970 innotesceret
814 901 914 978 nobis,
938 901 1021 986 prod
1044 912 1075 964 et
1095 901 1181 966 uobis
1204 914 1285 966 esset
1308 905 1390 966 circu

275 1001 455 1087 Praepositi
485 1001 663 1064 memoriam
694 1000 873 1087 plor-ionem,
915 1010 945 1062 et
976 998 1068 1062 nobis
1098 1021 1214 1086 worse
1237 1000 1324 1082 fidei
1356 1025 1390 1062 ac

274 1099 400 1162 ciream
417 1097 585 1184 praeberet
618 1095 801 1183 exemplum.
849 1095 914 1160 Sed
933 1096 1004 1180 jam
1032 1117 1071 1160 eo
1095 1117 1154 1160 nos
1176 1117 1287 1160 rerum
1312 1095 1389 1159 ordo

275 1194 425 1276 adduxit,
450 1204 486 1258 ut
508 1197 694 1259 accuratius
717 1193 758 1258 de
781 1192 814 1258 S.
840 1191 1007 1278 Cypriane
1030 1213 1176 1276 agemus.

804 1408 864 1472 11.

385 1531 423 1595 S·
447 1530 678 1611 oppetant
703 1535 834 1611 pasta
851 1532 1114 1609 praeclara
1140 1534 1282 1608 atoue

729 1653 960 1718 doctrina.

368 1776 419 1840 18.
443 1773 604 1838 Thascius
616 1771 779 1838 Caecilius
792 1770 971 1860 Qpprianus
986 1783 1082 1838 natus
1097 1783 1147 1838 est
1162 1794 1278 1838 versus
1293 1776 1388 1840 fiucur

154 1877 222 1908 ⁰¹¹⁸·
279 1873 400 1938 saeculi
425 1870 561 1936 secundi
592 1868 644 1934 vel
674 1872 769 1934 tertio
793 1871 943 1951 ineunt03
979 1892 1064 1956 quae
1088 1891 1165 1934 vero
1189 1871 1329 1936 Africae
1352 1875 1389 1934 ci-

279 1973 364 2036 vitas
396 1970 426 2032 ei
459 1967 559 2030 suerit
591 1966 668 2032 urbs
701 1965 828 2049 natalis,
862 1968 1000 2052 cujusve
1038 1968 1237 2032 conditionis
1269 1971 1389 2033 fuerint

278 2068 349 2153 ejus
382 2074 544 2150 parentes,
583 2085 625 2128 ex
672 2064 874 2129 eruditorum
917 2068 1078 2130 sententia
1121 2067 1289 2130 incertum
1335 2078 1388 2130 est.

279 2165 399 2246 Magno
436 2171 606 2247 praestans
642 2163 785 2246 iugenio,
823 2171 996 2248 postquam
1033 2161 1114 2226 illud
1151 2161 1339 2228 litterarum
1361 2176 1388 2226 ct

280 2259 504 2346 philosophiae
537 2258 720 2344 disciplinis
753 2258 958 2340 excoluisset,
991 2261 1070 2322 satis
1102 2258 1160 2323 diu
1193 2257 1387 2324 rhetoricam

280 2357 411 2444 publice
435 2355 567 2420 edocuit
591 2357 625 2420 in
648 2357 756 2440 patris
779 2357 901 2420 eximia
931 2377 1007 2419 cum
1029 2355 1138 2420 laude.
1184 2355 1224 2420 Iu
1248 2357 1387 2421 tenebris

280 2452 482 2518 idololatriae
515 2473 549 2516 se
575 2452 721 2538 jacuisse
745 2461 777 2516 et
808 2453 963 2516 vitiorum
986 2450 1158 2537 gentilium
1189 2452 1264 2518 labe
1289 2477 1326 2518 se
1348 2456 1387 2516 iu·

280 2553 452 2639 quinatum
476 2569 616 2635 quoque,
646 2548 768 2614 fatetur
790 2549 979 2635 eloquenter
1001 2551 1036 2612 iu
1060 2549 1194 2635 epistola
1218 2549 1262 2614 ud
1286 2551 1388 2614 Dona

281 2662 353 2714 tum.
384 2685 419 2694 „.
444 2647 519 2734 Epo,
534 2647 652 2732 inquit,
668 2670 735 2710 curn
748 2647 783 2710 iu
800 2645 934 2710 tenebris
950 2649 1028 2710 etin
1041 2657 1128 2712 nocte
1143 2652 1388 2737 coeanjaceren,

280 2769 403 2830 ‹nemqm
426 2747 461 2810 in
484 2744 553 2808 salo
569 2745 727 2834 jactantis
747 2743 866 2808 suendi
882 2743 1085 2808 nutabundus
1107 2767 1145 2808 ac
1167 2744 1284 2810 dubius
1307 2745 1388 2808 ccai-
1428 2755 1429 2788 ¹

280 2845 341 2928 piis
364 2841 580 2906 obemuntibus
594 2841 791 2927 fluctuarem,
814 2843 898 2906 vitae
927 2863 1012 2904 meae
1035 2843 1166 2918 macine,
1189 2842 1337 2906 cantatis
1359 2864 1389 2902 cc

280 2940 358 3004 lucis
382 2939 514 3016 alienus,
539 2936 669 3023 difficile
687 2961 822 3024 prorsus
841 2961 877 3002 ac
900 2937 1012 3002 durum
1028 2960 1093 3023 pro
1115 2937 1184 3002 illis
1208 2949 1281 3002 mm
1306 2939 1388 3001 mori·

281 3037 336 3100 bus
359 3036 524 3122 opinabar,
547 3035 631 3119 quod
649 3037 683 3098 in
701 3034 833 3100 salutm
851 3035 927 3098 mibi
949 3035 1059 3098 diuina
1081 3033 1282 3121 indulqentio
1300 3033 1388 3120 palli·

281 3133 415 3214 cebatur,
440 3144 474 3195 ut
497 3133 566 3217 quis
587 3133 713 3196 renasci
735 3131 835 3195 denuo
849 3141 967 3217 posset,
992 3142 1083 3216 uque
1106 3133 1142 3194 in
1163 3153 1278 3194 nouam
1300 3133 1388 3195 vitan

282 3231 407 3294 linceo
431 3252 531 3314 oquae
554 3225 708 3292 salutaris
731 3229 891 3292 animatus
913 3228 996 3314 quod
1013 3230 1108 3313 prius
1123 3227 1238 3313 ficerat
1262 3249 1388 3313 aporu-

283 3339 338 3404 ret,
362 3338 391 3392 et
414 3328 555 3412 corporis
586 3323 658 3388 licet
689 3335 832 3388 maneme
864 3346 1017 3410 compope,
1049 3325 1201 3388 bonunem
1230 3325 1337 3388 animo
1359 3345 1388 3384 uc
1427 3327 1428 3356 l

282 3433 380 3486 mente
414 3434 555 3488 mutaret.
582 3471 588 3484 .
615 3471 621 3485 .
648 3471 655 3485 .
685 3421 725 3486 Ut
756 3423 824 3506 ipse
855 3445 948 3506 qnam
974 3419 1128 3507 plurimis
1160 3423 1245 3484 uitae
1276 3419 1389 3507 prioris

283 3518 440 3582 erroribus
463 3519 636 3604 implicitus
661 3517 797 3596 tenebar,
827 3517 938 3604 quibus
968 3519 1043 3582 euni
1064 3541 1111 3581 me
1129 3539 1223 3603 posse
1247 3541 1314 3582 nors
1336 3539 1387 3580 crc-

283 3615 394 3696 derem,
419 3617 464 3679 sic
486 3617 574 3680 uitiis
604 3613 845 3679 adhaerentibus
872 3614 1086 3678 obsecundans
1118 3637 1213 3692 eram,
1238 3626 1269 3679 et
1292 3615 1387 3699 despe-

282 3714 406 3776 ratione
428 3711 590 3776 meliorum
612 3712 706 3776 molis
728 3713 805 3775 meis
827 3711 924 3774 veluti
938 3716 1011 3802 jam
1028 3712 1174 3797 propriis
1196 3721 1227 3774 ct
1249 3733 1387 3775 aarum·

285 3809 325 3874 lie
355 3808 535 3894 offavebam.
582 3807 752 3873 Describit
784 3807 862 3872 dein
883 3809 1010 3892 gratiae
1039 3809 1073 3872 iu
1097 3808 1262 3894 baptismo
1288 3827 1386 3893 opera·
1426 3817 1427 3896 ξ

283 3907 406 3970 tionem
436 3906 523 3970 notis
556 3903 620 3970 illis
651 3915 683 3968 et
712 3903 941 3990 pulcherrimis
971 3904 1098 3969 verbis:
1145 3903 1209 3970 see
1226 3915 1387 3990 postquam
1426 3907 1427 3910 ’

285 4003 387 4066 rendae
409 4001 558 4089 genitalis
591 4001 715 4066 ancilia
748 4003 919 4088 amnionis
951 4025 1020 4064 aeus
1014 3999 1114 4064 labe
1137 4001 1302 4065 detersa
1288 4025 1321 4065 sn
1344 4021 1386 4062 es·

278 4101 405 4184 pionem
428 4110 541 4184 pectus
572 4121 713 4164 serensun
736 4122 772 4162 ac
789 4121 907 4184 pcnurn
935 4098 1069 4184 desuper
1091 4119 1124 4160 se
1147 4095 1251 4162 bunun
1276 4095 1385 4184 effudit,

279 4207 447 4282 postquam
470 4195 598 4260 coelitus
621 4195 738 4282 spiritu
759 4195 902 4260 bansta
887 4219 923 4260 sn
937 4217 1050 4260 novum
1071 4217 1119 4258 ms
1141 4193 1296 4260 bominem
1316 4191 1385 4260 uoti·
