2924 4818
81 631 180 672 (suarm.
197 632 222 671 da

101 693 208 735 ructata

244 459 294 512 136
473 457 514 512 De
531 457 607 511 Rom
627 458 706 512 Pont
724 457 824 512 mesti
843 456 921 524 primi
941 463 970 510 ct
987 456 1104 510 mundi.

329 603 384 666 37.
408 601 461 666 Ex
485 601 622 687 epistola
645 602 679 667 S.
703 601 832 666 Irenaei
856 601 899 665 ad
914 601 1083 666 Victorem
1097 600 1191 666 Pont.
1217 599 1259 664 de
1284 623 1361 666 con-

241 699 402 761 troversia
431 697 619 762 celebrandi
655 699 835 778 Pascbatis,
867 719 952 783 quae
982 699 1071 784 apud
1095 698 1279 764 Eusebium
1304 699 1361 763 ba-

242 795 338 859 betur
355 795 412 884 (H.
430 795 469 860 E.
485 793 526 862 V.
542 797 609 880 24),
625 799 854 881 comperimus,
874 797 946 880 jam
969 807 1116 881 tempere
1139 795 1224 860 Sixti
1249 809 1362 860 mons

241 893 400 979 quosdam
431 895 466 956 in
496 893 646 956 Ecclesia
673 905 760 957 ortos
789 915 860 956 esse
890 894 931 956 ob
964 893 1183 956 differentiam
1216 895 1252 957 in
1277 894 1361 958 cele-

240 989 367 1054 brando
395 989 566 1054 Paschate.
613 990 737 1055 Scribit
759 991 915 1054 videlicet
936 991 1102 1059 Irenaeus.
1133 1013 1194 1054 nec
1224 993 1360 1057 Sixtum

240 1110 302 1154 nec
345 1089 581 1174 subsequentes
618 1088 796 1152 Pontifices
841 1087 1085 1152 observantiam
1125 1091 1360 1174 episcoporum

240 1187 341 1252 Asiae
364 1197 492 1250 secutos
515 1207 595 1264 esse,
619 1195 718 1270 atque
748 1188 849 1250 etiam
873 1185 1027 1250 fidelibus
1049 1186 1206 1250 Romanis
1230 1188 1266 1252 id
1292 1211 1359 1252 non

240 1285 436 1371 permisisse.
483 1283 639 1346 Attamen
663 1286 750 1368 ipsos
783 1287 1048 1348 communionem
1072 1307 1148 1348 cum
1177 1285 1242 1349 illis
1275 1291 1360 1371 epis-

240 1385 332 1468 copis
355 1382 445 1447 haud
468 1382 692 1464 interrupisse,
708 1382 774 1444 imo
790 1383 889 1446 etiarn
915 1383 1031 1446 iisdem
1057 1385 1089 1446 in
1114 1385 1244 1466 siguum
1271 1405 1360 1448 com-

240 1483 407 1545 munionis
421 1477 666 1542 Eucharistiam
691 1481 920 1544 uansmisisse.
930 1479 953 1566 ¹)
977 1473 1116 1544 Deiota
1130 1484 1358 1546 controversia

238 1580 377 1644 inferius
405 1597 557 1660 agemus,
582 1575 645 1640 boe
676 1576 748 1640 loce
772 1587 882 1640 tamen
915 1579 1090 1642 observare
1123 1581 1281 1642 convenit
1312 1581 1358 1649 id.

238 1678 328 1763 quod
351 1677 392 1741 de
414 1676 607 1738 transmissa
622 1675 833 1739 Eucharistia
858 1677 949 1742 dicit.
974 1677 1047 1740 Hoc
1071 1676 1226 1741 videlicet
1250 1689 1358 1741 osten-

239 1776 296 1856 dit,
319 1775 600 1839 transmissionem
623 1772 854 1837 Eucharistiae
880 1798 940 1859 per
963 1775 1180 1838 excellentiam
1204 1775 1356 1840 habitum

236 1873 337 1936 fuisse
360 1883 398 1935 ut
420 1873 551 1954 signum
576 1873 666 1955 pacis
689 1881 722 1934 et
745 1875 997 1937 communionis.
1045 1871 1219 1956 Colligitur
1240 1885 1369 1941 autem.

237 1991 279 2033 ex
306 1969 358 2034 bis
385 1970 512 2032 Irenaei
542 1969 653 2031 verbis
683 1979 840 2053 tanquam
874 1973 1056 2034 necessario
1088 1971 1357 2057 supponendum,

232 2068 304 2151 jam
327 2068 573 2152 antiquissimos
588 2065 753 2130 Romanos
767 2067 944 2132 Pontifices
968 2070 1228 2132 communicasse
1252 2072 1356 2134 etiam

238 2185 312 2228 curu
352 2165 515 2250 episcopis
558 2165 731 2247 regionum
764 2175 962 2229 remotarum
1003 2167 1046 2230 ad
1078 2168 1355 2244 conservandam,

237 2262 432 2325 firmandam
465 2273 497 2324 et
529 2262 713 2325 testandam
737 2265 896 2327 unitatem
930 2261 1185 2328 ecclesiasticam
1219 2287 1279 2350 per
1303 2266 1355 2330 lit-

236 2369 321 2422 toros
338 2359 433 2444 pacis
456 2369 486 2422 st
508 2362 740 2438 commeationis,
772 2363 817 2423 ita
847 2361 981 2446 quidem
1006 2375 1042 2425 ut
1065 2361 1122 2438 illi,
1147 2363 1270 2449 quibus
1293 2365 1356 2430 Ro-

236 2457 325 2520 mani
358 2456 535 2520 Pontifices
568 2455 649 2520 tales
676 2457 801 2522 litteras
834 2459 1040 2540 recusabant,
1055 2450 1060 2463 “
1074 2473 1168 2524 extra
1207 2483 1355 2528 commu-

235 2557 367 2618 nionem
391 2553 561 2617 Ecclesiae
584 2577 654 2618 esse
678 2567 898 2620 censerentur.
951 2557 1012 2620 His
1035 2579 1165 2644 quoque
1188 2559 1355 2625 illustran-

234 2663 288 2716 tur
311 2675 359 2730 ea,
384 2675 468 2737 quae
493 2653 670 2715 citavimus
700 2673 741 2716 ex
763 2653 848 2717 libro
872 2655 1057 2718 Pontifirali
1089 2658 1198 2741 quoad
1228 2661 1354 2742 episco-

233 2773 292 2836 pos
316 2759 450 2814 vocatos
473 2750 515 2812 ad
549 2750 668 2814 Sedem
694 2751 926 2835 Apostolioam,
951 2755 1005 2837 qui
1037 2753 1210 2818 redeuntes
1234 2755 1355 2821 litteris

226 2848 380 2934 formatis
402 2869 437 2910 se
462 2850 591 2910 munire
616 2848 790 2912 debebant.
838 2849 1002 2914 Videntur
1030 2851 1111 2914 haec
1135 2853 1353 2938 intelligenda

234 2969 304 3012 esse
337 2945 377 3010 de
401 2946 564 3030 episcopis
587 2945 705 3010 ltaliae
728 2945 867 3032 aliisque
891 2947 1049 3032 peculiari
1075 2949 1172 3016 ruodo
1194 2951 1272 3014 Sedi
1289 2951 1352 3016 Ro·
1460 2947 1461 3014 ξ

234 3065 350 3109 manae
369 3043 531 3124 obnoxiis,
550 3044 698 3129 nihilque
713 3053 770 3126 est,
796 3067 855 3107 cur
869 3065 1071 3127 censeamus,
1096 3045 1183 3110 hanc
1198 3051 1351 3114 notitiam

233 3163 318 3230 quae
338 3143 370 3204 in
387 3139 543 3220 Catalogo
557 3141 723 3205 Feliciano
749 3144 944 3222 continetur,
970 3167 989 3206 a
1013 3165 1091 3208 vero
1108 3145 1250 3208 alienam
1266 3167 1351 3212 esse.

232 3239 369 3303 Talibus
398 3239 498 3320 igitur
526 3240 688 3324 episcopis
721 3239 848 3302 litterae
880 3243 973 3324 pacis
997 3252 1029 3304 et
1052 3245 1352 3309 commendationis

196 3353 201 3358 ·
231 3336 457 3414 tradebantur,
483 3337 614 3420 quando
639 3337 681 3400 ad
706 3359 782 3400 suas
806 3338 998 3404 remeabant
1022 3341 1138 3410 Sedes,
1164 3351 1199 3406 ut
1222 3353 1350 3406 consta-

230 3445 282 3498 ret
312 3455 367 3496 eos
401 3453 475 3494 eum
500 3433 585 3496 Sede
610 3433 800 3516 Apostolica
833 3437 863 3500 iu
891 3441 1121 3503 commuuione
1145 3461 1224 3502 esse.
1274 3441 1349 3504 For-

308 3591 327 3657 ¹)
349 3589 416 3656 „Sed
434 3597 463 3642 et
481 3589 632 3658 presbyteri
651 3592 699 3656 illi,
719 3594 849 3658 quiante
869 3595 987 3648 Soterem
1008 3597 1144 3652 eclesiam
1164 3599 1206 3650 cui
1226 3605 1257 3652 tu
1277 3617 1349 3654 nuuc

231 3685 325 3738 praees
345 3669 547 3736 gubernarunt,
574 3671 716 3726 Anicetum
743 3673 802 3726 dico
823 3681 849 3726 et
870 3673 948 3727 Pium
972 3683 999 3726 et
1020 3675 1158 3746 Hyginum
1178 3693 1237 3732 cum
1257 3679 1349 3734 Teles-

231 3749 312 3816 pboro
332 3757 360 3802 et
379 3747 467 3812 Sixto,
492 3765 577 3815 neque
601 3751 651 3818 ipsi
680 3767 798 3818 unquam
827 3755 1013 3818 observarunt,
1039 3771 1124 3822 neque
1153 3755 1194 3810 his
1222 3758 1269 3824 qui
1288 3775 1347 3814 cum

230 3828 385 3896 ipsisemnt
405 3839 435 3882 ut
455 3829 480 3882 id
500 3831 675 3884 observarent
688 3834 876 3898 permiserunt.
907 3835 961 3902 Ipsi
982 3843 1072 3888 mmor
1091 3851 1150 3889 cnm
1169 3835 1218 3890 hoc
1237 3839 1349 3893 minime

230 3909 410 3972 observarent,
439 3925 530 3977 paoem
559 3911 733 3965 nihilominus
759 3913 882 3968 colebant
901 3930 960 3968 curn
979 3915 1022 3976 iis,
1041 3915 1087 3981 oui
1107 3915 1142 3970 ad
1158 3931 1188 3970 ae
1206 3917 1347 3974 venisseut

230 4003 263 4040 ex
283 3987 409 4052 ecclesiis,
430 3988 457 4044 in
478 3989 573 4054 quibus
598 3989 625 4044 id
654 3993 873 4046 observabatur.
895 4034 900 4046 .
921 4033 926 4046 .
947 3995 1000 4047 Nec
1019 3994 1206 4062 ulliusquam
1224 3999 1258 4050 ob
1277 3999 1348 4066 eius·

230 4065 300 4119 modi
319 4069 539 4122 consuetudinem
559 4071 652 4138 rejecti
672 4081 744 4127 sunt.
782 4074 883 4126 Verum
897 4073 936 4126 illi
959 4073 1008 4140 ipsi
1029 4075 1074 4140 crui
1095 4082 1124 4128 te
1142 4089 1347 4142 praecesserunt

230 4145 394 4212 Presbyteri,
415 4147 537 4214 utramvis
557 4147 584 4202 id
603 4149 712 4204 minime
731 4149 913 4216 observarent,
933 4153 1104 4208 ecclesiarum
1112 4155 1282 4224 Presbyteria
1300 4159 1345 4224 qui

230 4223 256 4278 id
275 4223 455 4280 observabant
473 4229 673 4284 Eucharistianr
691 4231 925 4286 transmiserunt.“
