2900 4800
467 463 561 518 Status
579 463 706 518 wolesiae
723 463 870 520 edentulis.
1177 463 1228 517 391

111 606 244 690 tychius
268 605 322 671 die
345 605 506 692 6Aprilis
529 627 559 671 a.
581 607 658 687 582,
675 617 775 693 etque
798 631 818 671 a
839 606 977 672 Graecis
1000 608 1123 691 pariter
1145 608 1231 670 inter

111 707 251 770 Sanctus
273 704 401 770 colitur.
439 741 484 752 -
521 705 655 769 Justino
688 705 729 786 H,
764 708 822 791 qui
854 725 942 769 anno
964 705 1031 769 578
1054 704 1231 769 defunctus

14 825 18 891 ξ
110 813 169 885 est,
195 803 353 868 successit
380 803 534 882 Tiberius,
559 803 616 889 qui
636 823 696 887 per
711 802 825 867 decem
849 823 953 868 annos
977 803 1076 888 digne
1100 825 1139 866 ac
1162 801 1231 866 feli·

111 903 194 966 citer
225 903 387 985 regnavit,
422 910 454 964 et
484 923 514 965 a.
546 901 612 966 582
645 921 867 965 successorem
898 900 1015 964 habuit
1044 901 1233 964 Mauritium

113 999 348 1084 imperatorem
371 1001 474 1063 variis
503 998 683 1062 virtutibus
716 999 889 1084 insignem,
922 1000 1074 1084 quamvis
1097 997 1230 1062 'liberio

111 1098 201 1161 hand
227 1099 262 1161 in
285 1097 440 1162 omnibus
463 1117 586 1182 parem.

204 1198 255 1260 11.
279 1195 319 1258 In
350 1195 508 1279 Eutycbii
541 1215 761 1272 successorem
793 1202 868 1280 post
891 1215 949 1256 sex
981 1193 1052 1258 dies
1076 1195 1232 1258 suffectus
1244 1212 1336 1254 amm
1348 1211 1389 1254 ua

109 1303 159 1357 est
182 1292 372 1379 patriarcha
395 1293 540 1357 Joouues
555 1293 721 1357 Nestcuteu
745 1293 950 1377 cognomine,
974 1293 1062 1378 quod
1087 1315 1129 1356 ex
1147 1293 1231 1378 jeju·
1257 1275 1386 1385 5⁸3¹&

109 1393 165 1455 nio
203 1392 277 1478 ejus
312 1411 426 1456 severo
460 1413 536 1454 cum
570 1391 753 1454 sanctitatis
787 1391 877 1455 fama
910 1392 1120 1475 acquisierat.
1167 1391 1233 1457 Sed

108 1492 350 1574 temperantiae
374 1491 445 1574 ejus
468 1511 508 1552 ac
523 1489 769 1552 mortificationi
785 1487 875 1552 haud
893 1489 1011 1574 juncta
1034 1497 1104 1554 erat
1127 1511 1233 1575 acqua

109 1587 294 1670 humilitas,
319 1597 352 1652 et
384 1587 463 1651 dum
501 1596 586 1650 esset
617 1596 814 1650 extenuatus
846 1607 996 1672 corpore,
1022 1588 1138 1672 spiritu
1163 1599 1233 1652 erat

109 1685 258 1750 inflatus.
305 1686 483 1770 Arroganti
515 1685 672 1749 videlicet
701 1687 850 1748 vanitate
882 1705 1003 1748 nomen
1026 1686 1232 1749 Petriarohae

108 1787 301 1849 oecumenici
323 1784 386 1848 sibi
410 1783 608 1848 vindicavit.
632 1783 685 1847 Dc
708 1784 779 1868 ipso
804 1782 1024 1846 itaBaronius
1047 1783 1089 1846 ad
1113 1807 1143 1848 a.
1166 1785 1232 1848 586

108 1907 167 1948 nn.
193 1884 225 1947 8.
241 1885 280 1946 9:
308 1881 393 1966 ,Ubi
411 1892 523 1946 sancto
541 1883 612 1945 viro
629 1879 823 1968 (Eutychio)
846 1889 1010 1965 postrema
1034 1880 1133 1965 digne
1157 1891 1233 1946 sunt

107 1980 288 2066 persoluta,
321 1989 432 2043 actum
471 1979 512 2044 de
542 1981 739 2043 successoris
773 1979 947 2058 electione,
977 1989 1009 2042 et
1032 1981 1110 2065 quia
1133 1979 1232 2044 talem

108 2079 302 2164 requirebat
325 2078 591 2163 religiosissimus
613 2077 811 2162 Imperator,
845 2077 901 2162 qui
925 2085 1070 2140 caeteros
1093 2077 1232 2141 antecel-

108 2178 193 2242 leret
228 2179 418 2257 sanctitate,
451 2177 598 2241 Juannes
631 2175 767 2260 quidam
802 2174 993 2257 monachus,
1026 2175 1082 2260 qui
1117 2195 1232 2258 cogno-

109 2285 225 2339 mento
260 2273 437 2359 Jejuuator
469 2283 517 2337 est
551 2273 748 2358 appellatus,
784 2272 917 2358 reliquis
950 2274 1142 2358 praefertur,
1177 2277 1231 2338 cui

107 2389 224 2437 tamen
249 2393 438 2457 praecessor
449 2371 636 2455 Eutychius
660 2369 771 2434 adbuc
789 2372 907 2434 vivens
930 2370 1020 2435 haud
1045 2371 1150 2435 voluit
1172 2395 1231 2436 suo

108 2471 219 2555 elogio
245 2471 428 2554 suffragari,
452 2479 565 2554 utpote
589 2471 645 2554 qui
670 2468 753 2532 nihil
777 2467 855 2532 boni
878 2468 1089 2554 praeviderat
1113 2469 1154 2532 de
1177 2470 1232 2533 ho·

110 2572 220 2649 mine,
255 2569 311 2654 qui
335 2591 377 2631 ex
405 2569 480 2654 jugi
503 2567 657 2631 omnibus
686 2575 762 2635 noto
787 2567 916 2653 jejunio
939 2567 1133 2652 popularem
1157 2590 1231 2652 cap·

108 2679 345 2748 tensaurum,
380 2666 494 2729 eadem
529 2665 662 2728 inflatus
694 2665 915 2728 intumuisset.
961 2665 1012 2728 Ne
1039 2687 1117 2728 vero
1150 2666 1230 2751 quid

109 2766 228 2830 deesse
260 2773 370 2849 posset
399 2762 442 2827 ad
474 2763 653 2848 perfectam
688 2761 778 2826 illam
809 2783 908 2846 quam
932 2761 1036 2826 oculis
1060 2762 1231 2827 hominum

80 2851 310 2928 ¹'intuendam
334 2871 531 2946 exposuerat
554 2862 772 2942 sanctitatem,
789 2859 870 2924 illud
895 2862 956 2923 iste
979 2861 1109 2924 addidit
1133 2862 1231 2926 corol-

108 2962 244 3041 larium,
269 2969 305 3022 ut
327 2960 441 3043 fugam
456 2960 600 3043 arripere
614 2967 768 3037 tentaret,
785 2979 826 3022 ne
846 2957 1021 3042 eligeretur
1043 2959 1231 3044 episcopus,

110 3059 169 3123 sed
196 3056 380 3120 secundum
404 3056 591 3120 bucolicum
616 3056 716 3120 illud:
747 3058 791 3120 Et
804 3057 896 3142 saepit
928 3055 971 3120 ed
994 3057 1123 3136 aulicae,
1148 3067 1178 3120 et
1200 3081 1232 3121 ae

110 3159 202 3243 cupit
236 3166 309 3219 cate
338 3155 450 3232 uideri,
485 3157 531 3218 ita
554 3155 667 3238 fugere
700 3154 806 3218 videri
831 3153 945 3235 voluit,
982 3163 1018 3216 ut
1039 3177 1082 3217 ne
1105 3155 1234 3240 fugeret

111 3255 319 3320 detineretur
341 3277 361 3316 a
385 3254 461 3318 suis.
510 3253 608 3332 Quali
632 3273 776 3336 namque
800 3262 885 3316 essct
907 3260 986 3314 tuno
1009 3255 1131 3334 animo,
1156 3273 1234 3318 mox

111 3356 187 3440 ipsa
211 3351 361 3416 sublimis
392 3351 536 3436 dignitas
569 3349 761 3415 declaravit.
810 3349 855 3414 Ut
886 3351 974 3412 enim
1005 3353 1038 3414 in
1063 3351 1234 3414 altioribus

110 3439 284 3516 montibus
307 3457 364 3512 aar
386 3450 556 3534 purgatior
579 3448 731 3532 detegere
764 3458 796 3510 et
819 3448 905 3511 foras
938 3450 1067 3512 mittere
1090 3471 1108 3512 e
1131 3451 1234 3514 visce-

110 3549 208 3614 ribus
220 3546 448 3612 soletlatentcs
458 3547 599 3628 morbos,
613 3545 816 3631 reddereque
832 3547 958 3610 cunctis
968 3548 1172 3632 perspicuos,
1188 3551 1234 3609 ita

110 3649 265 3712 eminens
289 3644 411 3726 honor,
436 3645 538 3708 altum
573 3643 757 3728 fastigium,
783 3643 932 3707 sublimis
956 3644 1122 3725 cathedra,
1148 3643 1235 3708 celsa

5 3765 6 3770 ¹
111 3753 269 3830 potestas,
293 3765 372 3807 mox
394 3743 562 3828 patefacit,
586 3763 671 3827 quae
695 3744 730 3805 in
754 3741 896 3806 hominis
919 3741 1143 3826 penetralibus
1167 3761 1234 3804 cor-

112 3843 166 3907 dis
189 3840 270 3905 latet
302 3838 486 3928 hypocrisis
519 3851 551 3904 et
583 3841 766 3904 occultatur
788 3840 935 3903 ambitio.
966 3877 1010 3886 -
1042 3839 1176 3902 Accidit
1199 3839 1234 3902 id

111 3941 262 4026 profecto
286 3941 321 4003 iu
342 3939 486 4022 Joanne,
511 3939 568 4024 qui
592 3937 649 4002 ubi
675 3937 797 4001 electus
821 3947 869 4000 est
893 3949 925 4002 et
947 3937 1117 4000 ordinatus
1133 3935 1234 4000 OPta-

112 4061 179 4104 nus
195 4037 360 4120 Antiates,
381 4059 458 4102 mox
475 4045 622 4102 sanctam
643 4058 742 4122 quam
759 4037 792 4100 in
809 4034 961 4099 Ecclesia
975 4035 1104 4098 invenit
1117 4056 1233 4119 pacem

112 4147 163 4200 tot
185 4135 355 4201 laboribus
376 4146 506 4222 partam
521 4135 659 4218 fugavit.
697 4135 831 4198 Etenim
846 4145 955 4198 mente
979 4132 1112 4196 sublimi
1137 4131 1236 4196 elato-

111 4256 179 4320 que
203 4233 300 4298 corde
325 4233 450 4298 homini
484 4231 652 4319 praedicto
677 4234 749 4296 visa
785 4242 834 4296 est
857 4231 990 4296 humilis
1014 4239 1106 4294 tanta
1130 4231 1235 4314 digni·
