2806 4848
235 365 269 416 88
423 363 463 416 De
476 362 620 417 Ananismi
633 363 809 418 decrementis
822 362 898 416 aede
910 363 989 416 Oonc
1004 361 1121 416 CPtano.
1135 361 1157 418 1.

235 504 381 592 in‘quod
405 505 644 592 deposceretur,
674 507 830 592 profiteri,
864 527 898 570 se
928 505 971 571 ab
995 505 1130 570 Arianis
1152 513 1320 591 conceptam

235 605 335 670 fidem
358 627 424 669 non
448 607 687 690 recepturum.“

105 718 115 745 f
137 717 209 746 ”mm
323 703 353 768 8.
380 703 450 786 „lta
474 703 507 768 in
531 703 593 766 hoc
617 705 794 767 certamine
810 701 935 788 aliquot
950 703 1022 767 dies
1035 703 1141 784 tracti,
1157 700 1321 786 ubiparum

114 779 149 807 mu
165 779 194 808 οι
235 801 277 865 ad
301 821 416 886 paoem
439 799 664 886 proficiebant,
689 799 847 885 paulatim
870 809 903 863 et
929 801 1001 885 ipse
1024 799 1201 881 infractior,
1222 797 1260 861 ad
1280 819 1322 860 er·

234 910 374 964 tremum
407 900 573 984 proposita
606 897 793 962 conditione
826 898 1000 962 evincitur.
1045 897 1195 983 Namque
1221 895 1322 959 Valens

235 1009 267 1060 et
282 997 438 1062 Ursacius
460 997 672 1076 affirmantes,
697 1005 902 1080 praesentem
917 995 1018 1060 fidem
1042 993 1203 1060 catholica
1217 995 1321 1058 ratium

235 1103 442 1179 conceptam,
476 1095 517 1160 ab
552 1092 764 1158 orientalibus
787 1093 988 1178 Imperatore
1010 1102 1143 1156 auctore
1172 1091 1319 1177 prolatam.

235 1214 311 1256 cum
334 1191 463 1276 piaculo
494 1192 672 1276 repudiari,
706 1201 743 1254 ut
774 1191 848 1277 quir
881 1191 1120 1256 discordiarum
1151 1191 1225 1256 finis
1249 1189 1323 1254 foret

235 1292 262 1354 si
286 1311 370 1375 quae
394 1289 606 1354 orientalibus
630 1289 816 1374 placuisset,
849 1287 1110 1354 occidentalibus
1133 1287 1324 1375 displiceret?

235 1388 402 1452 Postremo
426 1389 452 1450 si
476 1387 556 1473 quid
580 1389 688 1452 minua
712 1387 808 1472 plene
831 1389 995 1471 praesenti
1018 1387 1084 1452 fide
1108 1386 1231 1450 editum
1253 1382 1326 1446 vide-

235 1494 332 1566 retur,
364 1487 425 1569 ipsi
458 1485 619 1550 adderent
650 1507 735 1570 quae
767 1484 920 1550 addenda
950 1494 1113 1570 putarent,
1142 1483 1328 1570 praebituros

236 1605 270 1648 sc
293 1585 328 1647 in
350 1583 402 1648 his
426 1605 510 1669 quae
534 1593 641 1647 essent
664 1583 794 1668 adjecta
816 1605 1021 1648 consensum.
1047 1581 1250 1648 favorabilis
1268 1601 1328 1667 pro·

236 1681 333 1744 fessio
358 1682 470 1765 pronis
494 1683 642 1745 omnium
666 1682 786 1746 animis
803 1689 957 1766 excepta3
982 1703 1044 1746 neo
1066 1679 1153 1746 ultra
1175 1681 1271 1744 nostri
1291 1701 1328 1742 re·

236 1799 384 1864 pugnare
415 1781 497 1860 ausi,
524 1779 596 1865 jam
628 1800 760 1865 quoquo
792 1777 888 1843 modo
920 1779 1020 1844 finem
1048 1778 1147 1844 rebus
1179 1779 1330 1864 imponere

237 1877 416 1962 cupientes.
462 1877 550 1942 Dein
574 1887 752 1962 conceptae
775 1900 795 1940 a
814 1877 981 1961 Foegadio
1005 1888 1038 1941 et
1059 1877 1252 1944 Servatione
1271 1895 1329 1958 pro·

236 1976 393 2040 sessiones
416 1973 469 2038 edi
494 1995 646 2059 coepere3
671 1977 705 2039 in
725 1981 819 2061 queis
840 1977 984 2060 primurn
999 1975 1099 2040 Arius
1121 1983 1252 2060 totaque
1272 1973 1331 2055 ejus

237 2072 375 2159 perfidia
399 2071 582 2155 damnatur,
607 2083 772 2138 caeterum
803 2095 870 2137 non
899 2074 999 2137 etiam
1022 2073 1112 2136 Patri
1135 2069 1286 2158 aequalis,
1306 2081 1331 2132 et

237 2173 307 2236 sine
331 2171 435 2250 initio,
459 2171 530 2234 sine
551 2179 697 2256 tempore
720 2171 785 2235 Dei
809 2170 896 2234 filius
917 2172 1159 2256 pronuntiatur.
1182 2170 1265 2234 Tum
1281 2168 1331 2230 Va-

236 2269 306 2333 lens
329 2261 487 2353 tanquam
510 2277 636 2333 nostros
651 2268 814 2354 adjuvans
837 2268 980 2355 subjecit
991 2269 1199 2346 sententiam,
1223 2268 1273 2331 cni
1295 2268 1331 2328 in·

236 2375 306 2431 crat
328 2365 475 2430 occultus
499 2365 602 2450 dolus,
636 2366 759 2430 Filium
783 2367 848 2430 Dei
871 2388 938 2432 non
962 2388 1033 2431 ease
1056 2376 1238 2432 creaturam
1261 2366 1332 2428 sicut

237 2473 382 2529 caeteras
404 2473 579 2546 creaturas,
604 2465 783 2550 fefellitque
815 2465 988 2530 audientes
1015 2464 1105 2529 fraus
1128 2463 1330 2550 professionis.

236 2563 368 2628 Etenim
400 2562 451 2626 his
482 2563 591 2628 verbis
623 2562 743 2649 quibus
774 2562 889 2626 similis
921 2583 991 2628 esee
1022 2564 1159 2628 caeteris
1191 2561 1331 2626 creaturis

237 2660 342 2726 Filius
373 2660 575 2744 negabatur,
608 2670 757 2726 creatura
786 2673 898 2726 tamen
929 2662 1036 2746 potior
1059 2669 1188 2724 tantum
1212 2656 1331 2722 caeteris

237 2757 522 2844 pronuntiabatur.
576 2759 628 2824 Ita
661 2768 776 2828 neutra
807 2781 884 2844 pars
919 2760 1039 2822 vicisse
1068 2781 1101 2822 se
1131 2759 1261 2844 penitus
1286 2766 1332 2818 aut

237 2857 360 2920 victam
392 2863 508 2940 putare
540 2865 684 2941 poteram
718 2857 797 2942 quia
820 2855 902 2920 fides
932 2858 1005 2942 ipsa
1027 2877 1085 2941 pro
1109 2855 1254 2938 Arianis,
1276 2873 1330 2938 pro·

238 2953 394 3018 sessiones
426 2975 504 3017 vero
535 2963 647 3040 postea
677 2954 825 3040 adjectae
854 2975 914 3040 pro
944 2956 1063 3018 nostris
1095 2965 1196 3036 erant,
1220 2963 1358 3040 praeter,

238 3050 327 3116 illam
351 3073 450 3138 quam
474 3051 596 3118 Valens
625 3052 858 3138 subjunxerat,
883 3062 1060 3138 quactum
1083 3073 1150 3116 non
1174 3050 1329 3116 intellecta
1357 3040 1358 3124 l

183 3221 186 3226 ,
239 3171 309 3214 sero
334 3150 467 3216 demum
490 3151 723 3215 animadversa
746 3159 804 3214 est.
850 3151 925 3214 Hoc
948 3150 1147 3214 veremudo
1170 3135 1358 3216 mucidunl

238 3247 427 3332 dimissum,
461 3247 546 3313 bono
577 3249 686 3326 initio,
710 3247 805 3312 foedo
837 3250 928 3313 exitu
952 3257 1001 3312 est
1022 3241 1329 3324 consummatum“¹l.

327 3348 357 3410 9.
383 3345 538 3410 Formula
562 3369 646 3432 quae
671 3346 859 3410 aPatribus
883 3355 1035 3432 suscepta
1057 3346 1120 3410 fuit
1143 3345 1257 3410 eadem
1277 3343 1329 3406 fere

199 3445 203 3456 '
239 3457 296 3526 est,
329 3468 368 3508 ac
401 3444 588 3510 Sirmiensis
621 3446 727 3526 tertia,
761 3465 861 3530 quam
893 3444 1036 3508 Arimini
1069 3443 1147 3508 inde
1180 3444 1222 3508 ab
1252 3440 1329 3505 initio

239 3540 361 3606 Valens
384 3551 416 3606 et
439 3541 596 3608 Ursacius
626 3551 873 3629 proposuerant.
919 3541 996 3606 Vox
1023 3539 1226 3608 substantiae
1247 3557 1329 3604 remo

240 3651 347 3722 vetur,
372 3641 443 3719 inre,
462 3639 600 3722 addunt,
623 3664 678 3704 oec
700 3641 876 3728 hypostasis
900 3641 939 3706 dc
954 3641 1049 3704 Patre
1072 3651 1102 3706 ct
1119 3639 1203 3704 Filio
1226 3650 1254 3702 et
1274 3635 1329 3722 tpi-

238 3740 303 3800 ritu
326 3737 440 3802 Sancto
463 3739 623 3802 nominari
653 3737 751 3802 debet.
799 3737 939 3803 Similem
970 3749 1073 3802 aetem
1104 3739 1235 3804 dicim
1256 3731 1331 3800 Petri

239 3834 367 3915 Filiam,
391 3847 426 3900 ut
449 3836 616 3922 loquuntur
639 3847 668 3898 et
690 3837 801 3900 docent
823 3836 952 3900 dicione
975 3835 1170 3924 Scriptum
1205 3873 1247 3882 -
1282 3829 1329 3892 Hit

239 3934 292 3998 vel
316 3936 387 4021 ipsa
410 3933 551 4000 formula
574 3933 761 4000 Sirmiensis
785 3936 882 3999 tertia
904 3943 1102 4015 attenuatur,
1128 3953 1228 4020 quum
1250 3931 1279 3994 in
1299 3945 1329 3986 et

314 4149 334 4218 ¹)
352 4147 382 4202 L.
402 4164 424 4202 c.
1357 4169 1358 4226 q

1336 4621 1358 4770 r
