2836 4804
233 437 286 492 aas
453 453 458 460 ·
638 436 678 490 ne
695 435 782 492 meus
800 437 939 506 aalma

234 583 333 646 cunia
355 581 523 667 pervertit,
556 587 588 642 ct
617 579 805 665 eligendum
838 584 968 648 curavit
989 583 1206 650 Laurentium
1239 585 1337 650 archi-

233 679 462 766 presbyterum
492 677 526 744 S.
556 677 727 744 Praxedis.
772 678 861 744 Hinc
893 679 967 745 aliis
998 683 1034 745 in
1064 681 1130 746 alia
1157 682 1269 747 studia
1296 683 1338 748 dr-

233 778 371 858 stractis,
395 775 547 858 schisma,
571 775 740 858 tumultus,
763 779 865 859 rixae,
890 787 923 842 et
945 778 1063 843 caedes
1086 781 1121 844 in
1145 779 1238 846 Urba
1260 783 1338 846 acci·

234 874 362 940 derunt.
409 874 555 938 Maxima
586 882 697 938 umen
730 873 807 938 cleri
840 884 872 939 et
893 875 1007 960 populi
1039 899 1116 962 para
1139 877 1336 963 Symmacho

232 971 392 1038 adhaesit.
435 971 499 1035 Res
530 971 725 1036 Ravennam
757 973 801 1037 ad
822 972 1065 1038 Theodericum
1092 975 1211 1041 Italiac
1234 999 1337 1062 regem
1406 969 1407 990 *

234 1070 342 1135 delata
371 1069 452 1152 fuit,
486 1071 564 1155 quia
597 1068 747 1134 Odoacer
775 1092 834 1136 rex
864 1073 1087 1156 constituerat,
1112 1083 1149 1138 ut
1172 1074 1338 1140 Pontificis

233 1169 348 1234 electio
371 1189 437 1232 nen
461 1168 554 1232 fieret
576 1169 646 1232 sine
668 1170 755 1252 regis
777 1168 892 1236 ltaliae
915 1191 1086 1237 censensu.
1118 1172 1338 1238 Theodericus

232 1277 342 1332 autem
366 1289 424 1352 pro
458 1265 666 1350 Symmacho,
691 1277 802 1352 utpote
835 1269 927 1353 prius
958 1279 991 1332 et
1012 1291 1033 1332 a
1056 1267 1209 1354 pluribus
1233 1269 1338 1347 electo,
1406 1271 1407 1278 '

231 1366 428 1432 sententiam
452 1365 546 1430 dixit.
1406 1439 1407 1442 Ἴ

321 1463 374 1528 23.
399 1463 578 1527 Laurentio
614 1463 715 1546 igitur
748 1471 874 1543 amoto,
909 1460 1129 1547 Symmachus
1159 1487 1249 1529 anne
1280 1463 1340 1528 499
1406 1485 1407 1502 t

233 1562 356 1626 Romam
379 1559 544 1644 synodum
574 1560 681 1643 ce'e'git
709 1561 918 1645 septuaginta
940 1559 1081 1624 duorum
1103 1563 1339 1648 cpiscoporum,

233 1659 392 1744 variaque
421 1655 468 1720 ibi
500 1657 650 1722 confecta
682 1667 760 1721 sunt
782 1657 914 1722 decreta
946 1658 987 1723 de
1009 1659 1149 1723 Romani
1174 1658 1341 1723 Pontificio
1406 1651 1407 1746 l

235 1756 402 1838 electione,
427 1777 511 1840 quae
525 1754 619 1818 utilia
633 1753 835 1820 videbantur
847 1755 891 1820 ad
903 1755 1080 1820 schismata
1102 1755 1339 1842 praecavenda.
1406 1749 1407 1812 l

235 1853 300 1920 Sed
333 1855 441 1938 ipsum
474 1851 617 1916 schisma
638 1853 900 1918 Laurentianum
933 1856 992 1918 vix
1020 1856 1224 1918 exstinctum
1253 1854 1338 1917 brevi

234 1950 411 2017 recruduit.
457 1948 615 2014 Nonnulli
647 1973 664 2012 e
697 1949 783 2014 clere
807 1960 839 2014 ct
866 1960 981 2016 senatu
1004 1950 1207 2035 Symmacho
1232 1951 1336 2016 offensi
1406 1955 1407 2004 i

236 2049 469 2128 Laurentium,
503 2049 560 2133 qui
593 2069 634 2111 nc
665 2047 850 2112 Ecclesiam
882 2049 968 2114 ultra
1002 2049 1149 2114 turbaret
1185 2051 1338 2114 Nuceriae
1406 2041 1407 2110 l

235 2149 407 2234 episcopus
420 2147 615 2210 constitutus
638 2145 753 2227 fuerat,
769 2145 853 2209 clam
868 2147 1006 2212 Romam
1029 2156 1240 2230 revocarunt,
1256 2147 1336 2230 Sym·
1406 2135 1407 2162 l

235 2244 390 2310 maehum
413 2265 534 2329 papam
558 2242 647 2329 apud
661 2242 903 2308 Theodericum
925 2265 1036 2328 regem
1058 2244 1218 2310 falsorum
1243 2243 1334 2307 crimi-
1406 2311 1407 2326 ,

236 2363 317 2408 num
339 2351 546 2422 accusarunt,
580 2351 612 2406 et
634 2343 816 2406 temeritate
848 2363 992 2428 eousque
1014 2363 1080 2406 nen
1104 2345 1177 2406 visa
1204 2343 1334 2406 sciscita-

235 2451 339 2506 terem
362 2441 419 2525 qui
443 2438 484 2504 de
507 2441 548 2503 iis
571 2448 798 2523 cognesceret,
822 2437 1037 2524 postularunt.
1083 2439 1204 2504 Petrus
1227 2439 1336 2525 episce-
1406 2471 1407 2542 ,

237 2561 299 2625 pus
323 2537 504 2602 Altinensis
524 2538 662 2602 Romam
690 2536 826 2621 legatus,
851 2536 894 2601 ad
917 2537 1156 2602 Laurentianea
1180 2538 1337 2623 digmssm
1406 2543 1407 2622 ξ

237 2645 299 2718 cat,
327 2657 462 2721 remque
485 2637 590 2719 magis
611 2634 767 2698 turbavit.
815 2634 925 2714 Quare
948 2633 991 2698 ad
1014 2635 1261 2721 componendas
1282 2645 1338 2696 tur·
1406 2623 1407 2700 l

237 2734 297 2799 bas
319 2731 558 2814 Theodericus,
581 2741 712 2818 petente
736 2731 944 2816 Symmacho,
975 2734 1113 2812 curavit,
1146 2744 1185 2797 ut
1217 2753 1258 2797 cx
1278 2739 1337 2795 tota

237 2830 334 2896 Italia
358 2833 503 2917 episcopi
517 2831 656 2894 Romam
680 2831 904 2894 convenirent.
949 2829 1106 2916 Episcopi
1130 2831 1266 2916 quidem
1288 2829 1337 2890 soi·
1406 2895 1407 2900 η

238 2939 340 3006 entes,
364 2953 398 2994 se
421 2950 488 2994 non
509 2950 604 3014 pesse
622 2927 775 3013 judicare
788 2926 992 3005 Pontificem,
1016 2927 1180 3010 synodum
1204 2929 1338 3012 incipere

238 3027 422 3109 uoluerunt,
437 3028 629 3112 priusquam
645 3027 725 3090 certi
740 3035 856 3107 essent,
872 3023 963 3090 illam
982 3048 1002 3088 a
1025 3024 1226 3108 Symmacho
1249 3025 1338 3088 fuisse

239 3125 408 3206 indictam,
433 3147 572 3211 cumque
605 3124 831 3188 auctoritatem
862 3122 902 3186 de
926 3143 1025 3186 causa
1047 3144 1107 3186 sua
1129 3119 1336 3207 cognoscendi
1406 3165 1407 3168 ,

239 3223 282 3289 cd
306 3223 469 3307 synodum
493 3222 659 3288 detulisse.
706 3221 761 3288 Sic
784 3221 826 3286 de
849 3241 1009 3286 consensu
1023 3220 1194 3284 Pontificis
1218 3237 1338 3302 congre·

239 3323 317 3406 gati,
342 3329 492 3386 currente
516 3341 601 3384 anne
625 3319 687 3386 501
713 3318 822 3404 plures
845 3318 987 3401 synodos
1005 3317 1129 3382 Romae
1152 3317 1337 3382 habuerunt.

239 3441 282 3484 ex
306 3420 426 3505 quibus
450 3418 609 3484 celebrior
632 3426 681 3482 est
712 3439 751 3482 ea
782 3437 867 3502 quae
898 3414 1018 3478 dicitur
1041 3413 1210 3494 Palmaria,
1234 3438 1255 3477 a
1270 3433 1337 3499 per·

241 3522 303 3584 deu
327 3517 411 3582 beati
433 3519 520 3583 Petri
550 3515 700 3602 Apostoli
731 3537 809 3600 qaae
839 3512 1021 3599 appellatur
1043 3511 1218 3590 Palmaria,
1242 3508 1337 3594 inquit

241 3617 435 3682 Anastasius
465 3617 499 3680 in
532 3614 633 3679 Libro
656 3610 860 3692 Pontifioali3
898 3609 1022 3676 ibidem
1053 3609 1209 3674 videlicet
1236 3605 1337 3671 habita

241 3737 310 3782 esse
334 3713 475 3778 videtur.
523 3711 695 3777 Celebrate
717 3709 780 3774 fuit
803 3707 856 3772 die
879 3707 922 3772 23
945 3705 1081 3772 Octobri
1104 3709 1183 3770 anni
1205 3705 1278 3784 501,
1299 3711 1337 3764 at·
1406 3709 1407 3750 f

242 3837 305 3902 quc
329 3815 363 3877 in
387 3834 426 3877 ca
449 3809 667 3896 Symmachus
698 3807 742 3873 ab
765 3807 854 3872 omni
881 3805 1090 3870 accusatione
1111 3803 1267 3871 liberatus
1287 3809 1337 3863 est

242 3914 405 3996 insignem
428 3919 538 3974 autem
562 3908 644 3972 haec
672 3903 817 3990 synodus
843 3901 986 3970 ostendit
1014 3921 1091 3986 erga
1118 3900 1237 3966 &dem
1261 3895 1337 3981 Ape
1406 3903 1407 3952 i

242 4009 390 4076 stolicam
431 4008 659 4072 reverentiam.
714 4003 799 4068 Nam
830 4001 974 4086 episcopi
1005 3997 1228 4076 declararunt,
1254 4013 1336 4080 prep-
1406 4035 1407 4090 ,

243 4119 293 4172 ter
323 4108 549 4172 anctoritatem
580 4104 618 4168 B.
650 4101 740 4166 Petri
778 4096 1021 4166 successoribus
1052 4097 1155 4182 ipsius
1185 4092 1334 4180 preprium

241 4228 277 4270 ae
307 4204 392 4272 nolle
426 4203 467 4267 de
488 4201 648 4268 Pontifice
681 4199 876 4265 seutentiam
900 4194 1019 4276 dicere,
1041 4192 1101 4258 sed
1123 4192 1185 4258 hec
1206 4191 1274 4255 Deo
1294 4205 1335 4248 re·
1406 4191 1407 4256 l
