2836 4804
547 445 646 513 synodi
665 447 734 502 fluis.
1145 451 1199 505 aot

80 587 115 652 Si
136 591 207 675 pitis
228 611 294 652 oon
316 589 564 654 aamhamtiaat
594 590 719 669 Arium,
743 591 940 670 Eunomium,
966 593 1198 676 Macedonium,

80 687 271 766 Nestorium,
288 687 457 773 Eutyches,
485 687 658 773 ffiipmam,
689 711 756 752 eum
785 691 895 774 impiis
928 711 1034 755 eorum
1060 695 1198 779 scriptis,

80 833 118 848 ..
143 834 150 848 .
176 834 183 848 .
211 785 379 848 ammenta
397 787 452 862 ait.
498 784 585 850 Sunt
605 793 717 850 tamen
740 787 797 872 qui
821 787 1014 852 existimant
1037 809 1198 854 canonem

80 881 166 948 hunc
189 881 424 968 interpolatum
448 904 529 964 esse,
553 881 775 970 Origcnisque
807 905 928 949 nomen
952 886 1127 969 intrusum,
1151 887 1198 952 id-

77 1001 140 1066 que
165 981 329 1044 Vincenzi
352 981 373 1046 l.
398 1003 427 1045 c.
451 1001 524 1066 cap.
539 981 591 1046 IX
610 982 716 1045 fusius
739 981 849 1046 studet
871 981 1021 1067 probare.
1067 983 1198 1069 ld'jam

80 1081 163 1144 inter
196 1079 344 1144 eruditos
378 1089 516 1160 constat,
552 1080 742 1164 quindecim
766 1079 1059 1146 anathematismos
1084 1091 1198 1146 contra

78 1177 266 1263 Origenem,
291 1179 349 1263 qui
372 1199 392 1242 a
416 1177 566 1263 pluribus
590 1176 668 1242 huic
698 1177 832 1261 Synodo
863 1178 1021 1264 adscripti
1054 1179 1196 1258 fuerunt,

79 1274 166 1340 haud
190 1297 263 1340 esse
286 1277 399 1361 ipsius,
423 1274 481 1339 sed
504 1277 677 1340 anterioris
692 1275 834 1357 concilii,
859 1275 948 1362 quod
971 1299 1001 1341 a.
1024 1277 1090 1340 543
1115 1275 1198 1341 Ocn-

77 1372 292 1458 stautinopoli
316 1374 351 1436 in
375 1393 475 1436 causa
499 1371 763 1456 Origenistarum
785 1371 937 1438 habitum
968 1382 1026 1438 est.
1050 1375 1090 1437 In
1115 1373 1197 1438 Con-

78 1469 152 1534 cilio
178 1469 391 1534 oecumenico
417 1471 531 1566 quinto
555 1491 693 1554 magnas
717 1492 796 1534 sane
819 1481 928 1556 partes
952 1471 1071 1536 habuit
1093 1471 1197 1536 Theo-

78 1566 176 1632 dorus
200 1568 353 1650 Ascidas,
379 1569 431 1632 vir
453 1569 540 1631 inter
562 1565 767 1651 origenistas
790 1571 1028 1654 praeeminens,
1054 1569 1197 1655 indeque

77 1667 220 1751 supponi
244 1687 341 1750 aegre
364 1675 480 1751 potest,
505 1667 623 1729 iterum
649 1665 690 1728 dc
718 1665 930 1730 damnatione
954 1687 1101 1730 errorum
1126 1666 1197 1732 Ori-

77 1766 169 1846 genis
202 1764 304 1828 fuisse
335 1767 522 1828 tractatum.
569 1762 610 1827 Id
640 1773 753 1828 tamen
785 1783 844 1848 per
867 1785 901 1828 ae
932 1785 1000 1829 non
1031 1774 1080 1828 est
1102 1785 1197 1849 argu-

78 1871 226 1926 mentum
247 1871 382 1944 certum,
406 1863 442 1926 in
462 1861 774 1926 anathematismum
797 1859 1011 1926 undecimum
1033 1864 1197 1926 intrusum

77 1981 145 2022 ease
161 1979 285 2024 nomen
309 1959 480 2044 Origenis3
518 1981 596 2023 nam
620 1959 781 2041 vidimus,
814 1958 1020 2025 damnationi
1044 1959 1115 2045 ejus
1138 1981 1199 2046 per

77 2057 307 2120 Justinianum
330 2057 541 2122 Theodorum
566 2057 725 2121 Aecidam
749 2077 816 2122 nou
839 2059 1006 2123 restitisse.

166 2155 221 2220 62.
245 2154 455 2220 Justinianus
488 2177 571 2220 ausu
604 2157 745 2240 pessimo
765 2157 837 2241 jam
861 2157 896 2219 in
921 2155 1104 2220 Oollatione
1128 2177 1196 2241 sep·
1218 2199 1310 2250 ,mm
1324 2213 1351 2242 ,ι

77 2254 160 2316 tima
183 2249 324 2317 Consilii
347 2253 502 2318 Patribus
530 2254 833 2318 communicaverat
861 2254 1007 2318 edictum
1037 2255 1315 2339 recipies-mooun
1330 2273 1367 2302 ⁰1-

77 2349 168 2431 dum,
194 2372 259 2436 quo
283 2351 398 2436 Vigilii
422 2351 594 2415 Pontificis
616 2371 737 2416 nomen
762 2373 804 2414 ex
827 2351 996 2437 diptychis
1019 2351 1198 2416 delendum
1237 2323 1336 2372 ”mim

71 2447 225 2532 jubebat.
270 2448 450 2534 Postquam
473 2450 753 2529 commemoravit,
769 2448 930 2534 Vigilium
955 2459 1052 2514 antea
1075 2448 1198 2534 pluries

78 2546 286 2610 damnationi
310 2548 409 2611 trium
435 2545 662 2633 Capitulorum
678 2548 809 2632 scriptis
833 2555 865 2612 et
888 2557 1040 2612 oretenus
1064 2568 1197 2611 eonsen-

76 2646 168 2726 siase,
202 2647 382 2709 coatras-ius
415 2655 518 2708 autam
537 2646 650 2731 scotiae
683 2656 739 2724 aet,
768 2647 891 2730 iuquit,
917 2667 992 2710 suae
1014 2645 1196 2721 voluntatis,

75 2767 114 2806 aa
137 2743 313 2829 defendens
343 2765 422 2829 qaue
456 2744 601 2808 Nestorii
630 2755 660 2807 et
692 2743 849 2808 Theodori
879 2765 1024 2830 sequaces
1056 2744 1195 2828 sapiunt.

6 2912 9 2935 Ι
77 2841 247 2905 Baetem
270 2844 337 2927 ipse
361 2844 557 2928 aaomtipsum
575 2842 713 2925 alienum
735 2841 906 2906 catholicae
929 2839 1088 2904 moestae
1103 2838 1196 2925 fecit,

6 2960 10 2975 ·
75 2939 251 3026 defendens
277 2937 516 3025 praedictorum
542 2939 760 3026 Capitalorum
797 2940 1007 3024 impietatem,
1042 2957 1197 3022 separans

76 3049 181 3102 autem
213 3039 410 3123 semtipsum
438 3061 460 3100 u
490 3049 595 3102 ccmo
624 3039 845 3101 communione.
894 3036 956 3100 His
978 3036 1077 3121 ipitur
1099 3033 1138 3096 ab
1162 3055 1197 3094 oo

4 3142 11 3259 p
66 3137 182 3220 saetae,
209 3135 347 3199 altheum
373 3131 564 3202 Οῆνίείίαηίε
579 3135 808 3224 judicavimus,
832 3157 943 3198 nomeu
965 3134 1067 3219 ipsius
1098 3132 1198 3194 eaesis

2 3264 9 3350 p
76 3234 234 3320 diptychis
255 3234 396 3312 recitari,
419 3257 458 3297 aa
481 3257 516 3298 eo
538 3234 630 3298 modo
653 3234 852 3297 inveniamur
875 3231 1020 3294 Nestorii
1047 3240 1077 3294 et
1102 3229 1198 3292 Theo·

2 3356 7 3425 p
75 3331 150 3394 dori
188 3331 348 3416 impietati
384 3333 652 3396 communicantes.
716 3329 804 3395 Uada
836 3331 931 3415 ptius
966 3329 1091 3414 quidem
1130 3328 1197 3391 mee

74 3429 205 3515 scriptia
226 3429 282 3492 hoo
304 3427 507 3514 manifestum
520 3429 770 3516 vohisfeeimus:
793 3451 877 3490 aeuo
893 3449 966 3490 vero
990 3437 1020 3489 et
1042 3427 1077 3490 ia
1099 3427 1195 3510 aerip-

76 3529 117 3590 tia
139 3536 257 3590 cartam
279 3527 367 3590 eodm
381 3526 526 3613 facimus
545 3551 606 3613 per
627 3538 750 3592 moseos
768 3547 852 3611 praa
882 3523 980 3610 (sorte
1002 3522 1195 3608 praefectos,

76 3621 125 3708 ut)
158 3626 227 3710 ejus
259 3645 371 3688 nomen
403 3627 503 3689 eaesis
535 3623 690 3712 diptychis
721 3647 785 3688 noa
816 3621 986 3707 inferatur.
1038 3620 1197 3684 Uoitatem

74 3743 147 3784 earo
172 3720 445 3807 adapostolicam
469 3721 580 3786 Sedere
603 3735 633 3788 et
663 3746 721 3788 uos
744 3741 917 3795 servamus,
950 3728 1117 3782 etcertum
1140 3729 1195 3794 eet,

74 3819 159 3904 quod
191 3827 222 3882 at
252 3841 306 3884 eos
328 3820 518 3885 custodistis.
569 3823 636 3886 Neo
659 3823 742 3886 euim
771 3819 882 3906 Vipilii
904 3839 960 3879 aaa
983 3821 1195 3905 capacemque

75 3917 210 3981 alterius
247 3917 291 3981 ad
317 3922 435 4007 pejora
458 3922 662 3984 acoemetas·
692 3931 723 3984 et
739 3919 820 4006 paci
843 3915 941 4002 (forte
964 3917 1195 3980 transmutatio

75 4013 165 4101 paci)
189 4015 389 4084 amhsiuram
411 4039 520 4080 uocare
538 4027 652 4103 potest.
693 4053 736 4064 —-
773 4015 893 4079 Sancto
916 4011 1063 4098 Spaodm
1089 4013 1196 4078 dieto.-

76 4113 126 4176 Eu
149 4136 230 4199 quae
253 4137 335 4178 uuae
352 4115 498 4200 piissimo
527 4114 716 4201 Impmutori
741 4115 811 4179 uiso
833 4124 923 4194 aaut,
956 4131 1093 4196 comprssu
1122 4127 1196 4176 suot

1 4291 2 4302 ἵ
74 4201 249 4312 laboribus,
272 4233 348 4296 paee
374 4234 437 4298 pro
466 4215 590 4277 coitate
622 4223 809 4278 sanctorm·
832 4213 1031 4280 oetaeo-am
1048 4209 1194 4295 partulit.
