2790 4812
178 375 230 426 392
459 374 499 426 De
517 372 669 427 Ananiamo
687 389 719 427 ac
736 374 769 427 de
788 374 867 428 Cone.
887 374 1010 428 Nieacno.

178 518 361 603 scripsisset
393 516 434 580 de
457 517 626 582 Maxentio
658 525 810 601 tyranno,
843 519 878 582 in
911 519 1035 584 crimen
1060 529 1199 584 vocatus
1230 529 1302 598 est3

179 614 237 678 sed
269 615 457 678 Mensurius
489 615 523 677 in
556 615 624 678 suis
647 614 785 679 aedibus
818 615 852 679 in
885 635 968 700 quas
999 616 1195 700 confugerat
1221 639 1301 682 eum

179 712 354 776 abscondit
377 719 410 775 et
431 712 562 776 tradere
593 714 770 778 recusavit.
817 711 907 776 Hinc
930 733 950 776 a
973 714 1143 778 Maxentio
1167 714 1303 778 Mensu-

179 812 246 875 sius
279 811 417 874 Romam
451 811 570 874 citatus
602 819 652 873 est
684 809 727 874 ad
760 831 895 874 canem
927 810 1114 893 dicendam,
1139 820 1172 874 et
1195 834 1301 897 quum

178 908 322 972 libertati
355 909 524 972 restitutus
557 906 792 992 Carthaginem
825 916 1053 990 reverteretur,
1078 917 1229 973 mortuus
1252 919 1304 974 cst

179 1030 208 1071 a.
241 1007 317 1071 311.
362 1006 441 1070 Post
464 1005 536 1091 ejus
559 1015 697 1070 mortem
721 1005 838 1070 Bonae
862 1014 895 1069 et
921 1003 1072 1070 Celestiar
1096 1005 1303 1091 Carthagine

179 1106 405 1190 episcopatum
429 1104 625 1186 ambierunt,
650 1111 750 1189 atque
771 1125 836 1189 quo
860 1102 991 1169 facilius
1014 1103 1104 1190 quod
1127 1106 1304 1190 concupis-

180 1202 300 1266 cebant
329 1201 529 1285 obtinerent,
554 1223 687 1288 operam
712 1201 884 1283 dederunt,
908 1210 945 1264 ut
968 1201 1162 1266 absentibus
1184 1202 1304 1267 Numi-

179 1301 254 1364 diae
277 1298 493 1384 praesulibus,
526 1298 585 1364 soli
618 1299 762 1385 episcopi
796 1298 990 1384 Carthagini
1023 1300 1127 1364 vicini
1150 1299 1195 1364 ad
1220 1298 1305 1364 elec-

179 1399 301 1461 tionem
346 1398 491 1483 cpiscopi
529 1395 800 1481 Carthaginensis
847 1407 1117 1462 convocarentur.
1174 1397 1304 1462 Nihilo·
1379 1461 1380 1464 ,

181 1497 290 1560 minus
321 1517 394 1580 spes
424 1495 633 1581 presbyteros
666 1493 738 1558 illos
761 1495 896 1577 fefellit,
929 1497 964 1558 in
993 1496 1185 1580 episcopum
1211 1498 1303 1560 enim
1379 1569 1380 1572 Ἴ

180 1594 335 1678 suffragio
358 1595 459 1657 totius
482 1593 594 1679 populi
619 1592 742 1656 electus
766 1602 816 1656 cst
842 1591 1042 1658 Caecilianus
1064 1593 1229 1657 Mensurii
1254 1617 1304 1657 ar·
1379 1641 1380 1644 ,

180 1691 405 1773 chidiaconus,
430 1693 522 1777 isque
549 1712 569 1754 a
593 1690 695 1754 Felice
725 1691 880 1776 episeopo
904 1689 1107 1777 Aptnngano
1130 1713 1304 1756 consecra·
1379 1695 1380 1762 i

180 1800 232 1853 tus
256 1798 313 1855 est.
1379 1827 1380 1836 κ

268 1887 322 1952 49.
346 1887 412 1952 Sed
445 1908 523 1950 mox
554 1887 654 1950 factio
679 1885 880 1970 Carthagine
913 1887 1090 1950 constituta
1113 1895 1163 1951 est
1188 1885 1305 1952 Caeci·
1379 1929 1380 1958 .

179 1985 267 2049 liano
300 1985 459 2070 opposita.
515 1985 650 2048 Praeter
687 1985 823 2048 Botrum
861 1993 893 2050 et
926 1981 1104 2048 Celestium
1141 1983 1306 2050 videlicet
1379 1985 1380 2038 ἐ

175 2083 290 2169 plnres
313 2080 368 2146 alii
392 2081 482 2146 hunc
505 2080 690 2167 praesulem
705 2083 943 2167 impugnarunt
957 2091 989 2146 et
1011 2104 1029 2144 c
1053 2081 1219 2166 dignitate
1243 2105 1305 2148 sua
1379 2089 1380 2158 ξ

180 2181 299 2267 ejicere
323 2180 528 2244 studuerunt.
576 2180 763 2244 Mensurius
787 2179 924 2243 Romam
959 2180 1171 2265 proficiscens
1195 2184 1304 2246 senio-
1379 2203 1380 2262 ᾗ

179 2278 270 2342 ribus
307 2275 506 2363 quibusdam
540 2276 699 2341 ecclesiae
738 2276 954 2362 supellectilia
993 2279 1134 2363 pretiosa
1172 2291 1303 2343 secreto

180 2375 472 2440 commendaverat
494 2375 730 2455 custodienda3
760 2397 869 2440 rerum
893 2375 1038 2440 indicem
1062 2385 1173 2440 tamen
1199 2379 1303 2442 etiam
1379 2377 1380 2460 ζ

180 2475 483 2537 communicaverat
507 2474 581 2558 piae
605 2472 745 2553 mulieri,
779 2482 816 2536 ut
838 2475 865 2537 ai
889 2494 955 2538 non
979 2483 1201 2538 reverteretur
1225 2495 1303 2538 eum
1379 2557 1380 2560 Ἴ

178 2571 323 2636 traderet
346 2573 534 2652 successori,
560 2592 623 2656 quo
648 2572 795 2636 securius
823 2572 894 2657 ipse
916 2593 967 2634 res
990 2572 1128 2636 traditas
1150 2581 1305 2657 repetere

180 2678 297 2755 posset.
354 2669 506 2734 Seniores
543 2668 589 2732 illi
623 2669 695 2753 jam
729 2691 780 2732 res
816 2667 889 2732 illas
926 2670 1085 2752 retinere,
1119 2670 1153 2734 in
1187 2671 1304 2736 animo

180 2766 367 2848 habebant,
392 2765 525 2852 quando
559 2788 636 2829 vero
661 2789 681 2830 a
705 2765 894 2832 Caeciliano
927 2787 990 2852 ope
1014 2766 1133 2831 indicis
1157 2789 1304 2834 comme-

180 2866 298 2929 morati
326 2866 430 2928 coacti
454 2873 531 2928 sunt
562 2873 599 2928 ut
627 2863 820 2945 redderent,
845 2887 865 2928 a
893 2865 1125 2930 communione
1149 2866 1303 2952 episcopi

180 2985 215 3026 se
239 2961 484 3026 subtraxerunt.
517 2961 640 3027 Iisdem
665 2962 833 3048 sejunxit
855 2963 979 3028 femina
1001 2963 1138 3028 factiosa
1162 2963 1304 3044 mula,
1379 3039 1380 3054 χ

181 3059 351 3124 nobilitate
368 3069 401 3123 et
423 3058 550 3124 divitiis
566 3069 761 3145 praepotens
784 3082 824 3124 ac
839 3059 1027 3126 Caeciliano
1052 3061 1193 3141 insensa,
1210 3061 1304 3146 quod
1379 3135 1380 3164 1

180 3179 282 3245 quum
307 3156 401 3222 solita
425 3167 509 3221 esset
524 3167 600 3222 ante
616 3179 743 3222 sacram
759 3159 914 3242 synaxim
931 3158 1070 3224 osculari
1095 3179 1168 3224 ossa
1192 3158 1305 3244 cnjus·
1379 3171 1380 3192 ³

180 3257 257 3320 dam
290 3255 433 3320 hominis
466 3255 506 3318 dc
539 3255 633 3342 cujus
666 3257 823 3340 martyrio
856 3278 922 3320 non
956 3256 1141 3338 constabat,
1174 3255 1219 3320 ab
1245 3256 1304 3322 illo
1379 3317 1380 3342 ,

180 3351 378 3439 reprehensa
415 3353 539 3419 luisset.
600 3351 751 3418 Schisma
784 3354 885 3438 igitur
916 3355 971 3420 illo
1008 3365 1155 3440 tempore
1192 3376 1305 3420 vanae

180 3450 327 3516 mulieris
346 3452 520 3515 iracundia
539 3453 680 3537 peperit,
700 3451 837 3517 ambitio
856 3453 1122 3538 presbyterorum
1149 3453 1304 3534 nutrivit,

181 3559 213 3613 et
235 3549 378 3613 avaritia
401 3551 566 3613 seniorum
590 3548 768 3615 roboravit.

269 3645 322 3711 50.
347 3646 492 3712 Factiosi
526 3645 754 3712 Caecilianum
785 3658 1002 3730 accusarunt,
1036 3648 1125 3734 quod
1158 3647 1304 3714 durante

179 3745 417 3831 persecutione,
442 3765 544 3830 quum
577 3755 662 3810 esset
693 3745 956 3828 archidiaconus,
990 3744 1234 3812 confessoribus
1268 3747 1302 3811 in

180 3863 311 3906 carcere
335 3843 521 3907 constitutis
545 3842 656 3907 cibum
690 3843 893 3927 denegasset.
939 3844 1096 3930 Episcopi
1120 3843 1304 3908 Numidiae

180 3948 290 4004 autem
314 3961 390 4003 cum
413 3941 553 4027 primate
568 3940 731 4024 Secundo,
747 3941 870 4026 Tigisis
886 3942 1050 4028 episcopo,
1067 3942 1183 4006 offensi
1209 3941 1303 4026 quod
1379 3955 1380 3986 ³

180 4037 223 4100 ad
247 4033 441 4100 electionem
467 4036 648 4103 Caeciliani
679 4060 745 4103 non
774 4038 916 4104 fuissent
937 4040 1129 4126 exspectati,
1153 4038 1304 4102 factiosis

180 4144 397 4207 accesserunt,
447 4135 490 4206 Ut
522 4135 708 4206 schismatis
740 4145 947 4223 praetextum
980 4139 1085 4224 magis
1112 4137 1303 4222 speciosum
