2876 4814
498 494 538 548 De
556 493 623 549 Fide
641 494 751 550 violata.

582 713 660 779 Π.

84 845 299 910 Examen
320 846 549 912 ortttcum
576 845 940 910 accusationum
961 845 1017 910 cle
1039 845 1156 910 Ftcte

323 995 413 1058 per·
437 979 691 1044 Callistum
712 978 906 1043 violata.

144 1126 199 1191 50.
225 1125 335 1212 Caput
358 1125 496 1192 alterum
530 1127 790 1208 accusationum,
815 1148 897 1212 quas
921 1126 1047 1192 Auctor
1069 1126 1176 1192 Philo-

62 1223 308 1310 sophoumeuon
342 1227 377 1289 in
416 1225 474 1292 SS.
507 1223 734 1310 Zephyrinum
772 1233 804 1287 et
838 1222 1010 1289 Callistum
1043 1225 1176 1312 profert,

61 1331 182 1408 spectat
206 1343 321 1386 eorum
346 1323 387 1387 de
402 1324 564 1387 Trinitate
588 1333 620 1386 et
634 1321 867 1386 Incamatione
891 1321 1085 1388 doctrinam.
1111 1323 1177 1388 Eos

60 1422 144 1483 enim
168 1431 316 1503 accusat,
342 1419 430 1508 quod
454 1421 602 1485 savorem
620 1419 796 1484 haereticis
819 1421 1063 1485 antitrinitariis
1086 1445 1177 1508 prae-

62 1520 209 1601 »suunt
244 1521 311 1583 imo
344 1528 376 1583 et
408 1520 470 1605 ipsi
506 1517 577 1583 illas
609 1517 761 1581 haereres
793 1516 1080 1602 proclamaverint.
1131 1521 1177 1585 Ut

61 1637 132 1679 vero
165 1619 396 1682 accusationes
419 1619 501 1682 istae
534 1616 652 1680 melius
683 1615 910 1700 intelligantur
942 1625 973 1679 et
997 1615 1175 1700 diluantur,

62 1713 306 1778 consideremus
329 1724 457 1802 oportet
479 1713 625 1779 breviter
648 1714 887 1778 controversias
910 1713 952 1778 de
976 1713 1074 1779 rebus
1097 1715 1173 1780 fidei

61 1811 109 1876 illa
131 1821 244 1878 aetate
267 1813 391 1878 Romae
415 1813 457 1877 ab
481 1811 654 1878 haereticis
678 1811 849 1875 excitatas.

141 1911 198 1977 52.
225 1911 349 1976 Versus
372 1911 472 1976 finem
496 1909 618 1975 saeculi
641 1909 675 1974 Π
698 1907 888 1973 Theodotus
915 1911 1022 1996 patria
1046 1907 1173 1993 Byzan·
1191 1919 1338 1960 T¹¹⁰⁰d⁰2i¹¹¹i

61 2011 143 2073 tinus
167 2019 202 2073 et
225 2019 296 2073 arte
319 2009 487 2092 coriarius,
503 2008 620 2072 litteris
636 2017 748 2071 tamen
763 2005 920 2088 eruditus,
945 2029 1041 2091 aegre
1065 2007 1173 2073 ferens

61 2106 235 2193 opprobria
257 2109 349 2194 prius
377 2106 532 2191 Byzantii
567 2114 680 2192 postea
711 2105 835 2168 Romae
868 2104 930 2168 sibi
964 2105 1061 2188 facta,
1086 2107 1175 2192 quod

62 2203 204 2270 terrente
238 2207 466 2292 persecutione
499 2203 667 2268 Christum
701 2211 865 2288 negasset,
899 2203 1069 2268 contendit
1091 2228 1175 2270 asse·

64 2305 185 2390 ruitque
211 2300 383 2367 Christum
413 2325 479 2368 non
509 2325 578 2368 esse
602 2301 722 2382 Deum,
754 2299 811 2364 sed
835 2299 1012 2384 hominem,
1036 2304 1175 2390 proinde

64 2423 91 2459 se
112 2423 176 2466 non
203 2401 316 2465 Deum
346 2399 404 2466 sed
426 2399 596 2465 hominem
623 2421 771 2486 negasse.
817 2397 900 2486 Ejus
930 2399 1083 2486 discipuli
1108 2401 1175 2466 fue·

64 2509 130 2562 runt
162 2499 326 2563 Artemon
358 2508 392 2563 et
422 2497 612 2563 Theodotus
639 2498 753 2585 junior
786 2519 844 2560 seu
877 2501 1092 2583 argentarius,
1117 2504 1174 2588 qui

64 2599 178 2680 puriter
210 2596 471 2679 contenderunt,
506 2593 675 2661 Christum
708 2617 778 2660 esse
811 2615 937 2660 merum
965 2595 1132 2663 hominem
1157 2623 1174 2664 e
1212 2665 1215 2671 ,

66 2695 183 2780 virgine
208 2703 335 2777 natum,
360 2695 528 2781 prophetis
543 2696 665 2758 virtute
679 2694 960 2780 praestantiorem.
991 2694 1050 2759 Isti
1074 2697 1175 2782 igitur

63 2791 276 2858 Theodotiani
301 2795 461 2858 unitatem
480 2793 545 2858 Dei
569 2793 615 2856 ita
638 2798 858 2872 asseruerunt,
883 2801 919 2854 ut
944 2790 1065 2857 Christi
1091 2795 1173 2858 divi-

65 2891 190 2956 nitatem
216 2902 387 2976 negarent.
433 2891 464 2955 A
494 2891 527 2958 S.
551 2889 686 2954 Victore
719 2897 752 2952 et
775 2886 808 2953 S.
832 2887 1020 2974 Zephyrino
1045 2914 1173 2956 excom-

65 2990 214 3054 manicati
250 2999 336 3072 sunt,
369 2997 468 3076 atque
501 2991 536 3053 iu
560 2987 592 3053 S.
617 2985 844 3074 Zephyrinum
875 2985 1172 3076 calumniabantur,

65 3087 144 3170 quod
166 3089 239 3174 ipse
262 3086 445 3152 doctrinam
480 3086 520 3151 de
554 3085 729 3150 divinitate
763 3081 885 3148 Christi
920 3087 955 3150 in
987 3085 1172 3154 Ecclesiam

65 3184 251 3250 induxisset.
298 3185 395 3250 Hanc
428 3184 630 3248 calumniam
661 3181 782 3245 refutat
813 3181 978 3248 Eusebius
1011 3185 1053 3250 H.
1086 3186 1126 3252 E.
1151 3187 1171 3254 l.

67 3281 100 3346 l'.
122 3307 148 3349 c.
172 3285 216 3349 28
254 3307 296 3348 ex
325 3284 460 3369 anthuo
485 3283 573 3348 illius
602 3281 759 3366 temporis
792 3289 905 3344 contra
928 3281 1173 3350 Theodotianos

65 3383 222 3467 scriptore.
269 3381 303 3446 Is
335 3383 434 3445 etiam
467 3382 575 3462 refert,
608 3375 760 3443 Natalem
794 3374 1023 3445 Confessorem
1055 3381 1098 3446 ab
1131 3385 1172 3448 iis

14 3509 21 3532 ·
66 3477 228 3544 seductum
242 3479 355 3563 fuisse,
381 3491 416 3544 ut
439 3488 575 3565 accepto
591 3474 707 3541 salario
733 3483 866 3538 eentum
882 3487 914 3540 et
931 3480 1172 3566 quinquaginta

65 3573 265 3642 denariorum
298 3600 358 3663 per
385 3599 513 3642 menses
546 3571 701 3662 singulos,
726 3592 839 3636 eorum
870 3573 962 3639 fieret
987 3579 1170 3665 episcopus.

67 3671 134 3738 Post
155 3675 291 3762 aliquod
323 3685 453 3762 tempus
486 3683 597 3740 tumen
619 3669 748 3736 Natalis
780 3671 963 3738 insomnis
988 3674 1171 3740 identidem

66 3769 228 3838 aChristo
251 3772 451 3854 admonitus,
482 3794 521 3836 ae
545 3769 678 3836 tandem
702 3791 722 3832 a
753 3772 876 3834 sanctis
899 3771 1037 3858 Angelis
1060 3773 1172 3860 flagris

68 3889 180 3952 caesus,
204 3892 315 3936 coram
348 3869 537 3958 Zephyrino
571 3865 754 3933 humillime
787 3871 1025 3954 poenitentiam
1050 3874 1117 3958 egit
1140 3882 1173 3936 et

69 3961 224 4034 Ecclesiae
247 3969 479 4034 reconciliatus
501 3977 561 4033 est.

145 4075 196 4141 52.
219 4075 348 4142 Eodem
381 4075 448 4140 fere
480 4083 626 4163 tempore
649 4077 773 4142 Romae
806 4083 988 4164 propagata
1011 4076 1073 4140 suit
1097 4076 1171 4143 hae·
1212 4111 1301 4152 poam

71 4171 139 4234 Pesis
159 4171 264 4258 Nost,
289 4175 346 4262 qui
371 4173 579 4240 divinitatem
605 4173 728 4240 Christi
751 4177 798 4240 ita
822 4171 1025 4260 vindicabat,
1050 4185 1087 4238 ut
1100 4175 1170 4240 Tri-

70 4267 192 4335 nitatem
214 4294 427 4360 personarum
452 4273 486 4338 in
504 4270 577 4336 Deo
602 4272 793 4340 destrueret.
840 4271 936 4357 Nam,
961 4275 1009 4337 uti
1027 4274 1100 4361 jam
1124 4273 1170 4339 di·
