<?xml version="1.0" encoding="UTF-8"?>
<!DOCTYPE html PUBLIC "-//W3C//DTD XHTML 1.0 Transitional//EN"
    "http://www.w3.org/TR/xhtml1/DTD/xhtml1-transitional.dtd">
<html xmlns="http://www.w3.org/1999/xhtml" xml:lang="en" lang="en">
 <head>
  <title>
</title>
<meta http-equiv="Content-Type" content="text/html;charset=utf-8" />
  <meta name='ocr-system' content='tesseract 3.04.00' />
  <meta name='ocr-capabilities' content='ocr_page ocr_carea ocr_par ocr_line ocrx_word'/>
</head>
<body>
  <div class='ocr_page' id='page_1' title='image "./dissertationess02junggoog_0915.png"; bbox 0 0 2900 4800; ppageno 0'>
   <div class='ocr_carea' id='block_1_1' title="bbox 234 429 978 496">
    <p class='ocr_par' dir='ltr' id='par_1_1' title="bbox 234 429 978 496">
     <span class='ocr_line' id='line_1_1' title="bbox 234 429 978 496; baseline -0.003 -12"><span class='ocrx_word' id='word_1_1' title='bbox 234 429 288 484; x_wconf 77' lang='lat'>444</span> <span class='ocrx_word' id='word_1_2' title='bbox 568 485 571 496; x_wconf 78' lang='grc'><em>,</em></span> <span class='ocrx_word' id='word_1_3' title='bbox 610 430 647 488; x_wconf 78' lang='lat' dir='ltr'>lie</span> <span class='ocrx_word' id='word_1_4' title='bbox 665 447 747 488; x_wconf 86' lang='lat' dir='ltr'>causa</span> <span class='ocrx_word' id='word_1_5' title='bbox 764 429 878 488; x_wconf 84' lang='lat' dir='ltr'>lionorii</span> <span class='ocrx_word' id='word_1_6' title='bbox 896 430 929 488; x_wconf 73' lang='lat' dir='ltr'>a</span> <span class='ocrx_word' id='word_1_7' title='bbox 948 430 978 484; x_wconf 86' lang='lat' dir='ltr'>P.</span> 
     </span>
    </p>
   </div>
   <div class='ocr_carea' id='block_1_2' title="bbox 236 571 1352 760">
    <p class='ocr_par' dir='ltr' id='par_1_2' title="bbox 236 571 1352 760">
     <span class='ocr_line' id='line_1_2' title="bbox 236 571 1350 661; baseline 0.005 -25"><span class='ocrx_word' id='word_1_8' title='bbox 236 571 386 636; x_wconf 84' lang='lat' dir='ltr'>stimouic</span> <span class='ocrx_word' id='word_1_9' title='bbox 400 593 479 658; x_wconf 78' lang='lat' dir='ltr'>quoe</span> <span class='ocrx_word' id='word_1_10' title='bbox 503 573 537 638; x_wconf 87' lang='lat' dir='ltr'>iu</span> <span class='ocrx_word' id='word_1_11' title='bbox 559 572 627 638; x_wconf 84' lang='lat' dir='ltr'>iilis</span> <span class='ocrx_word' id='word_1_12' title='bbox 650 587 723 642; x_wconf 78' lang='lat' dir='ltr'>utut</span> <span class='ocrx_word' id='word_1_13' title='bbox 746 586 924 642; x_wconf 80' lang='lat' dir='ltr'>sauctorum</span> <span class='ocrx_word' id='word_1_14' title='bbox 946 585 978 640; x_wconf 88' lang='lat' dir='ltr'>et</span> <span class='ocrx_word' id='word_1_15' title='bbox 993 573 1211 661; x_wconf 82' lang='lat' dir='ltr'>probabilium</span> <span class='ocrx_word' id='word_1_16' title='bbox 1222 575 1350 642; x_wconf 78' lang='lat' dir='ltr'>Patrem</span> 
     </span>
     <span class='ocr_line' id='line_1_3' title="bbox 236 669 1352 760; baseline 0.006 -26"><span class='ocrx_word' id='word_1_17' title='bbox 236 693 304 734; x_wconf 86' lang='lat' dir='ltr'>eum</span> <span class='ocrx_word' id='word_1_18' title='bbox 331 669 488 734; x_wconf 73' lang='lat' dir='ltr'><strong><em>codicibus</em></strong></span> <span class='ocrx_word' id='word_1_19' title='bbox 522 670 612 760; x_wconf 76' lang='lat' dir='ltr'>bajus</span> <span class='ocrx_word' id='word_1_20' title='bbox 644 673 835 740; x_wconf 68' lang='lat' dir='ltr'>namabilis</span> <span class='ocrx_word' id='word_1_21' title='bbox 855 673 1068 760; x_wconf 72' lang='lat' dir='ltr'>patriarchii,</span> <span class='ocrx_word' id='word_1_22' title='bbox 1100 675 1136 738; x_wconf 83' lang='lat' dir='ltr'>iu</span> <span class='ocrx_word' id='word_1_23' title='bbox 1158 673 1352 759; x_wconf 75' lang='lat' dir='ltr'>utinqueuti</span> 
     </span>
    </p>
   </div>
   <div class='ocr_carea' id='block_1_3' title="bbox 236 766 1353 1738">
    <p class='ocr_par' dir='ltr' id='par_1_3' title="bbox 236 766 1353 1738">
     <span class='ocr_line' id='line_1_4' title="bbox 236 766 1352 857; baseline 0.001 -25"><span class='ocrx_word' id='word_1_24' title='bbox 236 778 410 854; x_wconf 85' lang='lat' dir='ltr'>competens</span> <span class='ocrx_word' id='word_1_25' title='bbox 423 766 568 833; x_wconf 83' lang='lat' dir='ltr'>dabimus</span> <span class='ocrx_word' id='word_1_26' title='bbox 581 793 774 857; x_wconf 64' lang='lat' dir='ltr'>reponsum.</span> <span class='ocrx_word' id='word_1_27' title='bbox 820 769 1075 838; x_wconf 82' lang='lat' dir='ltr'>Advertenduns</span> <span class='ocrx_word' id='word_1_28' title='bbox 1090 779 1157 852; x_wconf 89' lang='lat' dir='ltr'>est,</span> <span class='ocrx_word' id='word_1_29' title='bbox 1180 772 1269 856; x_wconf 90' lang='lat' dir='ltr'>ipsos</span> <span class='ocrx_word' id='word_1_30' title='bbox 1292 768 1352 834; x_wconf 88' lang='lat' dir='ltr'>col-</span> 
     </span>
     <span class='ocr_line' id='line_1_5' title="bbox 236 864 1350 954; baseline 0.003 -25"><span class='ocrx_word' id='word_1_31' title='bbox 236 864 393 930; x_wconf 90' lang='lat' dir='ltr'>lationem</span> <span class='ocrx_word' id='word_1_32' title='bbox 415 867 678 934; x_wconf 77' lang='lat' dir='ltr'><strong>testimoniorum</strong></span> <span class='ocrx_word' id='word_1_33' title='bbox 701 867 837 934; x_wconf 86' lang='lat' dir='ltr'>Petrum</span> <span class='ocrx_word' id='word_1_34' title='bbox 871 869 983 951; x_wconf 89' lang='lat' dir='ltr'>potins</span> <span class='ocrx_word' id='word_1_35' title='bbox 1006 869 1159 954; x_wconf 88' lang='lat' dir='ltr'>petiisse,</span> <span class='ocrx_word' id='word_1_36' title='bbox 1183 890 1285 954; x_wconf 87' lang='lat' dir='ltr'>quam</span> <span class='ocrx_word' id='word_1_37' title='bbox 1306 889 1350 932; x_wconf 91' lang='lat' dir='ltr'>re·</span> 
     </span>
     <span class='ocr_line' id='line_1_6' title="bbox 236 962 1351 1051; baseline 0.004 -25"><span class='ocrx_word' id='word_1_38' title='bbox 236 965 467 1028; x_wconf 78' lang='lat' dir='ltr'>tractationem</span> <span class='ocrx_word' id='word_1_39' title='bbox 498 963 655 1051; x_wconf 88' lang='lat' dir='ltr'>epistolae</span> <span class='ocrx_word' id='word_1_40' title='bbox 688 962 885 1050; x_wconf 85' lang='lat' dir='ltr'>Agathouis.</span> <span class='ocrx_word' id='word_1_41' title='bbox 933 964 1099 1032; x_wconf 82' lang='lat' dir='ltr'>Concessa</span> <span class='ocrx_word' id='word_1_42' title='bbox 1125 966 1188 1032; x_wconf 89' lang='lat' dir='ltr'>iuit</span> <span class='ocrx_word' id='word_1_43' title='bbox 1220 967 1270 1030; x_wconf 90' lang='lat' dir='ltr'>eis</span> <span class='ocrx_word' id='word_1_44' title='bbox 1293 967 1351 1030; x_wconf 89' lang='lat' dir='ltr'>ista</span> 
     </span>
     <span class='ocr_line' id='line_1_7' title="bbox 236 1060 1350 1149; baseline 0.002 -23"><span class='ocrx_word' id='word_1_45' title='bbox 236 1060 377 1126; x_wconf 89' lang='lat' dir='ltr'>collatio.</span> <span class='ocrx_word' id='word_1_46' title='bbox 423 1061 498 1127; x_wconf 88' lang='lat' dir='ltr'>Hac</span> <span class='ocrx_word' id='word_1_47' title='bbox 520 1065 556 1128; x_wconf 92' lang='lat' dir='ltr'>in</span> <span class='ocrx_word' id='word_1_48' title='bbox 578 1085 614 1128; x_wconf 85' lang='lat' dir='ltr'>re</span> <span class='ocrx_word' id='word_1_49' title='bbox 633 1085 710 1128; x_wconf 85' lang='lat' dir='ltr'>vero</span> <span class='ocrx_word' id='word_1_50' title='bbox 725 1061 810 1128; x_wconf 86' lang='lat' dir='ltr'>nihil</span> <span class='ocrx_word' id='word_1_51' title='bbox 828 1062 919 1128; x_wconf 87' lang='lat' dir='ltr'>eliud</span> <span class='ocrx_word' id='word_1_52' title='bbox 934 1066 1130 1146; x_wconf 78' lang='lat' dir='ltr'>continetur,</span> <span class='ocrx_word' id='word_1_53' title='bbox 1155 1086 1256 1149; x_wconf 86' lang='lat' dir='ltr'>quam</span> <span class='ocrx_word' id='word_1_54' title='bbox 1280 1084 1350 1128; x_wconf 90' lang='lat' dir='ltr'>con·</span> 
     </span>
     <span class='ocr_line' id='line_1_8' title="bbox 237 1159 1350 1246; baseline 0.002 -23"><span class='ocrx_word' id='word_1_55' title='bbox 237 1161 339 1225; x_wconf 89' lang='lat' dir='ltr'>cessio</span> <span class='ocrx_word' id='word_1_56' title='bbox 364 1161 519 1226; x_wconf 73' lang='lat' dir='ltr'>examinis</span> <span class='ocrx_word' id='word_1_57' title='bbox 534 1159 777 1246; x_wconf 82' lang='lat' dir='ltr'>iuteliipeutioe,</span> <span class='ocrx_word' id='word_1_58' title='bbox 802 1182 868 1226; x_wconf 93' lang='lat' dir='ltr'>non</span> <span class='ocrx_word' id='word_1_59' title='bbox 884 1181 961 1228; x_wconf 85' lang='lat' dir='ltr'>vero</span> <span class='ocrx_word' id='word_1_60' title='bbox 985 1162 1149 1228; x_wconf 75' lang='lat' dir='ltr'>examinis</span> <span class='ocrx_word' id='word_1_61' title='bbox 1172 1159 1350 1226; x_wconf 83' lang='lat' dir='ltr'>dubitatisi</span> 
     </span>
     <span class='ocr_line' id='line_1_9' title="bbox 238 1257 1350 1345; baseline 0.002 -23"><span class='ocrx_word' id='word_1_62' title='bbox 238 1279 314 1322; x_wconf 89' lang='lat' dir='ltr'>curu</span> <span class='ocrx_word' id='word_1_63' title='bbox 332 1258 409 1344; x_wconf 88' lang='lat' dir='ltr'>jure</span> <span class='ocrx_word' id='word_1_64' title='bbox 433 1257 599 1324; x_wconf 80' lang='lat' dir='ltr'>dissensus</span> <span class='ocrx_word' id='word_1_65' title='bbox 622 1258 732 1345; x_wconf 80' lang='lat' dir='ltr'>quoad</span> <span class='ocrx_word' id='word_1_66' title='bbox 755 1257 927 1344; x_wconf 90' lang='lat' dir='ltr'>epistolam</span> <span class='ocrx_word' id='word_1_67' title='bbox 951 1259 1148 1345; x_wconf 82' lang='lat' dir='ltr'>Agathonis.</span> <span class='ocrx_word' id='word_1_68' title='bbox 1171 1259 1277 1326; x_wconf 87' lang='lat' dir='ltr'>Haud</span> <span class='ocrx_word' id='word_1_69' title='bbox 1300 1260 1350 1324; x_wconf 91' lang='lat' dir='ltr'>du-</span> 
     </span>
     <span class='ocr_line' id='line_1_10' title="bbox 237 1354 1352 1444; baseline 0.002 -24"><span class='ocrx_word' id='word_1_70' title='bbox 237 1354 331 1420; x_wconf 90' lang='lat' dir='ltr'>bium</span> <span class='ocrx_word' id='word_1_71' title='bbox 355 1364 421 1438; x_wconf 91' lang='lat' dir='ltr'>est,</span> <span class='ocrx_word' id='word_1_72' title='bbox 446 1358 525 1442; x_wconf 90' lang='lat' dir='ltr'>quin</span> <span class='ocrx_word' id='word_1_73' title='bbox 550 1359 644 1444; x_wconf 89' lang='lat' dir='ltr'>ipsis,</span> <span class='ocrx_word' id='word_1_74' title='bbox 660 1359 687 1422; x_wconf 91' lang='lat' dir='ltr'>si</span> <span class='ocrx_word' id='word_1_75' title='bbox 703 1356 745 1422; x_wconf 90' lang='lat' dir='ltr'>ab</span> <span class='ocrx_word' id='word_1_76' title='bbox 761 1357 899 1442; x_wconf 89' lang='lat' dir='ltr'>epistola</span> <span class='ocrx_word' id='word_1_77' title='bbox 922 1357 985 1424; x_wconf 90' lang='lat' dir='ltr'>hac</span> <span class='ocrx_word' id='word_1_78' title='bbox 1009 1358 1242 1442; x_wconf 79' lang='lat' dir='ltr'>dissentirent,</span> <span class='ocrx_word' id='word_1_79' title='bbox 1268 1358 1352 1424; x_wconf 88' lang='lat' dir='ltr'>dem·</span> 
     </span>
     <span class='ocr_line' id='line_1_11' title="bbox 238 1453 1353 1542; baseline 0.002 -24"><span class='ocrx_word' id='word_1_80' title='bbox 238 1455 327 1518; x_wconf 88' lang='lat' dir='ltr'>natio</span> <span class='ocrx_word' id='word_1_81' title='bbox 351 1464 485 1540; x_wconf 88' lang='lat' dir='ltr'>propter</span> <span class='ocrx_word' id='word_1_82' title='bbox 507 1453 670 1542; x_wconf 81' lang='lat' dir='ltr'>haeresim</span> <span class='ocrx_word' id='word_1_83' title='bbox 695 1457 849 1537; x_wconf 79' lang='lat' dir='ltr'>instaret,</span> <span class='ocrx_word' id='word_1_84' title='bbox 875 1459 922 1521; x_wconf 89' lang='lat' dir='ltr'>uti</span> <span class='ocrx_word' id='word_1_85' title='bbox 945 1478 1060 1542; x_wconf 82' lang='lat' dir='ltr'>reapse</span> <span class='ocrx_word' id='word_1_86' title='bbox 1075 1456 1245 1520; x_wconf 82' lang='lat' dir='ltr'>Macarius</span> <span class='ocrx_word' id='word_1_87' title='bbox 1268 1456 1353 1520; x_wconf 89' lang='lat' dir='ltr'>dem·</span> 
     </span>
     <span class='ocr_line' id='line_1_12' title="bbox 237 1551 1353 1640; baseline 0.002 -24"><span class='ocrx_word' id='word_1_88' title='bbox 237 1561 334 1616; x_wconf 87' lang='lat' dir='ltr'>natus</span> <span class='ocrx_word' id='word_1_89' title='bbox 357 1551 430 1618; x_wconf 89' lang='lat' dir='ltr'>iuit.</span> <span class='ocrx_word' id='word_1_90' title='bbox 477 1552 569 1618; x_wconf 87' lang='lat' dir='ltr'>Nihil</span> <span class='ocrx_word' id='word_1_91' title='bbox 593 1555 694 1640; x_wconf 87' lang='lat' dir='ltr'>igitur</span> <span class='ocrx_word' id='word_1_92' title='bbox 722 1577 764 1618; x_wconf 93' lang='lat' dir='ltr'>ex</span> <span class='ocrx_word' id='word_1_93' title='bbox 793 1557 1003 1620; x_wconf 87' lang='lat' dir='ltr'>concessione</span> <span class='ocrx_word' id='word_1_94' title='bbox 1027 1554 1084 1620; x_wconf 89' lang='lat' dir='ltr'>illa</span> <span class='ocrx_word' id='word_1_95' title='bbox 1107 1563 1224 1620; x_wconf 88' lang='lat' dir='ltr'>contra</span> <span class='ocrx_word' id='word_1_96' title='bbox 1248 1563 1353 1619; x_wconf 87' lang='lat' dir='ltr'>aueto-</span> 
     </span>
     <span class='ocr_line' id='line_1_13' title="bbox 237 1648 1352 1738; baseline 0.002 -24"><span class='ocrx_word' id='word_1_97' title='bbox 237 1652 368 1716; x_wconf 88' lang='lat' dir='ltr'>ritatem</span> <span class='ocrx_word' id='word_1_98' title='bbox 383 1648 662 1718; x_wconf 82' lang='lat' dir='ltr'>Constitutionum</span> <span class='ocrx_word' id='word_1_99' title='bbox 678 1653 716 1718; x_wconf 90' lang='lat' dir='ltr'>R.</span> <span class='ocrx_word' id='word_1_100' title='bbox 730 1651 900 1718; x_wconf 87' lang='lat' dir='ltr'>Pontificis</span> <span class='ocrx_word' id='word_1_101' title='bbox 922 1663 1029 1738; x_wconf 90' lang='lat' dir='ltr'>potest</span> <span class='ocrx_word' id='word_1_102' title='bbox 1051 1651 1214 1738; x_wconf 87' lang='lat' dir='ltr'>inferri¹).</span> <span class='ocrx_word' id='word_1_103' title='bbox 1231 1691 1275 1700; x_wconf 92' lang='lat'><em>-</em></span> <span class='ocrx_word' id='word_1_104' title='bbox 1289 1652 1352 1718; x_wconf 84' lang='lat' dir='ltr'>Sed</span> 
     </span>
    </p>
   </div>
   <div class='ocr_carea' id='block_1_4' title="bbox 237 1809 1355 2683">
    <p class='ocr_par' dir='ltr' id='par_1_4' title="bbox 237 1809 1355 2683">
     <span class='ocr_line' id='line_1_14' title="bbox 314 1809 1353 1878; baseline 0 -13"><span class='ocrx_word' id='word_1_105' title='bbox 314 1811 336 1878; x_wconf 89' lang='lat'>¹)</span> <span class='ocrx_word' id='word_1_106' title='bbox 356 1809 424 1865; x_wconf 85' lang='lat' dir='ltr'>Rem</span> <span class='ocrx_word' id='word_1_107' title='bbox 443 1809 528 1864; x_wconf 87' lang='lat' dir='ltr'>insius</span> <span class='ocrx_word' id='word_1_108' title='bbox 548 1811 658 1878; x_wconf 86' lang='lat' dir='ltr'>exponit</span> <span class='ocrx_word' id='word_1_109' title='bbox 676 1809 839 1878; x_wconf 82' lang='lat' dir='ltr'>Muazarelli,</span> <span class='ocrx_word' id='word_1_110' title='bbox 850 1811 890 1866; x_wconf 91' lang='lat' dir='ltr'>De</span> <span class='ocrx_word' id='word_1_111' title='bbox 908 1811 1074 1866; x_wconf 88' lang='lat' dir='ltr'>auctoritate</span> <span class='ocrx_word' id='word_1_112' title='bbox 1091 1811 1167 1866; x_wconf 85' lang='lat' dir='ltr'>Rom</span> <span class='ocrx_word' id='word_1_113' title='bbox 1187 1811 1270 1867; x_wconf 89' lang='lat' dir='ltr'>Pont.</span> <span class='ocrx_word' id='word_1_114' title='bbox 1282 1811 1353 1866; x_wconf 82' lang='lat' dir='ltr'>Tem</span> 
     </span>
     <span class='ocr_line' id='line_1_15' title="bbox 237 1889 1353 1962; baseline -0.003 -16"><span class='ocrx_word' id='word_1_115' title='bbox 237 1889 272 1946; x_wconf 81' lang='lat' dir='ltr'>ll</span> <span class='ocrx_word' id='word_1_116' title='bbox 291 1905 312 1944; x_wconf 85' lang='lat' dir='ltr'>c</span> <span class='ocrx_word' id='word_1_117' title='bbox 332 1889 365 1944; x_wconf 67' lang='lat' dir='ltr'>X</span> <span class='ocrx_word' id='word_1_118' title='bbox 384 1889 408 1962; x_wconf 66' lang='grc'>5.</span> <span class='ocrx_word' id='word_1_119' title='bbox 429 1893 453 1945; x_wconf 79' lang='lat'>5.</span> <span class='ocrx_word' id='word_1_120' title='bbox 472 1893 544 1958; x_wconf 86' lang='lat' dir='ltr'>Apte</span> <span class='ocrx_word' id='word_1_121' title='bbox 562 1891 596 1945; x_wconf 86' lang='lat' dir='ltr'>sd</span> <span class='ocrx_word' id='word_1_122' title='bbox 614 1892 798 1958; x_wconf 87' lang='lat' dir='ltr'>quaestionem</span> <span class='ocrx_word' id='word_1_123' title='bbox 816 1892 849 1946; x_wconf 89' lang='lat' dir='ltr'>de</span> <span class='ocrx_word' id='word_1_124' title='bbox 866 1891 1031 1946; x_wconf 87' lang='lat' dir='ltr'>retractione</span> <span class='ocrx_word' id='word_1_125' title='bbox 1049 1889 1286 1946; x_wconf 87' lang='lat' dir='ltr'>constitutionum</span> <span class='ocrx_word' id='word_1_126' title='bbox 1299 1891 1353 1945; x_wconf 84' lang='lat' dir='ltr'>BR.</span> 
     </span>
     <span class='ocr_line' id='line_1_16' title="bbox 238 1971 1354 2040; baseline -0.002 -14"><span class='ocrx_word' id='word_1_127' title='bbox 238 1971 292 2026; x_wconf 89' lang='lat' dir='ltr'>PP.</span> <span class='ocrx_word' id='word_1_128' title='bbox 311 1971 522 2027; x_wconf 81' lang='lat' dir='ltr'>animadvertit:</span> <span class='ocrx_word' id='word_1_129' title='bbox 549 1973 656 2040; x_wconf 81' lang='lat' dir='ltr'>,Atque</span> <span class='ocrx_word' id='word_1_130' title='bbox 680 1978 713 2028; x_wconf 88' lang='lat' dir='ltr'>ut</span> <span class='ocrx_word' id='word_1_131' title='bbox 736 1987 824 2028; x_wconf 86' lang='lat' dir='ltr'>meam</span> <span class='ocrx_word' id='word_1_132' title='bbox 841 1971 1006 2026; x_wconf 83' lang='lat' dir='ltr'>senteutiam</span> <span class='ocrx_word' id='word_1_133' title='bbox 1033 1971 1117 2028; x_wconf 86' lang='lat' dir='ltr'>libere</span> <span class='ocrx_word' id='word_1_134' title='bbox 1134 1972 1287 2040; x_wconf 84' lang='lat' dir='ltr'>proferam,</span> <span class='ocrx_word' id='word_1_135' title='bbox 1305 1987 1354 2027; x_wconf 91' lang='lat' dir='ltr'>non</span> 
     </span>
     <span class='ocr_line' id='line_1_17' title="bbox 238 2050 1354 2120; baseline 0 -14"><span class='ocrx_word' id='word_1_136' title='bbox 238 2050 373 2120; x_wconf 78' lang='lat' dir='ltr'>intelligo,</span> <span class='ocrx_word' id='word_1_137' title='bbox 392 2066 475 2118; x_wconf 89' lang='lat' dir='ltr'>quare</span> <span class='ocrx_word' id='word_1_138' title='bbox 494 2052 643 2108; x_wconf 89' lang='lat' dir='ltr'>omnimode</span> <span class='ocrx_word' id='word_1_139' title='bbox 661 2053 821 2110; x_wconf 84' lang='lat' dir='ltr'>retractatio</span> <span class='ocrx_word' id='word_1_140' title='bbox 843 2052 878 2108; x_wconf 87' lang='lat' dir='ltr'>de</span> <span class='ocrx_word' id='word_1_141' title='bbox 895 2051 1141 2108; x_wconf 76' lang='lat' dir='ltr'>constitutionibus</span> <span class='ocrx_word' id='word_1_142' title='bbox 1159 2053 1312 2110; x_wconf 84' lang='lat' dir='ltr'>Pontificiis</span> <span class='ocrx_word' id='word_1_143' title='bbox 1328 2052 1354 2106; x_wconf 89' lang='lat' dir='ltr'>iu</span> 
     </span>
     <span class='ocr_line' id='line_1_18' title="bbox 237 2130 1354 2202; baseline 0.002 -18"><span class='ocrx_word' id='word_1_144' title='bbox 237 2130 326 2185; x_wconf 87' lang='lat' dir='ltr'>causis</span> <span class='ocrx_word' id='word_1_145' title='bbox 357 2131 380 2186; x_wconf 92' lang='lat' dir='ltr'>si</span> <span class='ocrx_word' id='word_1_146' title='bbox 411 2137 483 2186; x_wconf 86' lang='lat' dir='ltr'>recte</span> <span class='ocrx_word' id='word_1_147' title='bbox 502 2131 652 2202; x_wconf 80' lang='lat' dir='ltr'>explicetur</span> <span class='ocrx_word' id='word_1_148' title='bbox 669 2133 817 2188; x_wconf 87' lang='lat' dir='ltr'>recusanda</span> <span class='ocrx_word' id='word_1_149' title='bbox 835 2132 873 2186; x_wconf 88' lang='lat' dir='ltr'>sit</span> <span class='ocrx_word' id='word_1_150' title='bbox 891 2131 1021 2200; x_wconf 89' lang='lat' dir='ltr'>episeopis</span> <span class='ocrx_word' id='word_1_151' title='bbox 1038 2133 1097 2190; x_wconf 84' lang='lat' dir='ltr'>sive</span> <span class='ocrx_word' id='word_1_152' title='bbox 1114 2133 1144 2188; x_wconf 92' lang='lat' dir='ltr'>in</span> <span class='ocrx_word' id='word_1_153' title='bbox 1162 2134 1284 2190; x_wconf 86' lang='lat' dir='ltr'>Concilio</span> <span class='ocrx_word' id='word_1_154' title='bbox 1301 2134 1354 2188; x_wconf 86' lang='lat' dir='ltr'>sire</span> 
     </span>
     <span class='ocr_line' id='line_1_19' title="bbox 238 2209 1353 2280; baseline 0.002 -17"><span class='ocrx_word' id='word_1_155' title='bbox 238 2215 317 2264; x_wconf 87' lang='lat' dir='ltr'>extre</span> <span class='ocrx_word' id='word_1_156' title='bbox 327 2209 488 2278; x_wconf 80' lang='lat' dir='ltr'>Concilium,</span> <span class='ocrx_word' id='word_1_157' title='bbox 498 2213 587 2280; x_wconf 87' lang='lat' dir='ltr'>posita</span> <span class='ocrx_word' id='word_1_158' title='bbox 597 2213 679 2268; x_wconf 87' lang='lat' dir='ltr'>etiarn</span> <span class='ocrx_word' id='word_1_159' title='bbox 690 2211 940 2268; x_wconf 81' lang='lat' dir='ltr'>irreformabilitate</span> <span class='ocrx_word' id='word_1_160' title='bbox 951 2211 1103 2280; x_wconf 88' lang='lat' dir='ltr'>hujusmodi</span> <span class='ocrx_word' id='word_1_161' title='bbox 1116 2211 1353 2268; x_wconf 79' lang='lat' dir='ltr'>constitutionum.</span> 
     </span>
     <span class='ocr_line' id='line_1_20' title="bbox 238 2288 1353 2362; baseline 0.002 -19"><span class='ocrx_word' id='word_1_162' title='bbox 238 2288 367 2344; x_wconf 85' lang='lat' dir='ltr'>Subsistit</span> <span class='ocrx_word' id='word_1_163' title='bbox 386 2291 456 2345; x_wconf 89' lang='lat' dir='ltr'>enim</span> <span class='ocrx_word' id='word_1_164' title='bbox 474 2307 579 2360; x_wconf 87' lang='lat' dir='ltr'>semper</span> <span class='ocrx_word' id='word_1_165' title='bbox 597 2297 626 2347; x_wconf 91' lang='lat' dir='ltr'>et</span> <span class='ocrx_word' id='word_1_166' title='bbox 642 2292 743 2360; x_wconf 88' lang='lat' dir='ltr'>ubique</span> <span class='ocrx_word' id='word_1_167' title='bbox 762 2291 934 2360; x_wconf 87' lang='lat' dir='ltr'>inepiscopis</span> <span class='ocrx_word' id='word_1_168' title='bbox 953 2292 1101 2346; x_wconf 85' lang='lat' dir='ltr'>auctoritas</span> <span class='ocrx_word' id='word_1_169' title='bbox 1119 2292 1274 2362; x_wconf 78' lang='lat' dir='ltr'>originaria</span> <span class='ocrx_word' id='word_1_170' title='bbox 1288 2291 1353 2362; x_wconf 87' lang='lat' dir='ltr'>judi·</span> 
     </span>
     <span class='ocr_line' id='line_1_21' title="bbox 238 2369 1355 2440; baseline 0.004 -16"><span class='ocrx_word' id='word_1_171' title='bbox 238 2370 317 2425; x_wconf 72' lang='lat' dir='ltr'>oendi</span> <span class='ocrx_word' id='word_1_172' title='bbox 336 2371 455 2436; x_wconf 85' lang='lat' dir='ltr'>deiide,</span> <span class='ocrx_word' id='word_1_173' title='bbox 474 2378 503 2426; x_wconf 88' lang='lat' dir='ltr'>et</span> <span class='ocrx_word' id='word_1_174' title='bbox 520 2372 555 2426; x_wconf 89' lang='lat' dir='ltr'>ab</span> <span class='ocrx_word' id='word_1_175' title='bbox 578 2371 611 2426; x_wconf 89' lang='lat' dir='ltr'>iis</span> <span class='ocrx_word' id='word_1_176' title='bbox 638 2373 756 2427; x_wconf 81' lang='lat' dir='ltr'>exerceri</span> <span class='ocrx_word' id='word_1_177' title='bbox 774 2377 865 2440; x_wconf 87' lang='lat' dir='ltr'>potest</span> <span class='ocrx_word' id='word_1_178' title='bbox 889 2377 948 2425; x_wconf 89' lang='lat' dir='ltr'>turn</span> <span class='ocrx_word' id='word_1_179' title='bbox 967 2369 1037 2425; x_wconf 90' lang='lat' dir='ltr'>circa</span> <span class='ocrx_word' id='word_1_180' title='bbox 1061 2372 1140 2428; x_wconf 85' lang='lat' dir='ltr'>fidem</span> <span class='ocrx_word' id='word_1_181' title='bbox 1158 2373 1323 2428; x_wconf 77' lang='lat' dir='ltr'>declantenr</span> <span class='ocrx_word' id='word_1_182' title='bbox 1340 2389 1355 2420; x_wconf 79' lang='lat' dir='ltr'>u</span> 
     </span>
     <span class='ocr_line' id='line_1_22' title="bbox 239 2449 1354 2518; baseline 0.004 -14"><span class='ocrx_word' id='word_1_183' title='bbox 239 2449 367 2504; x_wconf 78' lang='lat' dir='ltr'>Conciliis</span> <span class='ocrx_word' id='word_1_184' title='bbox 391 2453 581 2518; x_wconf 83' lang='lat' dir='ltr'>oecumenicis,</span> <span class='ocrx_word' id='word_1_185' title='bbox 610 2461 669 2510; x_wconf 84' lang='lat' dir='ltr'>turn</span> <span class='ocrx_word' id='word_1_186' title='bbox 694 2453 766 2508; x_wconf 88' lang='lat' dir='ltr'>circa</span> <span class='ocrx_word' id='word_1_187' title='bbox 790 2453 868 2508; x_wconf 85' lang='lat' dir='ltr'>tideus</span> <span class='ocrx_word' id='word_1_188' title='bbox 886 2459 1041 2508; x_wconf 84' lang='lat' dir='ltr'>contentam</span> <span class='ocrx_word' id='word_1_189' title='bbox 1064 2454 1094 2508; x_wconf 89' lang='lat' dir='ltr'>iu</span> <span class='ocrx_word' id='word_1_190' title='bbox 1112 2451 1354 2508; x_wconf 75' lang='lat' dir='ltr'>constitutionibus</span> 
     </span>
     <span class='ocr_line' id='line_1_23' title="bbox 240 2529 1355 2602; baseline 0.003 -18"><span class='ocrx_word' id='word_1_191' title='bbox 240 2529 380 2585; x_wconf 79' lang='lat' dir='ltr'>Pontificio</span> <span class='ocrx_word' id='word_1_192' title='bbox 406 2530 580 2602; x_wconf 79' lang='lat' dir='ltr'>dogmaticis,</span> <span class='ocrx_word' id='word_1_193' title='bbox 608 2533 642 2588; x_wconf 88' lang='lat' dir='ltr'>ad</span> <span class='ocrx_word' id='word_1_194' title='bbox 665 2549 724 2590; x_wconf 83' lang='lat' dir='ltr'>eeni</span> <span class='ocrx_word' id='word_1_195' title='bbox 751 2531 959 2588; x_wconf 84' lang='lat' dir='ltr'>confirmandam</span> <span class='ocrx_word' id='word_1_196' title='bbox 977 2538 1006 2587; x_wconf 91' lang='lat' dir='ltr'>et</span> <span class='ocrx_word' id='word_1_197' title='bbox 1023 2548 1074 2588; x_wconf 89' lang='lat' dir='ltr'>sue</span> <span class='ocrx_word' id='word_1_198' title='bbox 1091 2533 1267 2588; x_wconf 85' lang='lat' dir='ltr'>consensione</span> <span class='ocrx_word' id='word_1_199' title='bbox 1284 2531 1355 2588; x_wconf 79' lang='lat' dir='ltr'>sobo</span> 
     </span>
     <span class='ocr_line' id='line_1_24' title="bbox 240 2611 1354 2683; baseline 0.002 -19"><span class='ocrx_word' id='word_1_200' title='bbox 240 2611 360 2666; x_wconf 88' lang='lat' dir='ltr'>rendam.</span> <span class='ocrx_word' id='word_1_201' title='bbox 397 2611 435 2666; x_wconf 84' lang='lat' dir='ltr'>Et</span> <span class='ocrx_word' id='word_1_202' title='bbox 453 2613 481 2666; x_wconf 93' lang='lat' dir='ltr'>in</span> <span class='ocrx_word' id='word_1_203' title='bbox 500 2613 549 2667; x_wconf 89' lang='lat' dir='ltr'>hoe</span> <span class='ocrx_word' id='word_1_204' title='bbox 567 2613 694 2668; x_wconf 88' lang='lat' dir='ltr'>consistit</span> <span class='ocrx_word' id='word_1_205' title='bbox 712 2613 856 2668; x_wconf 79' lang='lat' dir='ltr'>diversitas</span> <span class='ocrx_word' id='word_1_206' title='bbox 876 2613 1068 2682; x_wconf 84' lang='lat' dir='ltr'>acceptationis</span> <span class='ocrx_word' id='word_1_207' title='bbox 1086 2612 1247 2683; x_wconf 89' lang='lat' dir='ltr'>episcopalis</span> <span class='ocrx_word' id='word_1_208' title='bbox 1265 2613 1299 2668; x_wconf 87' lang='lat' dir='ltr'>sb</span> <span class='ocrx_word' id='word_1_209' title='bbox 1316 2627 1354 2666; x_wconf 88' lang='lat' dir='ltr'>ee·</span> 
     </span>
    </p>
   </div>
   <div class='ocr_carea' id='block_1_5' title="bbox 239 2687 1444 2762">
    <p class='ocr_par' dir='ltr' id='par_1_5' title="bbox 239 2687 1444 2762">
     <span class='ocr_line' id='line_1_25' title="bbox 239 2687 1444 2762; baseline 0.001 -17"><span class='ocrx_word' id='word_1_210' title='bbox 239 2693 392 2759; x_wconf 85' lang='lat' dir='ltr'>captatione</span> <span class='ocrx_word' id='word_1_211' title='bbox 411 2699 577 2748; x_wconf 89' lang='lat' dir='ltr'>caeterorum</span> <span class='ocrx_word' id='word_1_212' title='bbox 605 2693 735 2760; x_wconf 83' lang='lat' dir='ltr'>fidelium,</span> <span class='ocrx_word' id='word_1_213' title='bbox 754 2693 783 2748; x_wconf 88' lang='lat' dir='ltr'>in</span> <span class='ocrx_word' id='word_1_214' title='bbox 807 2698 938 2761; x_wconf 87' lang='lat' dir='ltr'>quantum</span> <span class='ocrx_word' id='word_1_215' title='bbox 961 2693 1110 2762; x_wconf 88' lang='lat' dir='ltr'>acceptatio</span> <span class='ocrx_word' id='word_1_216' title='bbox 1129 2693 1290 2761; x_wconf 86' lang='lat' dir='ltr'>episcopalis</span> <span class='ocrx_word' id='word_1_217' title='bbox 1307 2707 1354 2746; x_wconf 87' lang='lat' dir='ltr'>non</span> <span class='ocrx_word' id='word_1_218' title='bbox 1443 2687 1444 2733; x_wconf 70' lang='lat' dir='ltr'>l</span> 
     </span>
    </p>
   </div>
   <div class='ocr_carea' id='block_1_6' title="bbox 235 2771 1355 4289">
    <p class='ocr_par' dir='ltr' id='par_1_6' title="bbox 235 2771 1355 4289">
     <span class='ocr_line' id='line_1_26' title="bbox 238 2771 1355 2842; baseline 0 -16"><span class='ocrx_word' id='word_1_219' title='bbox 238 2779 281 2826; x_wconf 90' lang='lat' dir='ltr'>est</span> <span class='ocrx_word' id='word_1_220' title='bbox 307 2772 392 2828; x_wconf 88' lang='lat' dir='ltr'>solum</span> <span class='ocrx_word' id='word_1_221' title='bbox 416 2781 493 2828; x_wconf 88' lang='lat' dir='ltr'>actus</span> <span class='ocrx_word' id='word_1_222' title='bbox 520 2773 721 2840; x_wconf 87' lang='lat' dir='ltr'>obedientialis,</span> <span class='ocrx_word' id='word_1_223' title='bbox 744 2773 790 2828; x_wconf 88' lang='lat' dir='ltr'>sed</span> <span class='ocrx_word' id='word_1_224' title='bbox 815 2771 897 2828; x_wconf 86' lang='lat' dir='ltr'>etiem</span> <span class='ocrx_word' id='word_1_225' title='bbox 923 2787 1003 2828; x_wconf 83' lang='lat' dir='ltr'>verus</span> <span class='ocrx_word' id='word_1_226' title='bbox 1029 2779 1106 2828; x_wconf 88' lang='lat' dir='ltr'>actus</span> <span class='ocrx_word' id='word_1_227' title='bbox 1129 2773 1272 2842; x_wconf 84' lang='lat' dir='ltr'>judicialis</span> <span class='ocrx_word' id='word_1_228' title='bbox 1289 2773 1355 2826; x_wconf 85' lang='lat' dir='ltr'>circe</span> 
     </span>
     <span class='ocr_line' id='line_1_27' title="bbox 238 2851 1355 2920; baseline -0.003 -12"><span class='ocrx_word' id='word_1_229' title='bbox 238 2853 331 2920; x_wconf 68' lang='lat' dir='ltr'>iidem</span> <span class='ocrx_word' id='word_1_230' title='bbox 350 2858 379 2907; x_wconf 91' lang='lat' dir='ltr'>et</span> <span class='ocrx_word' id='word_1_231' title='bbox 397 2854 456 2910; x_wconf 86' lang='lat' dir='ltr'>ideo</span> <span class='ocrx_word' id='word_1_232' title='bbox 474 2859 587 2910; x_wconf 84' lang='lat' dir='ltr'>vocatur</span> <span class='ocrx_word' id='word_1_233' title='bbox 614 2853 780 2909; x_wconf 81' lang='lat' dir='ltr'>confirmatio</span> <span class='ocrx_word' id='word_1_234' title='bbox 799 2852 860 2909; x_wconf 87' lang='lat' dir='ltr'>ildei</span> <span class='ocrx_word' id='word_1_235' title='bbox 888 2854 1085 2909; x_wconf 78' lang='lat' dir='ltr'>auctoritative</span> <span class='ocrx_word' id='word_1_236' title='bbox 1101 2860 1132 2908; x_wconf 92' lang='lat' dir='ltr'>et</span> <span class='ocrx_word' id='word_1_237' title='bbox 1148 2855 1295 2918; x_wconf 72' lang='lat' dir='ltr'>mnonice,</span> <span class='ocrx_word' id='word_1_238' title='bbox 1313 2851 1355 2907; x_wconf 86' lang='lat' dir='ltr'>nbi</span> 
     </span>
     <span class='ocr_line' id='line_1_28' title="bbox 238 2933 1355 3004; baseline -0.002 -14"><span class='ocrx_word' id='word_1_239' title='bbox 238 2950 254 2990; x_wconf 92' lang='lat' dir='ltr'>e</span> <span class='ocrx_word' id='word_1_240' title='bbox 273 2935 408 2990; x_wconf 86' lang='lat' dir='ltr'>contrario</span> <span class='ocrx_word' id='word_1_241' title='bbox 427 2935 577 3004; x_wconf 81' lang='lat' dir='ltr'>acceptatio</span> <span class='ocrx_word' id='word_1_242' title='bbox 589 2941 756 2990; x_wconf 84' lang='lat' dir='ltr'>caeterorum</span> <span class='ocrx_word' id='word_1_243' title='bbox 769 2933 951 2990; x_wconf 81' lang='lat' dir='ltr'>fideliumnou</span> <span class='ocrx_word' id='word_1_244' title='bbox 969 2937 1012 2990; x_wconf 90' lang='lat' dir='ltr'>est</span> <span class='ocrx_word' id='word_1_245' title='bbox 1029 2934 1083 2990; x_wconf 89' lang='lat' dir='ltr'>nisi</span> <span class='ocrx_word' id='word_1_246' title='bbox 1099 2949 1183 3002; x_wconf 87' lang='lat' dir='ltr'>purus</span> <span class='ocrx_word' id='word_1_247' title='bbox 1201 2945 1282 2990; x_wconf 81' lang='lat' dir='ltr'>actus</span> <span class='ocrx_word' id='word_1_248' title='bbox 1298 2933 1355 2988; x_wconf 81' lang='lat' dir='ltr'>obe-</span> 
     </span>
     <span class='ocr_line' id='line_1_29' title="bbox 238 3011 1355 3084; baseline -0.003 -16"><span class='ocrx_word' id='word_1_249' title='bbox 238 3015 379 3070; x_wconf 85' lang='lat' dir='ltr'>dientialis</span> <span class='ocrx_word' id='word_1_250' title='bbox 398 3015 498 3084; x_wconf 84' lang='lat' dir='ltr'>absque</span> <span class='ocrx_word' id='word_1_251' title='bbox 516 3013 710 3084; x_wconf 79' lang='lat' dir='ltr'>praerogative</span> <span class='ocrx_word' id='word_1_252' title='bbox 724 3014 828 3083; x_wconf 86' lang='lat' dir='ltr'>judicii.</span> <span class='ocrx_word' id='word_1_253' title='bbox 847 3057 854 3072; x_wconf 90' lang='lat'><em>.</em></span> <span class='ocrx_word' id='word_1_254' title='bbox 874 3056 881 3071; x_wconf 88' lang='lat'><strong>.</strong></span> <span class='ocrx_word' id='word_1_255' title='bbox 900 3014 1028 3070; x_wconf 84' lang='lat' dir='ltr'>Jemvero</span> <span class='ocrx_word' id='word_1_256' title='bbox 1046 3019 1180 3081; x_wconf 74' lang='lat' dir='ltr'>quamnus</span> <span class='ocrx_word' id='word_1_257' title='bbox 1199 3011 1355 3082; x_wconf 82' lang='lat' dir='ltr'>approbatio</span> 
     </span>
     <span class='ocr_line' id='line_1_30' title="bbox 238 3091 1354 3164; baseline -0.004 -16"><span class='ocrx_word' id='word_1_258' title='bbox 238 3095 398 3164; x_wconf 84' lang='lat' dir='ltr'>episcopalis</span> <span class='ocrx_word' id='word_1_259' title='bbox 418 3095 585 3150; x_wconf 77' lang='lat' dir='ltr'>decretorum</span> <span class='ocrx_word' id='word_1_260' title='bbox 603 3100 645 3150; x_wconf 91' lang='lat' dir='ltr'>est</span> <span class='ocrx_word' id='word_1_261' title='bbox 663 3099 741 3148; x_wconf 89' lang='lat' dir='ltr'>actus</span> <span class='ocrx_word' id='word_1_262' title='bbox 759 3093 935 3160; x_wconf 85' lang='lat' dir='ltr'>obedientiae,</span> <span class='ocrx_word' id='word_1_263' title='bbox 962 3093 1012 3148; x_wconf 88' lang='lat' dir='ltr'>boc</span> <span class='ocrx_word' id='word_1_264' title='bbox 1030 3091 1131 3159; x_wconf 82' lang='lat' dir='ltr'>efficit,</span> <span class='ocrx_word' id='word_1_265' title='bbox 1154 3098 1186 3146; x_wconf 89' lang='lat' dir='ltr'>ut</span> <span class='ocrx_word' id='word_1_266' title='bbox 1205 3109 1260 3148; x_wconf 92' lang='lat' dir='ltr'>non</span> <span class='ocrx_word' id='word_1_267' title='bbox 1279 3092 1354 3146; x_wconf 84' lang='lat' dir='ltr'>liceat</span> 
     </span>
     <span class='ocr_line' id='line_1_31' title="bbox 238 3171 1353 3244; baseline -0.002 -16"><span class='ocrx_word' id='word_1_268' title='bbox 238 3175 369 3244; x_wconf 87' lang='lat' dir='ltr'>episcopis</span> <span class='ocrx_word' id='word_1_269' title='bbox 398 3191 431 3230; x_wconf 91' lang='lat' dir='ltr'>ea</span> <span class='ocrx_word' id='word_1_270' title='bbox 454 3191 507 3230; x_wconf 87' lang='lat' dir='ltr'>non</span> <span class='ocrx_word' id='word_1_271' title='bbox 534 3174 696 3244; x_wconf 88' lang='lat' dir='ltr'>approbere;</span> <span class='ocrx_word' id='word_1_272' title='bbox 715 3175 762 3230; x_wconf 85' lang='lat' dir='ltr'>sed</span> <span class='ocrx_word' id='word_1_273' title='bbox 786 3179 919 3241; x_wconf 72' lang='lat' dir='ltr'>quamnus</span> <span class='ocrx_word' id='word_1_274' title='bbox 942 3179 984 3229; x_wconf 90' lang='lat' dir='ltr'>est</span> <span class='ocrx_word' id='word_1_275' title='bbox 1002 3180 1079 3228; x_wconf 86' lang='lat' dir='ltr'>actus</span> <span class='ocrx_word' id='word_1_276' title='bbox 1098 3173 1273 3240; x_wconf 62' lang='lat' dir='ltr'>aucuritstis</span> <span class='ocrx_word' id='word_1_277' title='bbox 1288 3171 1353 3242; x_wconf 83' lang='lat' dir='ltr'>juii-</span> 
     </span>
     <span class='ocr_line' id='line_1_32' title="bbox 237 3253 1352 3322; baseline -0.004 -12"><span class='ocrx_word' id='word_1_278' title='bbox 237 3254 332 3322; x_wconf 83' lang='lat' dir='ltr'>eislis,</span> <span class='ocrx_word' id='word_1_279' title='bbox 351 3255 400 3311; x_wconf 86' lang='lat' dir='ltr'>boc</span> <span class='ocrx_word' id='word_1_280' title='bbox 418 3257 518 3321; x_wconf 73' lang='lat' dir='ltr'>eflicit,</span> <span class='ocrx_word' id='word_1_281' title='bbox 544 3261 578 3311; x_wconf 88' lang='lat' dir='ltr'>ut</span> <span class='ocrx_word' id='word_1_282' title='bbox 604 3255 646 3321; x_wconf 85' lang='lat' dir='ltr'>ius</span> <span class='ocrx_word' id='word_1_283' title='bbox 664 3255 784 3310; x_wconf 76' lang='lat' dir='ltr'>hebmnt</span> <span class='ocrx_word' id='word_1_284' title='bbox 802 3255 836 3308; x_wconf 85' lang='lat' dir='ltr'>ad</span> <span class='ocrx_word' id='word_1_285' title='bbox 859 3253 1068 3309; x_wconf 81' lang='lat' dir='ltr'>confirmandam</span> <span class='ocrx_word' id='word_1_286' title='bbox 1085 3253 1163 3308; x_wconf 80' lang='lat' dir='ltr'>tien</span> <span class='ocrx_word' id='word_1_287' title='bbox 1183 3269 1232 3322; x_wconf 85' lang='lat' dir='ltr'>per</span> <span class='ocrx_word' id='word_1_288' title='bbox 1250 3257 1352 3307; x_wconf 82' lang='lat' dir='ltr'>actast</span> 
     </span>
     <span class='ocr_line' id='line_1_33' title="bbox 237 3332 1353 3406; baseline -0.004 -14"><span class='ocrx_word' id='word_1_289' title='bbox 237 3337 364 3404; x_wconf 78' lang='lat' dir='ltr'>probata3</span> <span class='ocrx_word' id='word_1_290' title='bbox 393 3337 515 3406; x_wconf 79' lang='lat' dir='ltr'>quemvis</span> <span class='ocrx_word' id='word_1_291' title='bbox 542 3352 602 3390; x_wconf 90' lang='lat' dir='ltr'>cum</span> <span class='ocrx_word' id='word_1_292' title='bbox 631 3335 851 3392; x_wconf 83' lang='lat' dir='ltr'>subordinatione</span> <span class='ocrx_word' id='word_1_293' title='bbox 877 3335 928 3389; x_wconf 90' lang='lat' dir='ltr'>sub</span> <span class='ocrx_word' id='word_1_294' title='bbox 951 3333 1055 3403; x_wconf 85' lang='lat' dir='ltr'>judicio</span> <span class='ocrx_word' id='word_1_295' title='bbox 1081 3332 1238 3402; x_wconf 78' lang='lat' dir='ltr'>superioris,</span> <span class='ocrx_word' id='word_1_296' title='bbox 1275 3333 1353 3388; x_wconf 81' lang='lat' dir='ltr'>onae</span> 
     </span>
     <span class='ocr_line' id='line_1_34' title="bbox 236 3414 1353 3488; baseline -0.004 -17"><span class='ocrx_word' id='word_1_297' title='bbox 236 3417 308 3472; x_wconf 86' lang='lat' dir='ltr'>eninr</span> <span class='ocrx_word' id='word_1_298' title='bbox 323 3417 455 3488; x_wconf 87' lang='lat' dir='ltr'>judicium</span> <span class='ocrx_word' id='word_1_299' title='bbox 473 3417 712 3484; x_wconf 71' lang='lat' dir='ltr'>arcuncurtis,</span> <span class='ocrx_word' id='word_1_300' title='bbox 737 3421 854 3480; x_wconf 74' lang='lat' dir='ltr'>motum,</span> <span class='ocrx_word' id='word_1_301' title='bbox 882 3421 911 3470; x_wconf 93' lang='lat' dir='ltr'>et</span> <span class='ocrx_word' id='word_1_302' title='bbox 939 3414 1115 3481; x_wconf 83' lang='lat' dir='ltr'>rationabile,</span> <span class='ocrx_word' id='word_1_303' title='bbox 1135 3414 1267 3470; x_wconf 87' lang='lat' dir='ltr'>innititur</span> <span class='ocrx_word' id='word_1_304' title='bbox 1283 3427 1353 3467; x_wconf 81' lang='lat' dir='ltr'>acur-</span> 
     </span>
     <span class='ocr_line' id='line_1_35' title="bbox 237 3490 1352 3568; baseline -0.006 -18"><span class='ocrx_word' id='word_1_305' title='bbox 237 3503 314 3552; x_wconf 91' lang='lat' dir='ltr'>ratae</span> <span class='ocrx_word' id='word_1_306' title='bbox 333 3503 361 3554; x_wconf 90' lang='lat' dir='ltr'>et</span> <span class='ocrx_word' id='word_1_307' title='bbox 379 3497 515 3566; x_wconf 84' lang='lat' dir='ltr'>perfectae</span> <span class='ocrx_word' id='word_1_308' title='bbox 534 3496 683 3568; x_wconf 82' lang='lat' dir='ltr'>cognitioni</span> <span class='ocrx_word' id='word_1_309' title='bbox 697 3512 793 3551; x_wconf 83' lang='lat' dir='ltr'>cumae</span> <span class='ocrx_word' id='word_1_310' title='bbox 806 3495 838 3550; x_wconf 88' lang='lat' dir='ltr'>de</span> <span class='ocrx_word' id='word_1_311' title='bbox 852 3510 906 3564; x_wconf 86' lang='lat' dir='ltr'>qua</span> <span class='ocrx_word' id='word_1_312' title='bbox 918 3495 1013 3564; x_wconf 84' lang='lat' dir='ltr'>agitur</span> <span class='ocrx_word' id='word_1_313' title='bbox 1031 3501 1060 3550; x_wconf 91' lang='lat' dir='ltr'>et</span> <span class='ocrx_word' id='word_1_314' title='bbox 1078 3511 1137 3550; x_wconf 88' lang='lat' dir='ltr'>earn</span> <span class='ocrx_word' id='word_1_315' title='bbox 1156 3490 1352 3564; x_wconf 75' lang='lat' dir='ltr'>praesupponit.</span> 
     </span>
     <span class='ocr_line' id='line_1_36' title="bbox 236 3575 1351 3646; baseline -0.003 -15"><span class='ocrx_word' id='word_1_316' title='bbox 236 3575 364 3646; x_wconf 79' lang='lat' dir='ltr'>cognitio</span> <span class='ocrx_word' id='word_1_317' title='bbox 383 3584 474 3632; x_wconf 87' lang='lat' dir='ltr'>eutem</span> <span class='ocrx_word' id='word_1_318' title='bbox 492 3594 546 3633; x_wconf 93' lang='lat' dir='ltr'>non</span> <span class='ocrx_word' id='word_1_319' title='bbox 565 3575 715 3644; x_wconf 81' lang='lat' dir='ltr'>acquiritur</span> <span class='ocrx_word' id='word_1_320' title='bbox 732 3576 785 3631; x_wconf 90' lang='lat' dir='ltr'>nisi</span> <span class='ocrx_word' id='word_1_321' title='bbox 804 3591 852 3644; x_wconf 91' lang='lat' dir='ltr'>per</span> <span class='ocrx_word' id='word_1_322' title='bbox 870 3575 991 3644; x_wconf 84' lang='lat' dir='ltr'>ejusdem</span> <span class='ocrx_word' id='word_1_323' title='bbox 1010 3589 1107 3629; x_wconf 87' lang='lat' dir='ltr'>censae</span> <span class='ocrx_word' id='word_1_324' title='bbox 1125 3575 1351 3642; x_wconf 78' lang='lat' dir='ltr'>retractationem,</span> 
     </span>
     <span class='ocr_line' id='line_1_37' title="bbox 235 3653 1351 3726; baseline -0.004 -14"><span class='ocrx_word' id='word_1_325' title='bbox 235 3658 295 3712; x_wconf 83' lang='lat' dir='ltr'>sive</span> <span class='ocrx_word' id='word_1_326' title='bbox 314 3674 433 3713; x_wconf 85' lang='lat' dir='ltr'>examen.</span> <span class='ocrx_word' id='word_1_327' title='bbox 462 3659 632 3726; x_wconf 81' lang='lat' dir='ltr'>Quapropter</span> <span class='ocrx_word' id='word_1_328' title='bbox 649 3671 702 3712; x_wconf 84' lang='lat' dir='ltr'>uon</span> <span class='ocrx_word' id='word_1_329' title='bbox 721 3655 813 3722; x_wconf 84' lang='lat' dir='ltr'>video,</span> <span class='ocrx_word' id='word_1_330' title='bbox 833 3671 881 3710; x_wconf 87' lang='lat' dir='ltr'>cur</span> <span class='ocrx_word' id='word_1_331' title='bbox 892 3655 1044 3710; x_wconf 87' lang='lat' dir='ltr'>inerrantia</span> <span class='ocrx_word' id='word_1_332' title='bbox 1062 3655 1230 3710; x_wconf 69' lang='lat' dir='ltr'>deemtormn</span> <span class='ocrx_word' id='word_1_333' title='bbox 1247 3655 1281 3709; x_wconf 87' lang='lat' dir='ltr'>de</span> <span class='ocrx_word' id='word_1_334' title='bbox 1298 3653 1351 3708; x_wconf 82' lang='lat' dir='ltr'>title.</span> 
     </span>
     <span class='ocr_line' id='line_1_38' title="bbox 235 3733 1351 3804; baseline -0.004 -12"><span class='ocrx_word' id='word_1_335' title='bbox 235 3741 294 3794; x_wconf 84' lang='lat' dir='ltr'>sive</span> <span class='ocrx_word' id='word_1_336' title='bbox 304 3739 417 3794; x_wconf 80' lang='lat' dir='ltr'>Consilii</span> <span class='ocrx_word' id='word_1_337' title='bbox 436 3738 611 3803; x_wconf 83' lang='lat' dir='ltr'>universalis,</span> <span class='ocrx_word' id='word_1_338' title='bbox 629 3737 687 3792; x_wconf 80' lang='lat' dir='ltr'>sive</span> <span class='ocrx_word' id='word_1_339' title='bbox 705 3737 739 3792; x_wconf 64' lang='lat' dir='ltr'>li</span> <span class='ocrx_word' id='word_1_340' title='bbox 758 3735 910 3802; x_wconf 75' lang='lat' dir='ltr'>Pontificio,</span> <span class='ocrx_word' id='word_1_341' title='bbox 930 3735 1072 3804; x_wconf 85' lang='lat' dir='ltr'>probibere</span> <span class='ocrx_word' id='word_1_342' title='bbox 1089 3735 1199 3801; x_wconf 66' lang='lat' dir='ltr'>debut,</span> <span class='ocrx_word' id='word_1_343' title='bbox 1218 3733 1351 3802; x_wconf 72' lang='lat' dir='ltr'>quemne</span> 
     </span>
     <span class='ocr_line' id='line_1_39' title="bbox 236 3815 1351 3890; baseline -0.007 -14"><span class='ocrx_word' id='word_1_344' title='bbox 236 3819 354 3890; x_wconf 89' lang='lat' dir='ltr'>episcopi</span> <span class='ocrx_word' id='word_1_345' title='bbox 373 3821 405 3874; x_wconf 87' lang='lat' dir='ltr'>de</span> <span class='ocrx_word' id='word_1_346' title='bbox 415 3820 510 3876; x_wconf 84' lang='lat' dir='ltr'>iisdem</span> <span class='ocrx_word' id='word_1_347' title='bbox 519 3818 634 3874; x_wconf 87' lang='lat' dir='ltr'>decretis</span> <span class='ocrx_word' id='word_1_348' title='bbox 647 3817 867 3872; x_wconf 77' lang='lat' dir='ltr'>retmcationen</span> <span class='ocrx_word' id='word_1_349' title='bbox 878 3817 936 3871; x_wconf 79' lang='lat' dir='ltr'>sire</span> <span class='ocrx_word' id='word_1_350' title='bbox 948 3831 1060 3872; x_wconf 69' lang='lat' dir='ltr'>eumen</span> <span class='ocrx_word' id='word_1_351' title='bbox 1070 3815 1230 3882; x_wconf 76' lang='lat' dir='ltr'>instituam,</span> <span class='ocrx_word' id='word_1_352' title='bbox 1248 3821 1281 3870; x_wconf 88' lang='lat' dir='ltr'>ut</span> <span class='ocrx_word' id='word_1_353' title='bbox 1298 3828 1351 3868; x_wconf 87' lang='lat' dir='ltr'>oos-</span> 
     </span>
     <span class='ocr_line' id='line_1_40' title="bbox 236 3895 1350 3965; baseline -0.004 -10"><span class='ocrx_word' id='word_1_354' title='bbox 236 3901 347 3956; x_wconf 88' lang='lat' dir='ltr'>firment</span> <span class='ocrx_word' id='word_1_355' title='bbox 362 3900 442 3956; x_wconf 83' lang='lat' dir='ltr'>iidem</span> <span class='ocrx_word' id='word_1_356' title='bbox 459 3901 488 3955; x_wconf 89' lang='lat' dir='ltr'>iu</span> <span class='ocrx_word' id='word_1_357' title='bbox 506 3899 541 3954; x_wconf 91' lang='lat' dir='ltr'>iis</span> <span class='ocrx_word' id='word_1_358' title='bbox 560 3897 707 3954; x_wconf 68' lang='lat' dir='ltr'>deliniunt</span> <span class='ocrx_word' id='word_1_359' title='bbox 745 3897 870 3965; x_wconf 81' lang='lat' dir='ltr'>Quinimo</span> <span class='ocrx_word' id='word_1_360' title='bbox 883 3911 917 3952; x_wconf 85' lang='lat' dir='ltr'>ex</span> <span class='ocrx_word' id='word_1_361' title='bbox 928 3895 979 3951; x_wconf 82' lang='lat' dir='ltr'>hec</span> <span class='ocrx_word' id='word_1_362' title='bbox 991 3897 1186 3952; x_wconf 84' lang='lat' dir='ltr'>retractatione</span> <span class='ocrx_word' id='word_1_363' title='bbox 1198 3912 1251 3952; x_wconf 90' lang='lat' dir='ltr'>non</span> <span class='ocrx_word' id='word_1_364' title='bbox 1262 3909 1350 3964; x_wconf 82' lang='lat' dir='ltr'>pssum</span> 
     </span>
     <span class='ocr_line' id='line_1_41' title="bbox 237 3971 1349 4045; baseline -0.01 -9"><span class='ocrx_word' id='word_1_365' title='bbox 237 3980 370 4036; x_wconf 84' lang='lat' dir='ltr'>utilitatis</span> <span class='ocrx_word' id='word_1_366' title='bbox 388 3980 525 4045; x_wconf 75' lang='lat' dir='ltr'>eductus,</span> <span class='ocrx_word' id='word_1_367' title='bbox 554 3984 587 4032; x_wconf 92' lang='lat' dir='ltr'>ut</span> <span class='ocrx_word' id='word_1_368' title='bbox 604 3978 782 4033; x_wconf 87' lang='lat' dir='ltr'>obstruantur</span> <span class='ocrx_word' id='word_1_369' title='bbox 800 3993 847 4032; x_wconf 88' lang='lat' dir='ltr'>ore</span> <span class='ocrx_word' id='word_1_370' title='bbox 864 3976 1073 4042; x_wconf 81' lang='lat' dir='ltr'>baereticorum,</span> <span class='ocrx_word' id='word_1_371' title='bbox 1091 3981 1121 4032; x_wconf 91' lang='lat' dir='ltr'>et</span> <span class='ocrx_word' id='word_1_372' title='bbox 1138 3975 1256 4032; x_wconf 77' lang='lat' dir='ltr'>fidelium</span> <span class='ocrx_word' id='word_1_373' title='bbox 1273 3971 1349 4028; x_wconf 81' lang='lat' dir='ltr'>enini</span> 
     </span>
     <span class='ocr_line' id='line_1_42' title="bbox 236 4051 1350 4130; baseline -0.008 -14"><span class='ocrx_word' id='word_1_374' title='bbox 236 4063 394 4130; x_wconf 80' lang='lat' dir='ltr'>erigantur,</span> <span class='ocrx_word' id='word_1_375' title='bbox 413 4076 494 4129; x_wconf 83' lang='lat' dir='ltr'>quum</span> <span class='ocrx_word' id='word_1_376' title='bbox 513 4060 609 4114; x_wconf 84' lang='lat' dir='ltr'>rident</span> <span class='ocrx_word' id='word_1_377' title='bbox 625 4057 775 4114; x_wconf 82' lang='lat' dir='ltr'>Ecclesiam</span> <span class='ocrx_word' id='word_1_378' title='bbox 798 4073 853 4112; x_wconf 92' lang='lat' dir='ltr'>non</span> <span class='ocrx_word' id='word_1_379' title='bbox 871 4055 1015 4125; x_wconf 87' lang='lat' dir='ltr'>praecipiti</span> <span class='ocrx_word' id='word_1_380' title='bbox 1038 4057 1153 4126; x_wconf 65' lang='lat' dir='ltr'>quemn</span> <span class='ocrx_word' id='word_1_381' title='bbox 1172 4061 1201 4112; x_wconf 94' lang='lat' dir='ltr'>et</span> <span class='ocrx_word' id='word_1_382' title='bbox 1217 4069 1294 4111; x_wconf 76' lang='lat' dir='ltr'>caece</span> <span class='ocrx_word' id='word_1_383' title='bbox 1310 4051 1350 4105; x_wconf 81' lang='lat' dir='ltr'>te·</span> 
     </span>
     <span class='ocr_line' id='line_1_43' title="bbox 236 4133 1348 4206; baseline -0.004 -14"><span class='ocrx_word' id='word_1_384' title='bbox 236 4140 371 4206; x_wconf 80' lang='lat' dir='ltr'>ferentia,</span> <span class='ocrx_word' id='word_1_385' title='bbox 389 4141 436 4196; x_wconf 84' lang='lat' dir='ltr'>sed</span> <span class='ocrx_word' id='word_1_386' title='bbox 454 4141 589 4196; x_wconf 84' lang='lat' dir='ltr'>meditata</span> <span class='ocrx_word' id='word_1_387' title='bbox 617 4144 646 4194; x_wconf 92' lang='lat' dir='ltr'>et</span> <span class='ocrx_word' id='word_1_388' title='bbox 674 4143 782 4194; x_wconf 88' lang='lat' dir='ltr'>matura</span> <span class='ocrx_word' id='word_1_389' title='bbox 800 4137 933 4194; x_wconf 89' lang='lat' dir='ltr'>electione</span> <span class='ocrx_word' id='word_1_390' title='bbox 951 4137 1131 4193; x_wconf 83' lang='lat' dir='ltr'>conciliorum</span> <span class='ocrx_word' id='word_1_391' title='bbox 1148 4141 1177 4193; x_wconf 92' lang='lat' dir='ltr'>et</span> <span class='ocrx_word' id='word_1_392' title='bbox 1196 4133 1348 4192; x_wconf 83' lang='lat' dir='ltr'>Pontitientu</span> 
     </span>
     <span class='ocr_line' id='line_1_44' title="bbox 235 4217 846 4289; baseline 0 -16"><span class='ocrx_word' id='word_1_393' title='bbox 235 4220 344 4274; x_wconf 84' lang='lat' dir='ltr'>decreta</span> <span class='ocrx_word' id='word_1_394' title='bbox 362 4225 391 4274; x_wconf 93' lang='lat' dir='ltr'>et</span> <span class='ocrx_word' id='word_1_395' title='bbox 408 4221 487 4276; x_wconf 82' lang='lat' dir='ltr'>tidem</span> <span class='ocrx_word' id='word_1_396' title='bbox 505 4219 630 4289; x_wconf 86' lang='lat' dir='ltr'>amplecti</span> <span class='ocrx_word' id='word_1_397' title='bbox 649 4226 678 4276; x_wconf 89' lang='lat' dir='ltr'>et</span> <span class='ocrx_word' id='word_1_398' title='bbox 694 4217 846 4286; x_wconf 79' lang='lat' dir='ltr'>subsequi.“</span> 
     </span>
    </p>
   </div>
   <div class='ocr_carea' id='block_1_7' title="bbox 0 0 1454 4800">
    <p class='ocr_par' dir='ltr' id='par_1_7' title="bbox 0 0 1454 4800">
     <span class='ocr_line' id='line_1_45' title="bbox 0 0 1454 4800; baseline 0 0"><span class='ocrx_word' id='word_1_399' title='bbox 0 0 1454 4800; x_wconf 95' lang='lat' dir='ltr'> </span> 
     </span>
    </p>
   </div>
  </div>
 </body>
</html>
