2876 4814
427 485 468 543 De
486 482 653 542 relaxatione
670 481 835 556 disciplinae.
1136 481 1188 538 207

91 633 154 696 dem
185 631 409 718 Apostolicam
442 630 676 718 spoliaverint3
712 629 884 696 Callistum
917 649 996 694 vero
1030 629 1110 716 quid
1142 632 1189 694 in-

90 730 228 814 dulsisse,
261 739 425 816 quatenus
458 729 717 794 moderationem
756 726 935 816 quamdam
974 737 1105 792 secutus
1137 731 1188 810 sit,

89 839 116 892 st
142 851 203 894 non
235 839 371 915 propter
402 827 642 915 qualecumque
666 836 839 914 peccatum
862 827 958 890 edam
986 825 1030 890 ad
1052 839 1189 906 mortem,

89 931 243 1014 episcopos
282 927 404 1013 deponi
444 925 594 991 voluerit.
649 927 799 1008 Etenim,
837 926 1009 1010 inquiunt,
1047 924 1190 990 denomi-

89 1027 165 1089 natio
179 1028 307 1112 peccati
332 1025 375 1090 ad
398 1033 537 1088 mortem
561 1047 599 1088 eo
620 1035 766 1110 tempore
789 1045 856 1088 non
880 1024 959 1087 satis
973 1021 1190 1087 determinata

89 1135 154 1206 erat,
177 1123 324 1210 dumque
348 1145 408 1209 per
438 1121 525 1187 hanc
558 1123 723 1207 designari
755 1131 889 1208 possent
916 1131 1044 1186 tantum
1067 1124 1190 1205 gravis-

89 1223 158 1285 sima
179 1223 332 1302 crimina,
357 1223 406 1284 uti
424 1219 567 1302 laxioris,
581 1221 926 1307 pedarium-furtum,
950 1229 1084 1306 propter
1105 1243 1191 1306 quac

85 1321 168 1404 juxta
195 1319 351 1385 Canones
373 1317 582 1405 Apostoliccs
606 1317 664 1404 (24
686 1328 719 1382 et
741 1316 799 1404 26)
823 1319 969 1404 episcopi
1003 1317 1190 1403 deponendi

89 1427 182 1500 erant3
212 1417 384 1482 interdum
416 1416 519 1480 multo
543 1414 641 1481 latius
665 1415 781 1481 eadem
805 1439 871 1480 vox
894 1425 998 1502 patet,
1023 1416 1191 1504 multaque

89 1527 209 1600 pesam
220 1514 376 1580 involvit.
422 1512 646 1578 Tertullianus
663 1515 742 1580 dum
759 1525 896 1600 peccata
910 1514 952 1578 ad
969 1518 1191 1581 mortemirre·

89 1613 245 1678 missibilia
261 1615 380 1676 statuit
397 1633 467 1676 esse
483 1611 717 1694 homicidium,
738 1610 972 1694 idololatriam,
990 1613 1191 1680 moechiam:

88 1712 142 1776 alia
166 1721 304 1798 paccata
334 1711 377 1775 ad
406 1721 544 1775 mortem
572 1710 783 1775 remissibilia
812 1711 891 1798 ipsis
914 1714 1060 1798 opponit.
1106 1715 1193 1778 Pasa

89 1813 184 1896 ipitnm
211 1812 339 1897 inquit,
368 1821 399 1872 ot
411 1809 523 1892 fidelis
546 1809 673 1896 elapsus
699 1811 735 1872 ia
763 1809 971 1894 spectaculum
994 1811 1194 1898 quadripes-ii

82 1909 193 1994 fucosis
206 1921 238 1973 at
259 1907 453 1995 pladiatooii
474 1909 595 1970 maceio
613 1919 644 1972 at
659 1909 797 1970 aoesos‘cae
812 1907 985 1993 foeditatis
1008 1919 1038 1972 ct
1052 1912 1192 1997 systs'cae

89 2009 235 2086 enitatis,
261 2017 323 2071 aut
346 2007 374 2068 a·
396 2007 432 2068 in
456 2005 553 2083 lasus,
578 2007 612 2069 ia
627 2007 770 2069 convicia
793 2005 967 2069 saeculan's
976 2005 1192 2088 solemnitatis,

89 2108 116 2168 io
136 2106 279 2192 offuciam,
306 2106 342 2168 ia
363 2103 571 2167 ministeriam
591 2104 716 2167 alianae
731 2103 937 2168 idololatrias
961 2102 1087 2190 aliquae
1110 2117 1195 2170 artes

90 2203 216 2268 afflat
243 2203 458 2280 caoiodtatia,
488 2203 517 2264 εἰ
543 2203 578 2265 ia
605 2201 729 2266 cabant
757 2203 908 2288 caespitis
933 2203 1112 2288 copatioais
1139 2215 1194 2268 aat

91 2301 286 2388 lhqsdenoiac
310 2300 446 2386 impegit.
503 2299 548 2362 Ob
573 2300 637 2364 asle
659 2300 736 2385 qaid
759 2310 852 2363 caua
873 2322 993 2386 prapaes
1016 2300 1111 2365 datae
1133 2312 1194 2381 ast,·

90 2399 130 2462 ool
152 2412 179 2464 et
204 2403 273 2487 ipse
296 2399 387 2484 forte
415 2399 480 2474 ira,
519 2409 650 2476 tumore,
686 2397 910 2476 aemulatione,
947 2398 1030 2485 qaod
1062 2400 1194 2486 denique

91 2517 168 2582 saepe
180 2497 233 2582 fit,
257 2495 465 2580 denegatione
494 2496 713 2582 emtiqata‘oais
739 2497 910 2583 anaspia).
960 2499 1073 2562 Potuit
1095 2501 1196 2584 igitur

92 2591 229 2660 Callistus
251 2593 431 2676 benignior
460 2613 530 2656 esse
555 2593 663 2678 quoad
692 2593 930 2681 depositionem
955 2597 1193 2682 episcoporum,

91 2691 157 2755 dum
186 2690 352 2777 agebatur
375 2688 416 2752 de
446 2690 629 2755 minoribus
653 2690 853 2777 quibusdam
886 2694 1044 2777 peccatis,
1078 2703 1110 2758 et
1134 2703 1194 2758 sta·

92 2801 179 2872 tuere,
202 2785 445 2876 poenitentiam
469 2787 604 2872 quidem
620 2809 690 2854 esse
711 2789 957 2874 imponendam,
981 2790 1039 2855 sed
1063 2801 1196 2878 propter

92 2886 158 2950 talia
179 2887 268 2952 iacta
293 2886 464 2971 episcopos
488 2907 554 2950 non
578 2907 648 2952 esse
673 2887 896 2974 deponendos.
933 2889 1024 2953 Huic
1047 2893 1194 2976 opinioni

91 2981 177 3068 favet,
217 2983 311 3072 qnod
344 2984 430 3047 inter
460 2984 651 3049 Decretales
683 2985 1028 3052 Pseudo-Isidorianas
1061 2988 1195 3054 Callisto

91 3083 278 3148 adaciibitur
301 3080 485 3166 decretum,
514 3093 551 3146 nt
578 3084 621 3148 ad
644 3084 799 3171 pristinos
825 3083 966 3148 honores
988 3089 1197 3152 restituantur

91 3183 253 3247 woerdotss
270 3189 351 3268 post
373 3179 507 3266 lapsam,
531 3183 561 3244 εἰ
580 3183 766 3270 eoade‘paam
781 3185 900 3269 aperiat
916 3185 1197 3271 poeaitentiam),-

91 3279 167 3343 unde
190 3277 307 3344 inferri
337 3297 433 3362 posse
456 3277 605 3362 videtur,
638 3279 768 3344 Pseudo
778 3279 957 3344 -Isidorum
982 3281 1063 3346 illud
1087 3281 1195 3346 decre-

92 3385 151 3442 tum
191 3376 416 3462 composuisse
459 3399 501 3440 ex
542 3377 652 3464 aliquo
695 3378 892 3442 documento
934 3381 1052 3443 aetatis
1093 3381 1196 3467 ipsius

91 3473 215 3542 Callisti.

168 3577 220 3641 43.
245 3571 312 3640 sod
337 3571 549 3666 explicationi
565 3574 645 3640 huic
668 3595 735 3640 non
754 3576 936 3660 acquiescit
959 3574 999 3640 cl.
1025 3576 1076 3640 De
1092 3577 1196 3642 Rosci.

92 3673 158 3758 lpse
180 3673 338 3738 videlicet
361 3671 606 3755 animadvertit,
621 3673 756 3738 nomine
770 3682 980 3758 peccatorum
1005 3673 1049 3736 ad
1070 3685 1198 3738 moram

93 3768 140 3838 illa
148 3783 253 3836 aetate
277 3772 537 3838 antonomastice
561 3772 661 3836 etiam
685 3769 775 3857 apud
797 3771 966 3856 rigoristas
989 3781 1118 3836 tantum
1134 3772 1197 3836 tria

92 3871 220 3936 cumina
242 3872 413 3950 homicidii,
436 3870 589 3933 maslaco
612 3879 643 3932 at
663 3868 869 3934 idololat-iae
892 3866 1064 3954 designata
1086 3869 1197 3951 fuisse,

94 3965 230 4056 adeoque
246 3970 491 4035 accusationem
514 3989 582 4031 non
597 3987 692 4054 posse
716 3966 794 4031 inde
817 3965 987 4053 explicari,
1012 3966 1101 4053 quod
1115 3969 1197 4052 epis

94 4067 175 4150 capia
197 4069 233 4132 in
255 4070 385 4134 minora
408 4075 545 4153 peccata
567 4063 668 4150 lapsis
692 4061 846 4132 Callistus
871 4067 1078 4148 concesserit,
1103 4065 1197 4130 utin

105 4211 290 4226 --q—-q-

160 4279 180 4346 ¹)
197 4277 237 4332 De
253 4279 365 4348 pudicit
385 4297 406 4334 c.
426 4280 450 4332 7.
721 4279 744 4347 ¹)
763 4279 835 4335 scit
854 4277 978 4337 Hinaohii
995 4295 1021 4350 p
1042 4281 1102 4336 lta
