2836 4804
243 467 297 518 208
597 462 637 515 Da
656 459 774 514 Concilio
793 459 1009 517 Chalcedonensi.

244 608 341 694 qu'ils
372 606 568 671 adheraient
596 607 617 667 a
647 604 679 668 la
708 604 802 669 lettre
835 603 1055 692 apostolique,
1088 625 1251 691 parceque
1272 605 1349 668 leurs

244 706 360 769 doutes
384 705 518 768 avaient
541 703 596 766 etc
621 704 837 766 entierement
869 701 1030 767 eelairois.
1077 703 1112 768 si
1145 703 1179 768 la
1201 703 1291 767 lettre
1313 702 1349 765 de

244 805 330 868 saint
352 803 447 867 Leon
471 801 562 864 avait
585 801 640 864 ete
663 809 762 865 tenue
779 819 863 884 pour
876 821 942 864 une
965 798 1056 884 regle
1079 799 1215 864 absolue
1239 800 1279 864 de
1301 801 1347 864 foi.

244 901 273 964 le
298 900 423 965 concile
446 897 588 964 sumit-il
612 899 768 983 support&
798 896 979 961 l’dmission
1012 897 1054 961 de
1077 897 1198 983 pareils
1220 898 1351 962 doutes‘l

244 997 398 1062 Auraitil
421 995 575 1073 entendu,
601 1019 677 1060 sans
700 995 942 1066 reclamatione.
977 996 1019 1060 de
1042 996 1195 1080 pareilles
1219 995 1351 1061 declara·

245 1097 378 1160 tions?“
404 1134 447 1142 -
471 1093 524 1157 Ex
548 1093 646 1158 dictis
669 1095 748 1157 satis
771 1103 870 1178 patet,
894 1093 978 1158 nihil
1002 1115 1043 1157 ex
1067 1093 1230 1179 ejusmodi
1254 1093 1354 1157 dubiis

245 1193 370 1278 aliquot
393 1194 620 1277 episcoporum
645 1190 765 1255 deduci
781 1213 885 1276 posse.
921 1191 1086 1256 Videntur
1109 1191 1212 1256 dubia
1235 1201 1351 1255 tantum

246 1301 408 1376 spectasse
423 1289 558 1354 modum
573 1288 728 1374 loquendi
743 1289 874 1369 Leonis,
893 1309 1002 1374 quem,
1028 1288 1070 1352 ob
1093 1289 1228 1374 linguae
1251 1289 1351 1353 obscu-

245 1390 385 1468 ritatem,
420 1388 469 1451 uti
501 1385 687 1468 declarant,
712 1408 778 1450 non
802 1385 1039 1470 intelligebant,
1064 1407 1131 1451 non
1155 1407 1235 1452 vero
1259 1389 1351 1472 ipsam

247 1487 440 1550 doctrinam.
487 1483 660 1548 Caeterum
695 1486 795 1548 etiam
825 1486 852 1550 si
885 1485 926 1549 de
957 1485 1108 1550 doctrina
1146 1485 1351 1562 dubitassent,

247 1607 288 1646 ex
321 1582 378 1646 tali
409 1581 625 1646 haesitatione
658 1603 838 1667 paucorum
874 1581 1001 1646 nullum
1030 1592 1261 1668 argumentum
1288 1603 1352 1644 con-

248 1682 302 1744 fici
332 1690 448 1766 potest.
495 1679 756 1744 Reclamationes
788 1690 901 1744 autem
933 1700 1050 1744 revera
1073 1681 1181 1746 factae
1204 1691 1279 1744 sunt
1300 1679 1353 1742 cla·

249 1777 394 1842 moribus
424 1777 570 1842 Patrum.
616 1778 773 1862 Legimus
797 1777 954 1842 videlicet
983 1779 1017 1840 in
1050 1777 1115 1844 fine
1139 1779 1289 1843 Aetionis
1314 1799 1352 1840 se

249 1874 386 1956 eundae,
412 1895 513 1960 (inum
536 1886 688 1960 ageretur
720 1875 760 1939 de
793 1874 848 1939 illa
871 1876 1090 1961 quorumdam
1125 1877 1352 1941 haesitatione:

254 1973 365 2037 Omnes
386 1973 638 2036 reverendissimi
668 1974 809 2060 episcopi
831 1973 1059 2038 clwrraceruat:
1088 1975 1158 2038 Nos
1187 1977 1235 2039 ita
1266 1972 1352 2035 credi-

250 2093 315 2134 mors
338 2069 438 2157 (sieut
460 2069 552 2156 Leo),
576 2081 714 2134 omnam
747 2069 853 2134 nullm
883 2071 1017 2149 dabitat,
1040 2094 1098 2135 nos
1114 2077 1188 2161 jum
1212 2071 1351 2154 nummip-

248 2170 353 2232 simas.
401 2165 574 2232 Caeterum
607 2169 716 2253 quoad
748 2168 820 2233 illos
852 2171 1022 2254 episcopos
1054 2171 1196 2254 sapienti
1220 2167 1351 2232 modern

248 2268 337 2328 tione
360 2276 393 2329 et
415 2265 620 2350 indulgentia
644 2268 759 2330 merito
792 2266 890 2350 legati
914 2266 1086 2330 Pontifiois
1116 2277 1148 2331 et
1173 2267 1287 2331 Patres
1309 2265 1349 2324 nsi

249 2371 334 2443 sunt,
359 2384 396 2426 eo
420 2362 473 2426 vel
497 2365 610 2447 magis,
636 2364 723 2448 quod
748 2365 846 2428 etiam
866 2364 948 2428 ratio
973 2363 1129 2429 habenda
1153 2373 1239 2428 esset
1262 2363 1352 2444 Impo-

248 2462 363 2525 ratoris
387 2469 419 2524 et
443 2463 705 2544 magistratuum,
730 2461 890 2526 laieorum
907 2462 962 2546 qui
987 2482 1103 2545 parum
1127 2463 1250 2526 versati
1274 2471 1352 2522 erant
1388 2535 1390 2542 Ι

248 2561 281 2622 iu
306 2557 405 2621 rebus
427 2557 629 2644 theologicis.

336 2657 390 2720 51.
415 2655 527 2740 Pergit
549 2669 684 2721 auctor:
714 2657 847 2736 „Qn’un
876 2659 1002 2742 aveque
1030 2657 1112 2721 dans
1141 2668 1226 2721 cette
1250 2673 1351 2718 assem-

249 2755 323 2820 blec
347 2759 403 2819 eut
426 2755 522 2820 eleva
546 2755 587 2819 de
612 2756 730 2840 pereils
753 2755 877 2835 dentes,
909 2759 965 2818 siit
990 2756 1051 2818 fait
1073 2755 1115 2818 de
1138 2751 1287 2840 pareilles
1307 2750 1351 2812 di·

249 2853 424 2918 clarations
447 2852 606 2917 touchant
628 2853 673 2917 les
697 2851 861 2937 symbolus
885 2851 925 2916 de
949 2853 1052 2916 Nicea
1076 2873 1119 2916 ou
1143 2851 1187 2916 de
1212 2851 1351 2916 Constan-

249 2951 373 3035 tinople
407 2973 449 3016 ou
481 2949 528 3014 les
562 2949 692 3015 decreta
725 2950 901 3034 d’Ephbse,
936 2959 1102 3012 comment
1136 2947 1277 3014 aurait-il
1306 2945 1351 3008 e'ts

250 3051 346 3112 truite
369 3071 430 3134 par
451 3047 482 3111 le
506 3046 680 3112 Concile'?“
716 3087 759 3096 -
795 3047 890 3112 Certe
914 3045 970 3110 illa
994 3047 1199 3110 documenta
1217 3047 1284 3132 jam
1306 3042 1350 3104 du·

249 3147 327 3210 dum
351 3157 421 3210 tum
445 3167 578 3210 assensu
611 3145 838 3210 submissionis
870 3155 941 3208 tum
972 3166 1109 3208 assensu
1132 3142 1351 3228 intelligentior

248 3253 379 3328 recepta
401 3252 504 3308 eraut.
551 3241 615 3307 Sed
640 3243 778 3328 epistola
807 3242 929 3306 Leonis
952 3263 1066 3306 recens
1089 3253 1169 3324 erat,
1194 3253 1287 3327 atquo
1308 3235 1349 3300 de·

248 3343 352 3405 fectus
376 3340 610 3424 intelligentiae
643 3341 745 3405 dubia
777 3343 811 3404 in
845 3340 910 3406 illis
933 3339 1145 3404 Praesulibus
1178 3335 1347 3404 excitabat:

248 3461 313 3524 qua
337 3441 371 3502 in
395 3461 429 3501 re
452 3437 581 3502 facilius
604 3438 844 3522 ignoscendum
865 3449 943 3503 erat.
968 3477 1011 3486 -
1038 3437 1113 3522 ,On
1136 3437 1213 3501 dira
1236 3455 1293 3521 qne
1313 3431 1350 3494 les

250 3539 348 3600 l’bres
371 3535 411 3599 de
436 3533 660 3600 Chalcedoine
684 3540 816 3602 usbrent
849 3537 947 3601 d’une
972 3558 1048 3619 sage
1073 3533 1348 3600 condescendenti·

249 3658 290 3699 en
314 3634 431 3699 laveur
454 3632 495 3698 de
516 3633 604 3698 leurs
628 3635 802 3720 collegues.
849 3635 939 3699 Nous
971 3633 1164 3720 repondens
1198 3653 1259 3718 que
1281 3627 1349 3690 dans

248 3735 280 3798 la
313 3735 418 3796 meme
451 3733 576 3796 session
606 3731 653 3798 les
687 3739 810 3798 memes
833 3734 933 3798 Peras
965 3734 1165 3817 prouvbrent
1197 3731 1279 3801 bien,
1301 3743 1350 3808 pst

248 3832 320 3896 leur
334 3829 488 3894 conduite
512 3832 532 3892 a
554 3829 682 3914 l'egard
697 3831 754 3895 des
770 3833 914 3916 coequos
933 3832 1117 3915 egyptiens,
1141 3827 1237 3914 qu'ils
1250 3821 1347 3888 n'ctai·

249 3939 305 3994 ent
337 3929 430 4013 point
462 3927 610 4012 disposes
643 3932 662 3992 iu
685 3929 717 3991 la
741 3931 889 3994 moindre
915 3927 1114 4012 indulgence
1146 3947 1228 4012 pour
1249 3923 1290 3986 les
1310 3939 1348 3979 rt·

249 4025 350 4090 belles
373 4027 393 4088 a
415 4024 580 4088 l'autorite
605 4027 644 4089 de
668 4027 866 4112 l’Eglise“¹).
896 4025 1146 4110 Argumentatio
1171 4024 1249 4086 haec
1271 4037 1344 4104 pror·

276 4169 459 4178 -0—-0-——120

326 4242 343 4311 ¹)
363 4241 449 4308 Quum
467 4257 535 4310 qnae
554 4239 700 4294 acciderint
718 4241 805 4307 quoad
829 4240 887 4294 illos
907 4239 1024 4308 Aegypti
1044 4237 1178 4306 episcopos
1196 4249 1246 4287 non
1264 4241 1340 4282 num·
