<?xml version="1.0" encoding="UTF-8"?>
<!DOCTYPE html PUBLIC "-//W3C//DTD XHTML 1.0 Transitional//EN"
    "http://www.w3.org/TR/xhtml1/DTD/xhtml1-transitional.dtd">
<html xmlns="http://www.w3.org/1999/xhtml" xml:lang="en" lang="en">
 <head>
  <title>
</title>
<meta http-equiv="Content-Type" content="text/html;charset=utf-8" />
  <meta name='ocr-system' content='tesseract 3.04.00' />
  <meta name='ocr-capabilities' content='ocr_page ocr_carea ocr_par ocr_line ocrx_word'/>
</head>
<body>
  <div class='ocr_page' id='page_1' title='image "./dissertationess02junggoog_0036.png"; bbox 0 0 2908 4828; ppageno 0'>
   <div class='ocr_carea' id='block_1_1' title="bbox 568 471 1234 545">
    <p class='ocr_par' dir='ltr' id='par_1_1' title="bbox 568 471 1234 545">
     <span class='ocr_line' id='line_1_1' title="bbox 568 471 1234 545; baseline 0.009 -15"><span class='ocrx_word' id='word_1_1' title='bbox 568 471 676 545; x_wconf 75' lang='lat' dir='ltr'><strong>Epoebs</strong></span> <span class='ocrx_word' id='word_1_2' title='bbox 693 477 783 533; x_wconf 67' lang='lat' dir='ltr'><strong>cruc</strong></span> <span class='ocrx_word' id='word_1_3' title='bbox 1194 481 1234 536; x_wconf 68' lang='lat'><strong>88</strong></span> 
     </span>
    </p>
   </div>
   <div class='ocr_carea' id='block_1_2' title="bbox 97 618 1234 1004">
    <p class='ocr_par' dir='ltr' id='par_1_2' title="bbox 97 618 1234 1004">
     <span class='ocr_line' id='line_1_2' title="bbox 97 618 1233 706; baseline 0.002 -20"><span class='ocrx_word' id='word_1_4' title='bbox 97 623 187 686; x_wconf 86' lang='lat' dir='ltr'><strong>initio</strong></span> <span class='ocrx_word' id='word_1_5' title='bbox 225 621 340 706; x_wconf 82' lang='lat' dir='ltr'><strong>hujus</strong></span> <span class='ocrx_word' id='word_1_6' title='bbox 364 618 493 682; x_wconf 82' lang='lat' dir='ltr'><strong>suecull</strong></span> <span class='ocrx_word' id='word_1_7' title='bbox 517 620 696 704; x_wconf 83' lang='lat' dir='ltr'><strong>praecipue</strong></span> <span class='ocrx_word' id='word_1_8' title='bbox 719 619 899 705; x_wconf 67' lang='lat' dir='ltr'><strong>leopoldus</strong></span> <span class='ocrx_word' id='word_1_9' title='bbox 933 620 1040 688; x_wconf 70' lang='lat' dir='ltr'><strong>Chares</strong></span> <span class='ocrx_word' id='word_1_10' title='bbox 1075 626 1115 688; x_wconf 81' lang='lat' dir='ltr'><strong>cle</strong></span> <span class='ocrx_word' id='word_1_11' title='bbox 1151 625 1233 690; x_wconf 83' lang='lat' dir='ltr'><strong>Stol-</strong></span> 
     </span>
     <span class='ocr_line' id='line_1_3' title="bbox 98 715 1232 806; baseline 0.004 -23"><span class='ocrx_word' id='word_1_12' title='bbox 98 721 181 806; x_wconf 72' lang='lat' dir='ltr'><strong>ito-9,</strong></span> <span class='ocrx_word' id='word_1_13' title='bbox 217 721 276 782; x_wconf 83' lang='lat' dir='ltr'><strong>vir</strong></span> <span class='ocrx_word' id='word_1_14' title='bbox 308 719 418 781; x_wconf 77' lang='lat' dir='ltr'><strong>etiam</strong></span> <span class='ocrx_word' id='word_1_15' title='bbox 450 717 486 780; x_wconf 92' lang='lat' dir='ltr'><strong>in</strong></span> <span class='ocrx_word' id='word_1_16' title='bbox 517 715 702 800; x_wconf 88' lang='lat' dir='ltr'><strong>disciplinis</strong></span> <span class='ocrx_word' id='word_1_17' title='bbox 734 715 988 786; x_wconf 79' lang='lat' dir='ltr'><strong>humanioribus</strong></span> <span class='ocrx_word' id='word_1_18' title='bbox 1020 721 1232 788; x_wconf 82' lang='lat' dir='ltr'><strong>clarissimus.</strong></span> 
     </span>
     <span class='ocr_line' id='line_1_4' title="bbox 100 815 1232 902; baseline 0.004 -20"><span class='ocrx_word' id='word_1_19' title='bbox 100 817 151 882; x_wconf 81' lang='lat' dir='ltr'><strong>Ex</strong></span> <span class='ocrx_word' id='word_1_20' title='bbox 190 816 474 902; x_wconf 83' lang='lat' dir='ltr'><strong>pmtestuntismo</strong></span> <span class='ocrx_word' id='word_1_21' title='bbox 515 833 694 878; x_wconf 88' lang='lat' dir='ltr'><strong>conversus</strong></span> <span class='ocrx_word' id='word_1_22' title='bbox 733 815 776 880; x_wconf 77' lang='lat' dir='ltr'><strong>ad</strong></span> <span class='ocrx_word' id='word_1_23' title='bbox 808 815 994 881; x_wconf 80' lang='lat' dir='ltr'><strong>Ecclesiam</strong></span> <span class='ocrx_word' id='word_1_24' title='bbox 1026 819 1232 902; x_wconf 73' lang='lat' dir='ltr'><strong>catholicam,</strong></span> 
     </span>
     <span class='ocr_line' id='line_1_5' title="bbox 100 909 1234 1004; baseline 0.002 -25"><span class='ocrx_word' id='word_1_25' title='bbox 100 915 178 979; x_wconf 90' lang='lat' dir='ltr'><strong>huic</strong></span> <span class='ocrx_word' id='word_1_26' title='bbox 201 935 241 978; x_wconf 89' lang='lat' dir='ltr'><strong>se</strong></span> <span class='ocrx_word' id='word_1_27' title='bbox 264 921 378 976; x_wconf 88' lang='lat' dir='ltr'><strong>toturn</strong></span> <span class='ocrx_word' id='word_1_28' title='bbox 402 911 552 976; x_wconf 84' lang='lat' dir='ltr'><strong>devovit.</strong></span> <span class='ocrx_word' id='word_1_29' title='bbox 589 909 728 996; x_wconf 79' lang='lat' dir='ltr'><strong>Scripsit</strong></span> <span class='ocrx_word' id='word_1_30' title='bbox 749 913 851 996; x_wconf 84' lang='lat' dir='ltr'><strong>igitur</strong></span> <span class='ocrx_word' id='word_1_31' title='bbox 864 915 1044 980; x_wconf 77' lang='lat' dir='ltr'><strong>Historiam</strong></span> <span class='ocrx_word' id='word_1_32' title='bbox 1056 917 1234 1004; x_wconf 55' lang='lat' dir='ltr'><strong>Relipc&#39;oais</strong></span> 
     </span>
    </p>
   </div>
   <div class='ocr_carea' id='block_1_3' title="bbox 102 1006 1280 4305">
    <p class='ocr_par' dir='ltr' id='par_1_3' title="bbox 102 1006 1280 4305">
     <span class='ocr_line' id='line_1_6' title="bbox 105 1006 1232 1100; baseline 0.003 -25"><span class='ocrx_word' id='word_1_33' title='bbox 105 1013 143 1076; x_wconf 87' lang='lat' dir='ltr'><strong>D.</strong></span> <span class='ocrx_word' id='word_1_34' title='bbox 179 1013 225 1076; x_wconf 86' lang='lat' dir='ltr'><strong>N.</strong></span> <span class='ocrx_word' id='word_1_35' title='bbox 261 1011 299 1074; x_wconf 89' lang='lat' dir='ltr'><strong>J.</strong></span> <span class='ocrx_word' id='word_1_36' title='bbox 340 1006 387 1086; x_wconf 83' lang='grc'><strong>0.,</strong></span> <span class='ocrx_word' id='word_1_37' title='bbox 420 1029 464 1071; x_wconf 82' lang='lat' dir='ltr'><strong>ex</strong></span> <span class='ocrx_word' id='word_1_38' title='bbox 487 1027 556 1094; x_wconf 87' lang='lat' dir='ltr'><strong>qua</strong></span> <span class='ocrx_word' id='word_1_39' title='bbox 587 1029 653 1074; x_wconf 88' lang='lat' dir='ltr'><strong>non</strong></span> <span class='ocrx_word' id='word_1_40' title='bbox 686 1011 795 1074; x_wconf 87' lang='lat' dir='ltr'><strong>minus</strong></span> <span class='ocrx_word' id='word_1_41' title='bbox 827 1033 957 1076; x_wconf 82' lang='lat' dir='ltr'><strong>summa</strong></span> <span class='ocrx_word' id='word_1_42' title='bbox 989 1014 1105 1097; x_wconf 75' lang='lat' dir='ltr'><strong>pietas,</strong></span> <span class='ocrx_word' id='word_1_43' title='bbox 1134 1037 1232 1100; x_wconf 87' lang='lat' dir='ltr'><strong>quam</strong></span> 
     </span>
     <span class='ocr_line' id='line_1_7' title="bbox 102 1104 1231 1194; baseline 0 -20"><span class='ocrx_word' id='word_1_44' title='bbox 102 1110 247 1174; x_wconf 77' lang='lat' dir='ltr'><strong>eruditio</strong></span> <span class='ocrx_word' id='word_1_45' title='bbox 273 1107 405 1172; x_wconf 81' lang='lat' dir='ltr'><strong>eximia</strong></span> <span class='ocrx_word' id='word_1_46' title='bbox 426 1104 562 1170; x_wconf 84' lang='lat' dir='ltr'><strong>relucet.</strong></span> <span class='ocrx_word' id='word_1_47' title='bbox 608 1106 682 1170; x_wconf 89' lang='lat' dir='ltr'><strong>Hoc</strong></span> <span class='ocrx_word' id='word_1_48' title='bbox 710 1128 803 1191; x_wconf 90' lang='lat' dir='ltr'><strong>opus,</strong></span> <span class='ocrx_word' id='word_1_49' title='bbox 827 1129 931 1194; x_wconf 91' lang='lat' dir='ltr'><strong>quum</strong></span> <span class='ocrx_word' id='word_1_50' title='bbox 963 1131 1031 1174; x_wconf 93' lang='lat' dir='ltr'><strong>non</strong></span> <span class='ocrx_word' id='word_1_51' title='bbox 1061 1111 1166 1176; x_wconf 86' lang='lat' dir='ltr'><strong>solum</strong></span> <span class='ocrx_word' id='word_1_52' title='bbox 1189 1110 1231 1174; x_wconf 90' lang='lat' dir='ltr'><strong>ab</strong></span> 
     </span>
     <span class='ocr_line' id='line_1_8' title="bbox 102 1203 1232 1294; baseline 0.003 -24"><span class='ocrx_word' id='word_1_53' title='bbox 102 1207 256 1285; x_wconf 84' lang='lat' dir='ltr'><strong>eruditis,</strong></span> <span class='ocrx_word' id='word_1_54' title='bbox 281 1204 345 1270; x_wconf 84' lang='lat' dir='ltr'><strong>sed</strong></span> <span class='ocrx_word' id='word_1_55' title='bbox 367 1205 471 1266; x_wconf 87' lang='lat' dir='ltr'><strong>etiam</strong></span> <span class='ocrx_word' id='word_1_56' title='bbox 493 1203 538 1268; x_wconf 85' lang='lat' dir='ltr'><strong>ab</strong></span> <span class='ocrx_word' id='word_1_57' title='bbox 561 1204 716 1268; x_wconf 85' lang='lat' dir='ltr'><strong>omnibus</strong></span> <span class='ocrx_word' id='word_1_58' title='bbox 738 1207 796 1289; x_wconf 90' lang='lat' dir='ltr'><strong>qui</strong></span> <span class='ocrx_word' id='word_1_59' title='bbox 819 1205 932 1291; x_wconf 83' lang='lat' dir='ltr'><strong>aliqua</strong></span> <span class='ocrx_word' id='word_1_60' title='bbox 955 1206 1083 1272; x_wconf 89' lang='lat' dir='ltr'><strong>cultura</strong></span> <span class='ocrx_word' id='word_1_61' title='bbox 1107 1210 1232 1294; x_wconf 86' lang='lat' dir='ltr'><strong>ingenii</strong></span> 
     </span>
     <span class='ocr_line' id='line_1_9' title="bbox 104 1300 1232 1390; baseline 0.003 -22"><span class='ocrx_word' id='word_1_62' title='bbox 104 1305 265 1388; x_wconf 74' lang='lat' dir='ltr'><strong>gaudent,</strong></span> <span class='ocrx_word' id='word_1_63' title='bbox 290 1301 435 1366; x_wconf 73' lang='lat' dir='ltr'><strong>multtum</strong></span> <span class='ocrx_word' id='word_1_64' title='bbox 459 1300 631 1385; x_wconf 84' lang='lat' dir='ltr'><strong>legeretur,</strong></span> <span class='ocrx_word' id='word_1_65' title='bbox 662 1301 856 1366; x_wconf 78' lang='lat' dir='ltr'><strong>incredibile</strong></span> <span class='ocrx_word' id='word_1_66' title='bbox 884 1313 944 1384; x_wconf 89' lang='lat' dir='ltr'><strong>est,</strong></span> <span class='ocrx_word' id='word_1_67' title='bbox 973 1317 1134 1390; x_wconf 87' lang='lat' dir='ltr'><strong>quantum</strong></span> <span class='ocrx_word' id='word_1_68' title='bbox 1159 1329 1232 1372; x_wconf 91' lang='lat' dir='ltr'><strong>con-</strong></span> 
     </span>
     <span class='ocr_line' id='line_1_10' title="bbox 104 1397 1231 1485; baseline 0 -19"><span class='ocrx_word' id='word_1_69' title='bbox 104 1402 272 1482; x_wconf 79' lang='lat' dir='ltr'><strong>tribuerit,</strong></span> <span class='ocrx_word' id='word_1_70' title='bbox 307 1409 345 1464; x_wconf 90' lang='lat' dir='ltr'><strong>ut</strong></span> <span class='ocrx_word' id='word_1_71' title='bbox 377 1407 493 1462; x_wconf 74' lang='lat' dir='ltr'><strong>conus</strong></span> <span class='ocrx_word' id='word_1_72' title='bbox 525 1397 740 1462; x_wconf 85' lang='lat' dir='ltr'><strong>rationalismi</strong></span> <span class='ocrx_word' id='word_1_73' title='bbox 773 1401 893 1485; x_wconf 89' lang='lat' dir='ltr'><strong>impias</strong></span> <span class='ocrx_word' id='word_1_74' title='bbox 920 1401 1054 1467; x_wconf 82' lang='lat' dir='ltr'><strong>fraudes</strong></span> <span class='ocrx_word' id='word_1_75' title='bbox 1078 1405 1231 1470; x_wconf 71' lang='lat' dir='ltr'><strong>catholici</strong></span> 
     </span>
     <span class='ocr_line' id='line_1_11' title="bbox 106 1495 1231 1582; baseline 0.004 -20"><span class='ocrx_word' id='word_1_76' title='bbox 106 1501 332 1578; x_wconf 78' lang='lat' dir='ltr'><strong>munirentur,</strong></span> <span class='ocrx_word' id='word_1_77' title='bbox 351 1505 514 1560; x_wconf 89' lang='lat' dir='ltr'><strong>eteorum</strong></span> <span class='ocrx_word' id='word_1_78' title='bbox 529 1497 631 1560; x_wconf 86' lang='lat' dir='ltr'><strong>animi</strong></span> <span class='ocrx_word' id='word_1_79' title='bbox 646 1495 816 1582; x_wconf 82' lang='lat' dir='ltr'><strong>religionis</strong></span> <span class='ocrx_word' id='word_1_80' title='bbox 829 1499 1090 1566; x_wconf 87' lang='lat' dir='ltr'><strong>accenderentur</strong></span> <span class='ocrx_word' id='word_1_81' title='bbox 1111 1523 1231 1569; x_wconf 81' lang='lat' dir='ltr'><strong>umore.</strong></span> 
     </span>
     <span class='ocr_line' id='line_1_12' title="bbox 105 1592 1232 1682; baseline 0.004 -22"><span class='ocrx_word' id='word_1_82' title='bbox 105 1593 315 1676; x_wconf 81' lang='lat' dir='ltr'><strong>Quindecim</strong></span> <span class='ocrx_word' id='word_1_83' title='bbox 354 1592 583 1658; x_wconf 78' lang='lat' dir='ltr'><strong>voluminibus</strong></span> <span class='ocrx_word' id='word_1_84' title='bbox 613 1595 684 1678; x_wconf 88' lang='lat' dir='ltr'><strong>ipse</strong></span> <span class='ocrx_word' id='word_1_85' title='bbox 718 1593 870 1679; x_wconf 85' lang='lat' dir='ltr'><strong>Stolberg</strong></span> <span class='ocrx_word' id='word_1_86' title='bbox 899 1596 941 1660; x_wconf 88' lang='lat' dir='ltr'><strong>ab</strong></span> <span class='ocrx_word' id='word_1_87' title='bbox 965 1599 1092 1682; x_wconf 83' lang='lat' dir='ltr'><strong>origine</strong></span> <span class='ocrx_word' id='word_1_88' title='bbox 1115 1599 1232 1664; x_wconf 83' lang='lat' dir='ltr'><strong>mundi</strong></span> 
     </span>
     <span class='ocr_line' id='line_1_13' title="bbox 107 1690 1232 1779; baseline 0.004 -23"><span class='ocrx_word' id='word_1_89' title='bbox 107 1715 213 1779; x_wconf 75' lang='lat' dir='ltr'><strong>usqne</strong></span> <span class='ocrx_word' id='word_1_90' title='bbox 237 1691 283 1756; x_wconf 78' lang='lat' dir='ltr'><strong>ad</strong></span> <span class='ocrx_word' id='word_1_91' title='bbox 307 1691 458 1756; x_wconf 85' lang='lat' dir='ltr'><strong>medium</strong></span> <span class='ocrx_word' id='word_1_92' title='bbox 483 1690 652 1754; x_wconf 85' lang='lat' dir='ltr'><strong>saeculum</strong></span> <span class='ocrx_word' id='word_1_93' title='bbox 672 1691 702 1755; x_wconf 90' lang='lat' dir='ltr'>V</span> <span class='ocrx_word' id='word_1_94' title='bbox 726 1702 802 1776; x_wconf 87' lang='lat' dir='ltr'><strong>post</strong></span> <span class='ocrx_word' id='word_1_95' title='bbox 819 1691 987 1759; x_wconf 78' lang='lat' dir='ltr'><strong>Christum</strong></span> <span class='ocrx_word' id='word_1_96' title='bbox 1011 1698 1232 1760; x_wconf 80' lang='lat' dir='ltr'><strong>narrationem</strong></span> 
     </span>
     <span class='ocr_line' id='line_1_14' title="bbox 106 1788 1231 1877; baseline 0.004 -23"><span class='ocrx_word' id='word_1_97' title='bbox 106 1813 201 1854; x_wconf 80' lang='lat' dir='ltr'><strong>suam</strong></span> <span class='ocrx_word' id='word_1_98' title='bbox 226 1788 382 1854; x_wconf 86' lang='lat' dir='ltr'><strong>deduxit.</strong></span> <span class='ocrx_word' id='word_1_99' title='bbox 410 1789 501 1852; x_wconf 87' lang='lat' dir='ltr'><strong>Dein</strong></span> <span class='ocrx_word' id='word_1_100' title='bbox 526 1789 607 1852; x_wconf 80' lang='lat' dir='ltr'><strong>Kora</strong></span> <span class='ocrx_word' id='word_1_101' title='bbox 629 1809 784 1853; x_wconf 87' lang='lat' dir='ltr'><strong>successu</strong></span> <span class='ocrx_word' id='word_1_102' title='bbox 806 1791 974 1877; x_wconf 88' lang='lat' dir='ltr'><strong>aliquanto</strong></span> <span class='ocrx_word' id='word_1_103' title='bbox 999 1795 1109 1857; x_wconf 89' lang='lat' dir='ltr'><strong>minus</strong></span> <span class='ocrx_word' id='word_1_104' title='bbox 1132 1794 1231 1876; x_wconf 78' lang='lat' dir='ltr'><strong>felici,</strong></span> 
     </span>
     <span class='ocr_line' id='line_1_15' title="bbox 108 1886 1232 1972; baseline 0.005 -22"><span class='ocrx_word' id='word_1_105' title='bbox 108 1899 183 1972; x_wconf 58' lang='lat' dir='ltr'><strong>pom</strong></span> <span class='ocrx_word' id='word_1_106' title='bbox 203 1889 316 1972; x_wconf 87' lang='lat' dir='ltr'><strong>ipsum</strong></span> <span class='ocrx_word' id='word_1_107' title='bbox 339 1886 496 1950; x_wconf 64' lang='lat' dir='ltr'><strong>Machor</strong></span> <span class='ocrx_word' id='word_1_108' title='bbox 518 1907 558 1948; x_wconf 83' lang='lat' dir='ltr'><strong>ea</strong></span> <span class='ocrx_word' id='word_1_109' title='bbox 587 1907 653 1971; x_wconf 86' lang='lat' dir='ltr'><strong>qua</strong></span> <span class='ocrx_word' id='word_1_110' title='bbox 675 1907 736 1970; x_wconf 87' lang='lat' dir='ltr'><strong>pur</strong></span> <span class='ocrx_word' id='word_1_111' title='bbox 768 1897 839 1951; x_wconf 84' lang='lat' dir='ltr'><strong>erat</strong></span> <span class='ocrx_word' id='word_1_112' title='bbox 860 1891 997 1972; x_wconf 86' lang='lat' dir='ltr'><strong>ratione,</strong></span> <span class='ocrx_word' id='word_1_113' title='bbox 1021 1889 1112 1956; x_wconf 85' lang='lat' dir='ltr'><strong>illam</strong></span> <span class='ocrx_word' id='word_1_114' title='bbox 1135 1891 1232 1956; x_wconf 91' lang='lat' dir='ltr'><strong>histo-</strong></span> 
     </span>
     <span class='ocr_line' id='line_1_16' title="bbox 108 1983 1280 2074; baseline 0.003 -25"><span class='ocrx_word' id='word_1_115' title='bbox 108 1987 193 2050; x_wconf 79' lang='lat' dir='ltr'><strong>riam</strong></span> <span class='ocrx_word' id='word_1_116' title='bbox 206 1985 503 2064; x_wconf 80' lang='lat' dir='ltr'><strong>continuaverunt,</strong></span> <span class='ocrx_word' id='word_1_117' title='bbox 526 1984 571 2047; x_wconf 84' lang='lat' dir='ltr'><strong>ita</strong></span> <span class='ocrx_word' id='word_1_118' title='bbox 592 1991 629 2046; x_wconf 85' lang='lat' dir='ltr'><strong>nt</strong></span> <span class='ocrx_word' id='word_1_119' title='bbox 650 1983 748 2048; x_wconf 88' lang='lat' dir='ltr'><strong>modo</strong></span> <span class='ocrx_word' id='word_1_120' title='bbox 766 1986 839 2069; x_wconf 88' lang='lat' dir='ltr'><strong>jum</strong></span> <span class='ocrx_word' id='word_1_121' title='bbox 862 1985 1049 2072; x_wconf 80' lang='lat' dir='ltr'><strong>plusquam</strong></span> <span class='ocrx_word' id='word_1_122' title='bbox 1074 1991 1233 2074; x_wconf 90' lang='lat' dir='ltr'><strong>quinqua·</strong></span> <span class='ocrx_word' id='word_1_123' title='bbox 1278 2001 1280 2004; x_wconf 82' lang='grc'><strong>’</strong></span> 
     </span>
     <span class='ocr_line' id='line_1_17' title="bbox 109 2079 1231 2170; baseline 0.004 -22"><span class='ocrx_word' id='word_1_124' title='bbox 109 2085 201 2164; x_wconf 71' lang='lat' dir='ltr'><strong>ginta</strong></span> <span class='ocrx_word' id='word_1_125' title='bbox 215 2081 390 2146; x_wconf 81' lang='lat' dir='ltr'><strong>volumina</strong></span> <span class='ocrx_word' id='word_1_126' title='bbox 403 2079 672 2165; x_wconf 79' lang='lat' dir='ltr'><strong>comprehendet.</strong></span> <span class='ocrx_word' id='word_1_127' title='bbox 695 2118 739 2128; x_wconf 91' lang='lat'><strong>-</strong></span> <span class='ocrx_word' id='word_1_128' title='bbox 762 2081 852 2146; x_wconf 91' lang='lat' dir='ltr'><strong>Huic</strong></span> <span class='ocrx_word' id='word_1_129' title='bbox 864 2085 954 2168; x_wconf 84' lang='lat' dir='ltr'><strong>operi</strong></span> <span class='ocrx_word' id='word_1_130' title='bbox 982 2083 1231 2170; x_wconf 84' lang='lat' dir='ltr'><strong>adjungendum</strong></span> 
     </span>
     <span class='ocr_line' id='line_1_18' title="bbox 109 2178 1232 2267; baseline 0.004 -23"><span class='ocrx_word' id='word_1_131' title='bbox 109 2189 159 2244; x_wconf 79' lang='lat' dir='ltr'><strong>est</strong></span> <span class='ocrx_word' id='word_1_132' title='bbox 182 2178 272 2244; x_wconf 81' lang='lat' dir='ltr'><strong>uliud</strong></span> <span class='ocrx_word' id='word_1_133' title='bbox 296 2199 383 2264; x_wconf 89' lang='lat' dir='ltr'><strong>opus</strong></span> <span class='ocrx_word' id='word_1_134' title='bbox 406 2197 567 2260; x_wconf 84' lang='lat' dir='ltr'><strong>magnum</strong></span> <span class='ocrx_word' id='word_1_135' title='bbox 589 2187 688 2263; x_wconf 88' lang='lat' dir='ltr'><strong>atque</strong></span> <span class='ocrx_word' id='word_1_136' title='bbox 711 2179 866 2264; x_wconf 85' lang='lat' dir='ltr'><strong>perutile:</strong></span> <span class='ocrx_word' id='word_1_137' title='bbox 904 2179 1159 2267; x_wconf 71' lang='lat' dir='ltr'><strong>Symbronistica</strong></span> <span class='ocrx_word' id='word_1_138' title='bbox 1185 2187 1232 2248; x_wconf 91' lang='lat' dir='ltr'><strong>vi-</strong></span> 
     </span>
     <span class='ocr_line' id='line_1_19' title="bbox 110 2273 1231 2346; baseline 0.006 -6"><span class='ocrx_word' id='word_1_139' title='bbox 110 2275 229 2340; x_wconf 85' lang='lat' dir='ltr'><strong>delieet</strong></span> <span class='ocrx_word' id='word_1_140' title='bbox 265 2277 405 2340; x_wconf 73' lang='lat' dir='ltr'><strong>historic</strong></span> <span class='ocrx_word' id='word_1_141' title='bbox 435 2273 549 2338; x_wconf 61' lang='lat' dir='ltr'><strong>mcccc</strong></span> <span class='ocrx_word' id='word_1_142' title='bbox 579 2285 609 2338; x_wconf 87' lang='lat' dir='ltr'><strong>et</strong></span> <span class='ocrx_word' id='word_1_143' title='bbox 640 2275 802 2340; x_wconf 80' lang='lat' dir='ltr'><strong>Ecclesiae</strong></span> <span class='ocrx_word' id='word_1_144' title='bbox 824 2279 860 2341; x_wconf 81' lang='lat' dir='ltr'><strong>ia</strong></span> <span class='ocrx_word' id='word_1_145' title='bbox 890 2279 992 2344; x_wconf 81' lang='lat' dir='ltr'><strong>medio</strong></span> <span class='ocrx_word' id='word_1_146' title='bbox 1016 2303 1100 2346; x_wconf 80' lang='lat' dir='ltr'><strong>oceo.</strong></span> <span class='ocrx_word' id='word_1_147' title='bbox 1146 2281 1231 2346; x_wconf 82' lang='lat' dir='ltr'><strong>Eam</strong></span> 
     </span>
     <span class='ocr_line' id='line_1_20' title="bbox 111 2371 1232 2460; baseline 0.002 -20"><span class='ocrx_word' id='word_1_148' title='bbox 111 2376 296 2460; x_wconf 78' lang='lat' dir='ltr'><strong>composuit</strong></span> <span class='ocrx_word' id='word_1_149' title='bbox 325 2371 523 2459; x_wconf 87' lang='lat' dir='ltr'><strong>quindecim</strong></span> <span class='ocrx_word' id='word_1_150' title='bbox 552 2374 674 2456; x_wconf 83' lang='lat' dir='ltr'><strong>pariter</strong></span> <span class='ocrx_word' id='word_1_151' title='bbox 704 2373 930 2440; x_wconf 87' lang='lat' dir='ltr'><strong>voluminibus</strong></span> <span class='ocrx_word' id='word_1_152' title='bbox 963 2379 1082 2442; x_wconf 90' lang='lat' dir='ltr'><strong>nostris</strong></span> <span class='ocrx_word' id='word_1_153' title='bbox 1114 2378 1232 2442; x_wconf 88' lang='lat' dir='ltr'><strong>dicbus</strong></span> 
     </span>
     <span class='ocr_line' id='line_1_21' title="bbox 111 2469 1232 2556; baseline 0.002 -20"><span class='ocrx_word' id='word_1_154' title='bbox 111 2471 313 2536; x_wconf 68' lang='lat' dir='ltr'><strong>obducimus</strong></span> <span class='ocrx_word' id='word_1_155' title='bbox 343 2469 550 2554; x_wconf 70' lang='lat' dir='ltr'><strong>Doctberyer,</strong></span> <span class='ocrx_word' id='word_1_156' title='bbox 579 2472 723 2555; x_wconf 89' lang='lat' dir='ltr'><strong>primum</strong></span> <span class='ocrx_word' id='word_1_157' title='bbox 753 2471 925 2556; x_wconf 83' lang='lat' dir='ltr'><strong>parochus,</strong></span> <span class='ocrx_word' id='word_1_158' title='bbox 957 2474 1034 2540; x_wconf 88' lang='lat' dir='ltr'><strong>dein</strong></span> <span class='ocrx_word' id='word_1_159' title='bbox 1059 2475 1232 2542; x_wconf 84' lang='lat' dir='ltr'><strong>Societatis</strong></span> 
     </span>
     <span class='ocr_line' id='line_1_22' title="bbox 111 2565 1231 2653; baseline 0.001 -20"><span class='ocrx_word' id='word_1_160' title='bbox 111 2569 191 2634; x_wconf 78' lang='lat' dir='ltr'><strong>lesu</strong></span> <span class='ocrx_word' id='word_1_161' title='bbox 215 2569 384 2634; x_wconf 72' lang='lat' dir='ltr'><strong>succerdas⁴</strong></span> <span class='ocrx_word' id='word_1_162' title='bbox 409 2565 466 2630; x_wconf 84' lang='lat' dir='ltr'><strong>Ab</strong></span> <span class='ocrx_word' id='word_1_163' title='bbox 490 2587 578 2632; x_wconf 86' lang='lat' dir='ltr'><strong>anno</strong></span> <span class='ocrx_word' id='word_1_164' title='bbox 601 2568 667 2632; x_wconf 74' lang='lat'><strong>476</strong></span> <span class='ocrx_word' id='word_1_165' title='bbox 691 2569 858 2653; x_wconf 87' lang='lat' dir='ltr'><strong>usquead</strong></span> <span class='ocrx_word' id='word_1_166' title='bbox 881 2569 982 2634; x_wconf 89' lang='lat' dir='ltr'><strong>finem</strong></span> <span class='ocrx_word' id='word_1_167' title='bbox 1006 2571 1128 2636; x_wconf 90' lang='lat' dir='ltr'><strong>saeculi</strong></span> <span class='ocrx_word' id='word_1_168' title='bbox 1148 2572 1231 2636; x_wconf 85' lang='lat' dir='ltr'><strong>XIV</strong></span> 
     </span>
     <span class='ocr_line' id='line_1_23' title="bbox 111 2664 1232 2752; baseline 0.005 -26"><span class='ocrx_word' id='word_1_169' title='bbox 111 2689 191 2752; x_wconf 84' lang='lat' dir='ltr'><strong>opus</strong></span> <span class='ocrx_word' id='word_1_170' title='bbox 214 2689 314 2732; x_wconf 86' lang='lat' dir='ltr'><strong>suum</strong></span> <span class='ocrx_word' id='word_1_171' title='bbox 338 2664 515 2750; x_wconf 82' lang='lat' dir='ltr'><strong>perduxit3</strong></span> <span class='ocrx_word' id='word_1_172' title='bbox 540 2664 597 2728; x_wconf 87' lang='lat' dir='ltr'><strong>ssd</strong></span> <span class='ocrx_word' id='word_1_173' title='bbox 611 2675 715 2729; x_wconf 87' lang='lat' dir='ltr'><strong>morte</strong></span> <span class='ocrx_word' id='word_1_174' title='bbox 734 2677 933 2750; x_wconf 87' lang='lat' dir='ltr'><strong>praeventus</strong></span> <span class='ocrx_word' id='word_1_175' title='bbox 956 2668 1127 2732; x_wconf 84' lang='lat' dir='ltr'><strong>absolvere</strong></span> <span class='ocrx_word' id='word_1_176' title='bbox 1150 2667 1232 2733; x_wconf 90' lang='lat' dir='ltr'><strong>illud</strong></span> 
     </span>
     <span class='ocr_line' id='line_1_24' title="bbox 112 2760 1232 2850; baseline 0.004 -24"><span class='ocrx_word' id='word_1_177' title='bbox 112 2763 199 2829; x_wconf 79' lang='lat' dir='ltr'><strong>haud</strong></span> <span class='ocrx_word' id='word_1_178' title='bbox 222 2765 343 2850; x_wconf 83' lang='lat' dir='ltr'><strong>potuit.</strong></span> <span class='ocrx_word' id='word_1_179' title='bbox 391 2760 535 2825; x_wconf 89' lang='lat' dir='ltr'><strong>Multum</strong></span> <span class='ocrx_word' id='word_1_180' title='bbox 559 2771 669 2826; x_wconf 88' lang='lat' dir='ltr'><strong>tamen</strong></span> <span class='ocrx_word' id='word_1_181' title='bbox 688 2773 785 2826; x_wconf 89' lang='lat' dir='ltr'><strong>nocet</strong></span> <span class='ocrx_word' id='word_1_182' title='bbox 803 2763 882 2828; x_wconf 87' lang='lat' dir='ltr'><strong>huic</strong></span> <span class='ocrx_word' id='word_1_183' title='bbox 904 2766 996 2849; x_wconf 89' lang='lat' dir='ltr'><strong>operi</strong></span> <span class='ocrx_word' id='word_1_184' title='bbox 1020 2767 1135 2829; x_wconf 88' lang='lat' dir='ltr'><strong>critica</strong></span> <span class='ocrx_word' id='word_1_185' title='bbox 1157 2787 1232 2830; x_wconf 88' lang='lat' dir='ltr'><strong>auc-</strong></span> 
     </span>
     <span class='ocr_line' id='line_1_25' title="bbox 112 2860 1232 2948; baseline 0 -22"><span class='ocrx_word' id='word_1_186' title='bbox 112 2863 188 2926; x_wconf 82' lang='lat' dir='ltr'><strong>toris</strong></span> <span class='ocrx_word' id='word_1_187' title='bbox 210 2869 426 2944; x_wconf 77' lang='lat' dir='ltr'><strong>exaggerata,</strong></span> <span class='ocrx_word' id='word_1_188' title='bbox 443 2879 510 2944; x_wconf 85' lang='lat' dir='ltr'><strong>qua</strong></span> <span class='ocrx_word' id='word_1_189' title='bbox 523 2879 680 2944; x_wconf 84' lang='lat' dir='ltr'><strong>persaepe</strong></span> <span class='ocrx_word' id='word_1_190' title='bbox 695 2860 893 2926; x_wconf 87' lang='lat' dir='ltr'><strong>documenta</strong></span> <span class='ocrx_word' id='word_1_191' title='bbox 915 2871 1069 2947; x_wconf 82' lang='lat' dir='ltr'><strong>corrupte</strong></span> <span class='ocrx_word' id='word_1_192' title='bbox 1092 2862 1145 2926; x_wconf 88' lang='lat' dir='ltr'><strong>vel</strong></span> <span class='ocrx_word' id='word_1_193' title='bbox 1159 2885 1232 2948; x_wconf 91' lang='lat' dir='ltr'><strong>sup·</strong></span> 
     </span>
     <span class='ocr_line' id='line_1_26' title="bbox 113 2958 1230 3042; baseline 0.002 -20"><span class='ocrx_word' id='word_1_194' title='bbox 113 2959 216 3042; x_wconf 72' lang='lat' dir='ltr'><strong>positu</strong></span> <span class='ocrx_word' id='word_1_195' title='bbox 234 2977 309 3022; x_wconf 87' lang='lat' dir='ltr'><strong>esse</strong></span> <span class='ocrx_word' id='word_1_196' title='bbox 327 2975 505 3042; x_wconf 84' lang='lat' dir='ltr'><strong>perperam</strong></span> <span class='ocrx_word' id='word_1_197' title='bbox 523 2958 723 3040; x_wconf 85' lang='lat' dir='ltr'><strong>pronuntiat.</strong></span> <span class='ocrx_word' id='word_1_198' title='bbox 751 2995 795 3004; x_wconf 96' lang='lat'><em>-</em></span> <span class='ocrx_word' id='word_1_199' title='bbox 819 2959 912 3022; x_wconf 88' lang='lat' dir='ltr'><strong>Varii</strong></span> <span class='ocrx_word' id='word_1_200' title='bbox 928 2959 1005 3024; x_wconf 90' lang='lat' dir='ltr'><strong>dein</strong></span> <span class='ocrx_word' id='word_1_201' title='bbox 1019 2959 1154 3024; x_wconf 87' lang='lat' dir='ltr'><strong>fuerunt</strong></span> <span class='ocrx_word' id='word_1_202' title='bbox 1167 2962 1230 3024; x_wconf 87' lang='lat' dir='ltr'><strong>viri</strong></span> 
     </span>
     <span class='ocr_line' id='line_1_27' title="bbox 110 3052 1232 3140; baseline 0.004 -22"><span class='ocrx_word' id='word_1_203' title='bbox 110 3055 240 3136; x_wconf 81' lang='lat' dir='ltr'><strong>eruditi,</strong></span> <span class='ocrx_word' id='word_1_204' title='bbox 250 3055 312 3140; x_wconf 88' lang='lat' dir='ltr'><strong>qui</strong></span> <span class='ocrx_word' id='word_1_205' title='bbox 319 3052 499 3117; x_wconf 83' lang='lat' dir='ltr'><strong>ediderunt</strong></span> <span class='ocrx_word' id='word_1_206' title='bbox 509 3055 705 3139; x_wconf 86' lang='lat' dir='ltr'><strong>compendia</strong></span> <span class='ocrx_word' id='word_1_207' title='bbox 715 3055 871 3120; x_wconf 87' lang='lat' dir='ltr'><strong>historiae</strong></span> <span class='ocrx_word' id='word_1_208' title='bbox 885 3055 1127 3120; x_wconf 87' lang='lat' dir='ltr'><strong>ecclesiasticae</strong></span> <span class='ocrx_word' id='word_1_209' title='bbox 1134 3054 1232 3122; x_wconf 79' lang='lat' dir='ltr'><strong>valde</strong></span> 
     </span>
     <span class='ocr_line' id='line_1_28' title="bbox 111 3149 1231 3240; baseline 0.002 -24"><span class='ocrx_word' id='word_1_210' title='bbox 111 3151 212 3218; x_wconf 77' lang='lat' dir='ltr'><strong>uu&#39;lis.</strong></span> <span class='ocrx_word' id='word_1_211' title='bbox 259 3151 317 3215; x_wconf 83' lang='lat' dir='ltr'><strong>Ex</strong></span> <span class='ocrx_word' id='word_1_212' title='bbox 340 3149 464 3236; x_wconf 90' lang='lat' dir='ltr'><strong>quibus</strong></span> <span class='ocrx_word' id='word_1_213' title='bbox 495 3153 639 3214; x_wconf 81' lang='lat' dir='ltr'><strong>maxime</strong></span> <span class='ocrx_word' id='word_1_214' title='bbox 667 3154 886 3216; x_wconf 85' lang='lat' dir='ltr'><strong>aestimantur</strong></span> <span class='ocrx_word' id='word_1_215' title='bbox 915 3153 972 3218; x_wconf 86' lang='lat' dir='ltr'><strong>ille</strong></span> <span class='ocrx_word' id='word_1_216' title='bbox 995 3175 1079 3238; x_wconf 87' lang='lat' dir='ltr'><strong>quae</strong></span> <span class='ocrx_word' id='word_1_217' title='bbox 1103 3175 1231 3240; x_wconf 91' lang='lat' dir='ltr'><strong>compo·</strong></span> 
     </span>
     <span class='ocr_line' id='line_1_29' title="bbox 111 3247 1230 3338; baseline 0.004 -26"><span class='ocrx_word' id='word_1_218' title='bbox 111 3249 170 3312; x_wconf 81' lang='lat' dir='ltr'><strong>sito</strong></span> <span class='ocrx_word' id='word_1_219' title='bbox 202 3249 341 3312; x_wconf 84' lang='lat' dir='ltr'><strong>fuerunt</strong></span> <span class='ocrx_word' id='word_1_220' title='bbox 372 3270 394 3311; x_wconf 87' lang='lat' dir='ltr'><strong>a</strong></span> <span class='ocrx_word' id='word_1_221' title='bbox 426 3247 618 3312; x_wconf 81' lang='lat' dir='ltr'><strong>clarissimis</strong></span> <span class='ocrx_word' id='word_1_222' title='bbox 650 3249 890 3333; x_wconf 81' lang='lat' dir='ltr'><strong>professoribus</strong></span> <span class='ocrx_word' id='word_1_223' title='bbox 922 3253 1029 3316; x_wconf 80' lang='lat' dir='ltr'><strong>Ritter</strong></span> <span class='ocrx_word' id='word_1_224' title='bbox 1061 3261 1094 3314; x_wconf 88' lang='lat' dir='ltr'><strong>ct</strong></span> <span class='ocrx_word' id='word_1_225' title='bbox 1122 3251 1230 3338; x_wconf 63' lang='grc' dir='ltr'><strong><em>Δίιος,</em></strong></span> 
     </span>
     <span class='ocr_line' id='line_1_30' title="bbox 110 3343 1231 3432; baseline 0.002 -22"><span class='ocrx_word' id='word_1_226' title='bbox 110 3348 263 3432; x_wconf 78' lang='lat' dir='ltr'><strong>qumvis</strong></span> <span class='ocrx_word' id='word_1_227' title='bbox 278 3347 314 3410; x_wconf 90' lang='lat' dir='ltr'><strong>in</strong></span> <span class='ocrx_word' id='word_1_228' title='bbox 334 3343 536 3430; x_wconf 86' lang='lat' dir='ltr'><strong>quibusdam</strong></span> <span class='ocrx_word' id='word_1_229' title='bbox 556 3346 768 3429; x_wconf 83' lang='lat' dir='ltr'><strong>castigandus</strong></span> <span class='ocrx_word' id='word_1_230' title='bbox 781 3367 895 3410; x_wconf 89' lang='lat' dir='ltr'><strong>eornm</strong></span> <span class='ocrx_word' id='word_1_231' title='bbox 919 3349 1098 3412; x_wconf 86' lang='lat' dir='ltr'><strong>sententias</strong></span> <span class='ocrx_word' id='word_1_232' title='bbox 1121 3351 1231 3412; x_wconf 82' lang='lat' dir='ltr'><strong>existi·</strong></span> 
     </span>
     <span class='ocr_line' id='line_1_31' title="bbox 113 3441 1231 3528; baseline 0.002 -20"><span class='ocrx_word' id='word_1_233' title='bbox 113 3465 250 3524; x_wconf 76' lang='lat' dir='ltr'><strong>memus3</strong></span> <span class='ocrx_word' id='word_1_234' title='bbox 269 3441 477 3506; x_wconf 75' lang='lat' dir='ltr'><strong>durissimus</strong></span> <span class='ocrx_word' id='word_1_235' title='bbox 488 3441 595 3528; x_wconf 77' lang='lat' dir='ltr'><strong>Alaog</strong></span> <span class='ocrx_word' id='word_1_236' title='bbox 606 3453 717 3508; x_wconf 87' lang='lat' dir='ltr'><strong>tamen</strong></span> <span class='ocrx_word' id='word_1_237' title='bbox 729 3445 764 3508; x_wconf 90' lang='lat' dir='ltr'><strong>in</strong></span> <span class='ocrx_word' id='word_1_238' title='bbox 776 3443 901 3508; x_wconf 88' lang='lat' dir='ltr'><strong>ultimis</strong></span> <span class='ocrx_word' id='word_1_239' title='bbox 914 3445 1231 3528; x_wconf 77' lang='lat' dir='ltr'><strong>oper-iseditionibus</strong></span> 
     </span>
     <span class='ocr_line' id='line_1_32' title="bbox 111 3537 1230 3627; baseline 0.005 -27"><span class='ocrx_word' id='word_1_240' title='bbox 111 3563 191 3626; x_wconf 72' lang='lat' dir='ltr'><strong>«puae</strong></span> <span class='ocrx_word' id='word_1_241' title='bbox 213 3537 432 3604; x_wconf 79' lang='lat' dir='ltr'><strong>emendanda</strong></span> <span class='ocrx_word' id='word_1_242' title='bbox 464 3538 663 3605; x_wconf 88' lang='lat' dir='ltr'><strong>videbantur</strong></span> <span class='ocrx_word' id='word_1_243' title='bbox 695 3543 847 3606; x_wconf 87' lang='lat' dir='ltr'><strong>correxit.</strong></span> <span class='ocrx_word' id='word_1_244' title='bbox 894 3541 1043 3604; x_wconf 69' lang='lat' dir='ltr'><strong>Historia</strong></span> <span class='ocrx_word' id='word_1_245' title='bbox 1066 3541 1230 3627; x_wconf 81' lang='lat' dir='ltr'><strong>Reforma-</strong></span> 
     </span>
     <span class='ocr_line' id='line_1_33' title="bbox 111 3637 1268 3723; baseline 0.002 -21"><span class='ocrx_word' id='word_1_246' title='bbox 111 3639 203 3702; x_wconf 76' lang='lat' dir='ltr'><strong>tiouia</strong></span> <span class='ocrx_word' id='word_1_247' title='bbox 231 3637 434 3721; x_wconf 84' lang='lat' dir='ltr'><strong>conscripta,</strong></span> <span class='ocrx_word' id='word_1_248' title='bbox 459 3637 603 3721; x_wconf 59' lang='lat' dir='ltr'><strong>[paudus</strong></span> <span class='ocrx_word' id='word_1_249' title='bbox 623 3637 793 3723; x_wconf 66' lang='lat' dir='ltr'><strong>Dolliaper</strong></span> <span class='ocrx_word' id='word_1_250' title='bbox 818 3637 987 3723; x_wconf 88' lang='lat' dir='ltr'><strong>quondam</strong></span> <span class='ocrx_word' id='word_1_251' title='bbox 1010 3639 1231 3721; x_wconf 85' lang='lat' dir='ltr'><strong>protestantis·</strong></span> <span class='ocrx_word' id='word_1_252' title='bbox 1264 3709 1268 3714; x_wconf 70' lang='grc'>,</span> 
     </span>
     <span class='ocr_line' id='line_1_34' title="bbox 113 3732 1231 3819; baseline 0.002 -21"><span class='ocrx_word' id='word_1_253' title='bbox 113 3755 195 3800; x_wconf 85' lang='lat' dir='ltr'><strong>crum</strong></span> <span class='ocrx_word' id='word_1_254' title='bbox 221 3736 309 3799; x_wconf 83' lang='lat' dir='ltr'><strong>miro</strong></span> <span class='ocrx_word' id='word_1_255' title='bbox 333 3753 412 3796; x_wconf 90' lang='lat' dir='ltr'><strong>cum</strong></span> <span class='ocrx_word' id='word_1_256' title='bbox 441 3732 512 3797; x_wconf 79' lang='lat' dir='ltr'><strong>uelo</strong></span> <span class='ocrx_word' id='word_1_257' title='bbox 536 3735 685 3819; x_wconf 83' lang='lat' dir='ltr'><strong>miraque</strong></span> <span class='ocrx_word' id='word_1_258' title='bbox 709 3735 894 3799; x_wconf 84' lang='lat' dir='ltr'><strong>eruditione</strong></span> <span class='ocrx_word' id='word_1_259' title='bbox 924 3736 1108 3818; x_wconf 84' lang='lat' dir='ltr'><strong>exagitavit</strong></span> <span class='ocrx_word' id='word_1_260' title='bbox 1130 3745 1162 3800; x_wconf 93' lang='lat' dir='ltr'><strong>et</strong></span> <span class='ocrx_word' id='word_1_261' title='bbox 1184 3757 1231 3800; x_wconf 88' lang='lat' dir='ltr'><strong>re·</strong></span> 
     </span>
     <span class='ocr_line' id='line_1_35' title="bbox 111 3829 1231 3916; baseline 0.004 -22"><span class='ocrx_word' id='word_1_262' title='bbox 111 3831 235 3897; x_wconf 68' lang='lat' dir='ltr'><strong>inurit.</strong></span> <span class='ocrx_word' id='word_1_263' title='bbox 286 3829 356 3911; x_wconf 81' lang='lat' dir='ltr'><strong>Qui</strong></span> <span class='ocrx_word' id='word_1_264' title='bbox 380 3840 414 3894; x_wconf 90' lang='lat' dir='ltr'><strong>et</strong></span> <span class='ocrx_word' id='word_1_265' title='bbox 436 3829 511 3894; x_wconf 85' lang='lat' dir='ltr'><strong>aliis</strong></span> <span class='ocrx_word' id='word_1_266' title='bbox 534 3832 690 3916; x_wconf 87' lang='lat' dir='ltr'><strong>operibus</strong></span> <span class='ocrx_word' id='word_1_267' title='bbox 713 3832 754 3896; x_wconf 89' lang='lat' dir='ltr'><strong>ds</strong></span> <span class='ocrx_word' id='word_1_268' title='bbox 778 3832 915 3896; x_wconf 85' lang='lat' dir='ltr'><strong>historie</strong></span> <span class='ocrx_word' id='word_1_269' title='bbox 940 3832 1109 3896; x_wconf 80' lang='lat' dir='ltr'><strong>Ecclesiae</strong></span> <span class='ocrx_word' id='word_1_270' title='bbox 1133 3833 1231 3898; x_wconf 86' lang='lat' dir='ltr'><strong>editis</strong></span> 
     </span>
     <span class='ocr_line' id='line_1_36' title="bbox 113 3925 1230 4014; baseline 0.002 -22"><span class='ocrx_word' id='word_1_271' title='bbox 113 3927 292 3994; x_wconf 68' lang='lat' dir='ltr'><strong>maximum</strong></span> <span class='ocrx_word' id='word_1_272' title='bbox 327 3925 392 3992; x_wconf 86' lang='lat' dir='ltr'><strong>sibi</strong></span> <span class='ocrx_word' id='word_1_273' title='bbox 427 3947 549 3992; x_wconf 89' lang='lat' dir='ltr'><strong>nomen</strong></span> <span class='ocrx_word' id='word_1_274' title='bbox 580 3931 760 4014; x_wconf 80' lang='lat' dir='ltr'><strong>acquisivit</strong></span> <span class='ocrx_word' id='word_1_275' title='bbox 783 3939 816 3992; x_wconf 86' lang='lat' dir='ltr'><strong>et</strong></span> <span class='ocrx_word' id='word_1_276' title='bbox 847 3929 987 4010; x_wconf 81' lang='lat' dir='ltr'><strong>lamam3</strong></span> <span class='ocrx_word' id='word_1_277' title='bbox 1020 3951 1109 3996; x_wconf 90' lang='lat' dir='ltr'><strong>nunc</strong></span> <span class='ocrx_word' id='word_1_278' title='bbox 1142 3951 1230 4013; x_wconf 86' lang='lat' dir='ltr'><strong>vero,</strong></span> 
     </span>
     <span class='ocr_line' id='line_1_37' title="bbox 111 4023 1231 4112; baseline 0.002 -22"><span class='ocrx_word' id='word_1_279' title='bbox 111 4026 190 4112; x_wconf 85' lang='lat' dir='ltr'><strong>quod</strong></span> <span class='ocrx_word' id='word_1_280' title='bbox 214 4047 337 4092; x_wconf 77' lang='lat' dir='ltr'><strong>omnes</strong></span> <span class='ocrx_word' id='word_1_281' title='bbox 361 4025 427 4088; x_wconf 85' lang='lat' dir='ltr'><strong>viri</strong></span> <span class='ocrx_word' id='word_1_282' title='bbox 454 4023 531 4090; x_wconf 88' lang='lat' dir='ltr'><strong>boni</strong></span> <span class='ocrx_word' id='word_1_283' title='bbox 546 4024 669 4107; x_wconf 85' lang='lat' dir='ltr'><strong>dolent,</strong></span> <span class='ocrx_word' id='word_1_284' title='bbox 688 4027 723 4090; x_wconf 90' lang='lat' dir='ltr'><strong>in</strong></span> <span class='ocrx_word' id='word_1_285' title='bbox 738 4025 854 4090; x_wconf 88' lang='lat' dir='ltr'><strong>ultima</strong></span> <span class='ocrx_word' id='word_1_286' title='bbox 872 4025 943 4110; x_wconf 85' lang='lat' dir='ltr'><strong>jam</strong></span> <span class='ocrx_word' id='word_1_287' title='bbox 968 4035 1135 4092; x_wconf 82' lang='lat' dir='ltr'><strong>senectute</strong></span> <span class='ocrx_word' id='word_1_288' title='bbox 1158 4049 1231 4092; x_wconf 88' lang='lat' dir='ltr'><strong>con-</strong></span> 
     </span>
     <span class='ocr_line' id='line_1_38' title="bbox 111 4119 1232 4208; baseline 0 -20"><span class='ocrx_word' id='word_1_289' title='bbox 111 4125 236 4190; x_wconf 83' lang='lat' dir='ltr'><strong>stitutus</strong></span> <span class='ocrx_word' id='word_1_290' title='bbox 271 4120 423 4207; x_wconf 79' lang='lat' dir='ltr'><strong>lugubre</strong></span> <span class='ocrx_word' id='word_1_291' title='bbox 460 4119 597 4186; x_wconf 83' lang='lat' dir='ltr'><strong>exhibet</strong></span> <span class='ocrx_word' id='word_1_292' title='bbox 633 4122 858 4208; x_wconf 85' lang='lat' dir='ltr'><strong>spectaculum</strong></span> <span class='ocrx_word' id='word_1_293' title='bbox 894 4121 1083 4188; x_wconf 86' lang='lat' dir='ltr'><strong>rebellionis</strong></span> <span class='ocrx_word' id='word_1_294' title='bbox 1118 4133 1232 4188; x_wconf 86' lang='lat' dir='ltr'><strong>contra</strong></span> 
     </span>
     <span class='ocr_line' id='line_1_39' title="bbox 109 4216 1231 4305; baseline -0.006 -16"><span class='ocrx_word' id='word_1_295' title='bbox 109 4219 301 4288; x_wconf 63' lang='lat' dir='ltr'><strong>hebrum.</strong></span> <span class='ocrx_word' id='word_1_296' title='bbox 352 4219 537 4284; x_wconf 73' lang='lat' dir='ltr'><strong>Historiam</strong></span> <span class='ocrx_word' id='word_1_297' title='bbox 570 4216 780 4283; x_wconf 69' lang='lat' dir='ltr'><strong>Coodliorum</strong></span> <span class='ocrx_word' id='word_1_298' title='bbox 806 4218 1099 4305; x_wconf 84' lang='lat' dir='ltr'><strong>locupletissimam</strong></span> <span class='ocrx_word' id='word_1_299' title='bbox 1127 4229 1161 4283; x_wconf 89' lang='lat' dir='ltr'><strong>et</strong></span> <span class='ocrx_word' id='word_1_300' title='bbox 1182 4241 1231 4282; x_wconf 88' lang='lat' dir='ltr'><strong>ce·</strong></span> 
     </span>
    </p>
   </div>
   <div class='ocr_carea' id='block_1_4' title="bbox 0 0 1473 4828">
    <p class='ocr_par' dir='ltr' id='par_1_4' title="bbox 0 0 1473 4828">
     <span class='ocr_line' id='line_1_40' title="bbox 0 0 1473 4828; baseline 0 0"><span class='ocrx_word' id='word_1_301' title='bbox 0 0 1473 4828; x_wconf 95' lang='lat' dir='ltr'><strong> </strong></span> 
     </span>
    </p>
   </div>
  </div>
 </body>
</html>
