2806 4848
388 437 515 492 Definitio
534 438 566 492 de
584 437 687 506 Spiritu
705 440 813 498 Sancto.
1104 445 1153 498 119

64 581 222 666 procedens,
257 581 304 645 ito
337 591 366 644 st
388 579 537 668 Parias).
562 581 594 648 S.
619 583 827 669 Epiphanius
851 586 945 650 affert
968 586 1151 670 symbolum

65 677 148 762 quod,
171 687 203 764 ut
225 679 288 758 ait,
323 680 513 764 praesertim
544 705 563 743 a
587 681 831 746 catechumenis
855 682 1075 768 profitendum
1099 708 1151 748 ox-

65 775 205 860 igcbatur,
228 785 260 840 et
284 777 316 840 in
341 799 379 840 co
404 775 502 840 iidem
532 778 571 842 dc
596 777 720 864 Spiritu
743 779 864 844 Sancto
888 779 977 844 hisce
1002 781 1151 846 exhibet:

64 875 96 936 n
125 877 155 938 ia
186 873 336 960 Spiritcm
365 875 513 940 Sanctam
537 876 699 956 credimus,
732 879 787 962 pai
810 877 928 942 locutus
951 889 997 942 cst
1019 880 1054 942 ia
1077 879 1152 966 lepe,

62 984 85 1032 ct
101 971 291 1056 praedicarit
323 973 356 1036 ia
384 974 558 1060 prophetis,
589 985 619 1038 ct
648 975 808 1039 descendit
836 975 879 1039 ad
901 975 1085 1055 Jordaacm,
1110 976 1152 1040 lo-

60 1071 152 1152 quitur
173 1070 206 1132 in
228 1071 399 1158 Apostolis,
423 1069 545 1133 babitot
572 1073 606 1135 ia
637 1071 771 1136 Sanctia.
819 1075 869 1138 lto
901 1097 972 1137 cero
995 1075 1029 1137 ia
1052 1075 1154 1159 ipsam

60 1167 209 1248 credimus,
240 1169 322 1254 qaod
353 1168 470 1232 scilicet
501 1179 547 1232 est
573 1167 714 1256 Spiritus
744 1170 892 1250 Sanctus,
916 1169 1057 1258 Spiritus
1080 1171 1152 1250 Dei,

60 1267 185 1350 >pir-itas
210 1265 390 1352 perfectas,
425 1263 565 1352 Spiritus
596 1267 794 1347 Paracletus,
827 1269 994 1348 increatas,
1028 1271 1081 1356 qui
1113 1293 1152 1334 ec

59 1363 141 1426 Patre
157 1364 314 1450 procedit,
331 1375 360 1428 ct
375 1365 491 1452 occipit
505 1376 533 1428 ci
554 1387 618 1429 cose
638 1366 774 1429 creditur
793 1388 832 1428 co?
846 1365 931 1430 Filio
957 1363 1023 1454 (καὶ
1048 1364 1081 1430 ἔκ
1096 1369 1153 1430 τοῦ

63 1457 127 1522 tici·
147 1457 387 1544 lnprssovdpsior
419 1459 472 1525 aci
502 1459 786 1550 aroascdperov)').
835 1463 907 1544 Quo
933 1487 1029 1528 sensu
1053 1463 1151 1550 Spiri·
1208 1479 1210 1484 ’

57 1577 98 1620 rus
116 1557 244 1622 dicatur
266 1561 416 1644 accipere
440 1583 481 1623 ex
496 1559 581 1624 Filio
606 1559 672 1648 (J0.
700 1559 819 1646 leit),
845 1560 990 1624 declarat
1013 1561 1151 1626 alterum

56 1659 200 1720 incisum:
234 1681 273 1720 ecc
306 1655 390 1721 Filio
414 1680 488 1738 ¹‹eaae
521 1659 667 1722 creditor.
717 1657 801 1743 „Hic
827 1659 934 1742 igitur,
968 1659 1015 1722 ait
1038 1659 1152 1723 merito

56 1754 232 1838 Franzelin,
257 1757 291 1818 in
315 1754 470 1840 Syurbolo
503 1755 590 1842 quod
622 1779 706 1822 saco.
738 1755 787 1820 IV
811 1757 845 1819 in
870 1755 1003 1820 Oriente
1027 1757 1152 1820 institu-

54 1855 122 1916 tioni
147 1851 457 1918 catechumenorum
491 1864 522 1918 et
555 1854 795 1918 confirmationi
825 1853 970 1917 fidelium
995 1853 1152 1917 adversus

52 1966 127 2014 artes
150 1951 388 2016 haereticorum
422 1951 622 2016 destinatum
656 1962 725 2017 orat
757 1953 846 2016 etin
871 1951 981 2014 miultis
1005 1951 1151 2015 ecclesiis

52 2061 245 2135 asrrrpatnm,
256 2048 416 2114 habemus
428 2072 616 2136 expressam
632 2049 902 2114 declarationem:
927 2047 1068 2134 Spiritus
1081 2069 1151 2134 pro-

51 2147 128 2210 cedit
160 2171 203 2211 ex
226 2147 323 2212 Patre
356 2160 387 2211 et
420 2171 461 2212 ex
486 2147 569 2212 Filio
603 2172 673 2212 csse
712 2147 864 2211 creditur.
911 2145 1049 2232 insuper
1081 2169 1150 2232 pro-

50 2245 135 2308 t'cssio
168 2245 252 2308 haec
285 2257 334 2309 est
365 2247 398 2309 in
422 2244 589 2330 Symbolo‚
622 2245 710 2333 quod
743 2244 918 2308 exhibetur
949 2243 990 2308 ab
1025 2247 1093 2331 ipso
1118 2243 1150 2310 S.

51 2341 228 2428 Epiphanio
253 2342 344 2407 velut
376 2343 508 2408 uberior
539 2355 571 2408 et
594 2345 666 2408 sine
690 2343 920 2407 controversiis
943 2353 1074 2428 recepta
1098 2366 1151 2406 ex-

51 2439 186 2522 planatio
220 2441 379 2505 formulae
412 2441 619 2528 simplicioris
651 2443 705 2527 qai
737 2463 776 2504 ca
800 2440 895 2504 Patre
913 2441 1080 2528 procedit;
1117 2441 1151 2504 in

50 2537 102 2600 hac
125 2561 204 2623 ergo
230 2539 300 2623 ipsa
324 2551 390 2603 tam
410 2539 562 2603 Pastores
585 2562 684 2626 quam
708 2537 820 2602 fidelos
844 2539 1084 2624 processionem
1110 2561 1151 2601 ex

52 2635 124 2698 Filio
149 2659 218 2700 non
244 2636 422 2720 exclusam,
447 2637 502 2701 sed
536 2637 696 2702 inclusam
721 2634 947 2720 intelligebant
976 2646 1008 2698 et
1032 2634 1151 2699 diserto

49 2733 340 2821 pertimescunt).

125 2833 180 2898 46.
208 2833 259 2896 Ex
283 2832 333 2896 his
357 2835 457 2920 igitur
480 2833 583 2916 vides,
618 2833 750 2896 omnino
775 2830 936 2894 immerito
961 2831 1151 2916 scriptorem

48 2929 129 2994 illum
161 2928 330 3017 (Langen)
363 2953 521 3009 asserere,
546 2928 795 2995 concedendum
826 2949 895 2991 esse
928 2927 1151 2993 Orientalibus

47 3026 277 3110 schismaticis,
309 3029 423 3093 Patres
452 3027 602 3094 CPtanos
625 3027 715 3093 haud
739 3028 931 3110 cognovisse
949 3048 1064 3112 parem
1079 3025 1146 3110 Spi-

47 3127 118 3190 ritus
142 3125 258 3192 Sancti
292 3149 334 3190 ex
356 3123 452 3192 Patro
485 3137 518 3191 et
541 3127 625 3191 Filio
650 3126 902 3212 processionem.
948 3121 1152 3187 Studuerunt

46 3223 171 3306 quidem
215 3223 414 3288 schismatici
452 3225 586 3288 Patrum
625 3224 816 3304 locutiones,
857 3220 977 3307 quibus
1009 3220 1150 3306 Spiritus

46 3325 179 3384 Sanctus
205 3343 247 3384 ex
258 3321 342 3386 Filio
367 3346 436 3386 esse
461 3323 581 3387 diserte
605 3323 768 3400 asseritur,
793 3341 956 3406 exponere
980 3319 1021 3383 de
1046 3318 1150 3402 donis,

45 3417 80 3480 «lc
111 3420 280 3502 missione,
313 3419 352 3484 de
387 3422 558 3485 effectibus
591 3421 732 3505 Spiritus
761 3418 872 3482 Sancti
906 3417 948 3480 ad
973 3426 1084 3499 extra3
1118 3425 1152 3481 at

47 3515 117 3580 baec
152 3519 376 3602 interpretatio
409 3518 522 3582 saltem
553 3517 721 3582 exclusive
754 3527 883 3602 sumpta
912 3515 1044 3578 omnino
1068 3515 1150 3579 arbi·

46 3617 135 3679 traria
162 3625 221 3696 est,
247 3617 357 3704 inepta
381 3627 413 3680 et
435 3616 526 3682 falsa.
548 3617 723 3702 —Neque
747 3613 876 3678 admitti
901 3611 1007 3694 debet,
1032 3612 1150 3676 forma-

86 3747 251 3754 ----———-

109 3823 130 3890 ¹)
153 3820 185 3873 In
205 3819 303 3874 Josnn.
321 3837 346 3888 p.
366 3821 425 3875 910.

108 3901 128 3956 't
153 3901 324 3958 Arsarata
345 3902 404 3954 120.

106 3983 130 4050 ⁸)
152 3979 183 4034 L.
213 3995 234 4035 c.
255 3996 279 4048 p.
300 3982 360 4036 511.
379 4011 413 4020 -
432 3979 487 4034 (ifr.
510 3979 592 4033 etiam
611 3979 729 4048 eJ'usdem
755 3975 873 4030 auctoris
892 3991 957 4042 opus
976 3976 1088 4030 citatum
1108 3977 1151 4030 De

43 4062 206 4126 processione
225 4059 349 4128 Spiritus
368 4061 472 4126 Sancti,
499 4077 524 4128 p.
543 4061 604 4126 269,
630 4067 695 4114 notu
720 4060 752 4120 1.,
773 4058 817 4112 ubi
837 4055 995 4120 ostenditur,
1016 4055 1063 4110 illa
1081 4074 1150 4126 sym·

43 4137 88 4195 boli
108 4139 194 4196 verbo
219 4141 246 4194 lx
274 4144 322 4192 τοῦ
354 4143 418 4192 11οῦ
447 4185 452 4195 ,
477 4180 485 4198 .
513 4181 520 4196 .
550 4139 749 4209 πιστευόμενον
767 4139 928 4208 significare,
957 4139 1002 4204 qui
1022 4138 1149 4207 (Spiritus

45 4223 161 4292 metus)
181 4237 215 4274 ex
233 4220 302 4274 Filio
321 4238 374 4274 esse
389 4220 513 4275 creditur.
