2766 4836
249 502 285 554 rt
489 504 529 556 De
550 502 695 560 Arianismi
714 503 781 559 fatis
799 521 832 558 ac
850 505 882 560 da
901 505 979 573 lapsu
996 504 1116 562 Liberiii

251 645 341 710 sibus
364 670 393 711 a.
417 647 481 710 357
507 655 670 711 mortuum
702 671 781 728 esse,
813 671 854 713 ex
877 648 1011 714 Socrate
1043 650 1086 715 H.
1110 651 1151 714 37
1176 649 1343 734 colligitur:

250 754 416 808 caeterum
440 767 523 831 quae
546 746 581 809 in
605 744 661 810 illa
683 745 818 812 historia
838 759 1014 815 narrantur
1031 770 1097 812 non
1121 771 1154 812 se
1177 747 1345 812 extendunt

249 841 335 907 ultra
358 853 487 928 tempus
511 843 794 928 quadragesimale
818 871 847 912 a.
872 848 936 912 357
946 845 979 932 ¹).

339 943 391 1006 99.
416 941 530 1027 ltaque
555 943 594 1004 2⁰
621 965 660 1006 ea
678 942 750 1028 jam
773 945 882 1029 prodit
905 946 1062 1031 quaestio,
1077 955 1188 1009 utrum
1208 965 1289 1030 quae
1301 943 1345 1006 Li·

251 1038 332 1103 berii
357 1039 486 1125 lapsum
509 1049 667 1125 spectant,
701 1041 743 1105 ab
767 1044 837 1129 ipso
872 1043 1064 1124 Athanasio,
1098 1065 1139 1106 an
1174 1051 1285 1127 postea
1311 1039 1344 1103 ab

251 1234 433 1300 Athanasio
450 1236 598 1322 adjectae
614 1259 674 1319 sse,
690 1261 792 1324 quum
809 1238 948 1304 dubium
967 1260 1034 1302 non
1057 1239 1108 1320 sit,
1133 1240 1236 1302 etiam
1258 1247 1343 1322 poste-

250 1336 329 1398 riori
353 1343 498 1419 tempore
523 1335 637 1400 eadem
653 1337 810 1421 opuscula
824 1340 859 1402 iu
883 1336 1036 1402 manibus
1050 1335 1229 1400 Athanasii
1252 1335 1345 1400 fuisso.

251 1431 317 1496 Sed
331 1431 465 1517 Stilting
480 1441 511 1496 et
525 1444 599 1517 post
612 1436 720 1520 ipsum
734 1435 937 1521 Reinerding
951 1444 983 1498 et
1000 1432 1234 1499 Schneemann
1247 1455 1348 1516 graves

250 1531 392 1594 rationes
416 1531 566 1612 afferunt,
591 1532 632 1596 oh
657 1555 738 1618 quas
752 1535 952 1615 existimant,
975 1533 1031 1598 illa
1054 1531 1111 1596 din
1135 1543 1212 1618 post
1235 1530 1276 1596 ah
1297 1529 1348 1593 alio

251 1629 380 1714 adjecta
403 1629 512 1694 fuisse.
559 1631 603 1694 Et
634 1653 668 1694 re
692 1632 825 1717 quidem
855 1655 943 1713 vera,
967 1632 994 1694 si
1019 1630 1060 1694 ab
1084 1633 1156 1715 ipso
1181 1629 1350 1695 Athanasio

132 1731 218 1772 ΝΜ
252 1727 307 1790 illa
331 1726 460 1812 adjecta
483 1736 567 1810 sunt,
592 1729 753 1814 imprimis
784 1729 882 1794 valde
912 1731 1033 1794 mirum
1056 1739 1114 1808 est,
1139 1728 1230 1814 quod
1254 1727 1350 1792 Socra-

140 1805 207 1896 iaii.
252 1835 300 1888 tes
324 1835 356 1889 et
378 1824 612 1906 Theodoretus,
637 1828 693 1912 qui
717 1827 781 1891 illis
805 1827 980 1892 Athanasii
1003 1825 1096 1890 libris
1121 1827 1247 1911 passim
1271 1833 1350 1886 utun-

252 1932 306 1988 tur
328 1932 361 1987 et
383 1925 525 2008 integros
549 1945 591 1987 ex
621 1925 661 1988 iis
691 1925 868 1990 desumunt
890 1947 1015 2010 passus,
1046 1946 1113 1988 non
1137 1925 1281 1988 afferunt
1302 1922 1350 1983 ista

254 2021 294 2085 de
326 2021 453 2085 Liberii
485 2021 589 2107 lapsu,
623 2045 719 2108 quem
743 2023 840 2108 plane
874 2025 1041 2107 ignorasse
1062 2021 1232 2086 videntur.
1277 2019 1351 2082 Hine

252 2119 319 2182 fere
353 2128 478 2183 certum
511 2120 651 2202 videtur,
685 2143 797 2185 eorum
830 2131 936 2186 aetate
969 2121 1031 2184 ista
1063 2119 1215 2184 nondum
1247 2119 1351 2182 inserta

253 2217 362 2282 fuisse.
408 2218 519 2282 Etiam
551 2217 751 2284 Soaomenus
775 2220 863 2284 nullo
895 2219 991 2284 modo
1023 2221 1057 2283 in
1080 2241 1139 2290 sua
1164 2216 1298 2280 historia
1319 2210 1351 2274 ad

252 2315 335 2380 haec
371 2317 514 2402 respicit.
560 2355 602 2364 —·
644 2316 885 2382 Gravissimum
918 2318 1063 2403 profecto
1096 2326 1145 2381 est
1179 2315 1243 2379 hoc
1273 2333 1352 2394 argu·

254 2423 410 2479 mentum.

344 2512 417 2576 100.
441 2511 526 2578 Sunt
549 2511 625 2576 dein
649 2511 687 2576 3⁰
714 2514 812 2576 etiam
835 2523 1028 2597 argumenta
1051 2511 1217 2598 quaedam
1240 2511 1352 2573 interna

254 2632 339 2696 quae
362 2609 510 2691 suadent,
534 2608 625 2673 haud
648 2609 689 2674 ab
714 2609 896 2674 Athanasio
921 2609 976 2675 illa
1000 2631 1084 2696 quae
1107 2608 1237 2673 Liberii
1261 2603 1352 2671 etllo-

255 2710 293 2771 sii
317 2707 446 2792 lapsum
470 2716 618 2792 spectant
641 2729 710 2770 esse
733 2708 865 2774 inserta.
912 2708 1044 2792 Integer
1067 2707 1121 2771 ille
1145 2727 1264 2792 passus
1283 2703 1353 2786 Apo

254 2806 360 2889 legiae
384 2805 453 2892 (nn.
478 2805 531 2888 89,
556 2804 612 2891 90)
636 2827 733 2891 quem
750 2807 935 2888 citavimus,
957 2829 1032 2870 cunr
1055 2805 1184 2890 reliqua
1209 2801 1353 2889 Apologia

254 2927 371 2990 parum
404 2903 565 2985 cohaeret,
599 2913 631 2968 et
663 2905 903 2988 argumentatio
936 2905 971 2968 in
1003 2925 1040 2967 eo
1054 2943 1056 2946 -
1072 2903 1151 2968 satis
1174 2905 1286 2986 inepta
1308 2908 1352 2960 est

255 3005 301 3067 ita
325 3011 361 3066 ut
384 3025 459 3066 cum
483 3002 659 3087 prudentia
690 3012 723 3066 et
745 3003 877 3086 ingenio
909 3001 1083 3066 Athanasii
1107 3000 1278 3064 conciliari
1307 2995 1353 3056 vit

255 3102 366 3186 possit,
391 3099 547 3164 laciniam
571 3101 668 3164 istam
691 3098 733 3164 ab
758 3119 796 3163 eo
828 3121 897 3163 esse
922 3099 1096 3185 adjectam.
1144 3097 1258 3179 Quum
1281 3095 1352 3158 enin

255 3222 285 3264 a.
314 3199 379 3264 352
408 3220 522 3283 urgere
546 3208 654 3284 posset
677 3219 872 3285 consensum
897 3199 1142 3262 innumerorum
1165 3192 1352 3260 Praesulun.

256 3308 366 3361 tamen
390 3319 503 3360 versus
527 3320 557 3360 a,
581 3296 655 3376 360,
688 3317 751 3380 quo
776 3297 839 3359 ista
862 3295 903 3360 ab
936 3317 973 3359 eo
997 3295 1111 3360 addita
1134 3317 1206 3360 esse
1230 3287 1351 3376 supponi

180 3453 181 3456 ,
256 3403 373 3481 posset,
399 3394 439 3458 de
464 3396 648 3459 constantia
679 3393 856 3458 multorum
888 3395 1116 3479 episcoporum
1146 3391 1278 3476 gloriari
1300 3405 1352 3450 uon

256 3503 393 3579 poterat.
440 3492 547 3556 Valde
571 3492 737 3556 infirmam
761 3493 860 3556 etiam
893 3514 963 3556 esse
987 3491 1300 3576 argumentationem
1321 3501 1352 3543 tx

256 3591 382 3657 Liberii
407 3600 439 3654 et
462 3591 557 3654 Hosii
582 3591 673 3672 actis,
708 3611 809 3676 quum
842 3591 905 3675 ipsi
934 3588 1178 3670 succubuerint,
1202 3605 1295 3651 nemo
1316 3592 1351 3642 est

257 3692 313 3776 qui
337 3712 404 3754 non
428 3691 556 3755 sentiat.
583 3688 822 3774 ,Quocumque
846 3689 1078 3773 cogitationem
1102 3696 1205 3768 verto,
1230 3685 1275 3748 ait
1294 3676 1351 3744 Stil·

256 3791 377 3873 tingus,
402 3809 528 3873 nequeo
560 3785 593 3852 S.
617 3785 799 3851 Athanasio
830 3785 1011 3852 attribuere
1034 3785 1226 3850 addimenta
1248 3779 1301 3845 illa
1320 3775 1351 3837 dr

333 4055 352 4124 ¹)
371 4053 468 4122 Opinio
477 4070 557 4120 quarn
575 4053 702 4121 exprimit
711 4054 741 4106 P.
751 4053 832 4109 Gamo
845 4055 891 4122 (K.
903 4053 934 4108 G.
941 4053 1078 4122 Sponiens,
1089 4052 1123 4108 n
1133 4051 1158 4106 S.
1166 4053 1230 4118 269)
1248 4045 1351 4102 Amna-

258 4136 327 4190 sium
345 4135 476 4202 incepisse
503 4135 620 4188 libellum
646 4134 729 4188 istum
748 4151 771 4188 a.
797 4137 857 4200 356,
882 4133 928 4189 sed
946 4133 1065 4188 finivisse
1084 4149 1107 4186 a
1127 4133 1188 4196 358,
1204 4129 1288 4184 minus
1304 4137 1351 4209 PFT

259 4215 355 4270 babilis
371 4214 485 4270 videtur.
506 4213 627 4269 Historia
640 4213 767 4268 animilia
779 4215 886 4281 aliaque
905 4214 1034 4282 ejusmodi
1046 4214 1172 4282 oprncula
1188 4209 1274 4280 potius
1290 4205 1351 4257 tau·

259 4301 357 4350 uenter
374 4296 408 4350 ad
425 4295 584 4363 petitionem
603 4296 713 4351 aliorum
734 4295 767 4348 ab
787 4295 935 4350 Athanasio
954 4293 1105 4362 oonsmipta
1123 4297 1193 4348 suut

250 1137 314 1202 alio
339 1139 461 1202 inserta
483 1137 536 1202 vel
559 1138 689 1224 adjecta
711 1142 786 1205 sint.
833 1139 1011 1206 Contendit
1040 1139 1080 1204 cl.
1105 1141 1233 1220 Hefele,
1257 1162 1292 1203 ea
1312 1137 1344 1201 ab
