2836 4804
243 434 296 488 280
595 431 634 484 De
654 430 771 486 Concilio
790 431 1004 489 Cholcedonsnsl.

93 599 171 650 Aaou:
186 602 212 644 a
242 574 311 642 das.
357 575 473 660 Neque
495 573 650 638 Pontifex
683 583 762 638 tunc
785 577 999 660 existimavit,
1024 577 1212 644 Concilium
1236 578 1350 643 accele-

71 670 124 702 Μ’*
141 661 382 738 S'librandum
417 693 496 752 esse,
532 670 590 736 sed
614 671 883 758 tranquillitatem
918 677 1046 742 restitui
1081 700 1177 763 posse
1213 677 1284 742 sine
1306 697 1350 740 eo.

241 771 364 837 Scribit
386 769 573 835 videlicet'
565 791 600 833 1n
623 769 760 856 epistola
783 769 826 835 ad
850 771 1056 840 Marcianum
1088 777 1166 844 data
1191 798 1278 844 nono
1300 776 1351 840 ka·

239 867 326 934 lend.
351 868 431 932 Maii
454 890 484 931 a.
507 867 592 932 451:
626 869 733 932 Nimis
766 871 905 933 annm
891 873 1035 957 iniquum
1061 889 1116 957 est,
1140 889 1179 942 ut
1196 897 1260 964 per
1276 897 1351 960 pau·

240 989 344 1048 aarum
366 962 582 1050 insipientiam
614 965 658 1028 ad
689 969 883 1053 conjecturas
916 971 1098 1054 opinionum
1126 985 1157 1039 et
1181 973 1227 1038 ad
1249 994 1351 1038 cama·

240 1045 315 1127 lium
339 1063 601 1150 disceptationum
624 1063 708 1127 bella
716 1086 929 1148 provocemur,
954 1077 1104 1154 lanqueum
1126 1068 1347 1158 raparatadis·

239 1161 414 1247 captatione
425 1161 682 1239 tractandnmstt,
692 1163 1057 1252 utaumEntyslteecmpse
1066 1171 1211 1248 seruant,
1222 1179 1352 1233 etutrum

239 1259 334 1344 impia
346 1258 518 1321 Dioscorus
521 1258 690 1344 judicarit,
701 1259 756 1344 qui
763 1260 798 1322 in
810 1272 938 1326 sanatae
947 1268 1112 1330 nurnoriae
1124 1267 1282 1330 Flaviani
1290 1285 1352 1326 eon·

241 1355 438 1419 damnatione
449 1356 633 1440 repercutit,
645 1367 674 1421 et
684 1357 890 1444 simpliciores
900 1382 1044 1446 quosque,
1054 1373 1090 1426 ut
1099 1365 1135 1428 in
1146 1365 1286 1428 eamdem
1294 1363 1352 1424 rui·

240 1452 575 1537 namperuoloerentur
584 1455 720 1539 impepit,
734 1477 863 1538 qnorum
872 1454 1054 1547 multisjom
1062 1471 1098 1524 ut
1107 1462 1306 1546 capnooimus
1315 1455 1354 1520 ad

241 1549 470 1635 satisfactionis
493 1551 633 1616 remedia
649 1553 814 1631 conuersis,
831 1557 997 1620 streniam
1020 1557 1058 1620 de
1080 1557 1280 1622 inconstanti
1301 1566 1352 1618 trs·

239 1647 404 1734 pidatione
421 1647 631 1732 poscentibus,
661 1673 725 1714 non
747 1652 922 1738 cujumuodi
953 1655 995 1717 sit
1008 1653 1094 1738 fides
1116 1654 1257 1720 tenenda
1280 1663 1353 1716 trac·

243 1745 373 1810 tandum
396 1755 450 1823 est,
475 1745 530 1808 sed
553 1767 658 1810 eorum
676 1745 823 1832 praeibas
847 1747 984 1833 qualiter
1006 1752 1220 1816 annuendum
1272 1747 1352 1814 Unde
1403 1783 1404 1832 3

235 1845 403 1929 piissimae
435 1843 645 1908 sollicitudini
674 1856 803 1928 cestrae,
833 1869 926 1930 quam
963 1847 1001 1910 de
1032 1849 1209 1914 indicenda
1241 1846 1352 1934 synodo

241 1941 352 2005 tatere
376 1941 562 2026 dipnamini,
581 1966 643 2028 par
666 1941 851 2030 lapatianam
874 1967 952 2030 quaa
976 1945 1140 2031 confestim
1165 1947 1211 2010 ad
1234 1945 1350 2010 clemen
1403 1937 1404 2002 Ῑ

187 2105 197 2120 ,
243 2041 320 2104 tiam
342 2049 476 2102 aeonum
505 2039 573 2102 Deo
603 2051 759 2104 annuente
785 2043 958 2126 perveniet,
991 2043 1145 2128 quidquid
1178 2046 1224 2108 ad
1246 2065 1351 2108 causae
1403 2111 1404 2116 ,

243 2137 381 2201 arbitror
403 2137 572 2202 utilitatem
597 2140 770 2222 pertinere,
784 2138 914 2224 planiam
942 2152 1033 2225 atque
1058 2143 1270 2228 opportunius
1291 2161 1349 2224 nop-

242 2233 407 2321 9erotur¹).
455 2234 612 2298 Attamen
636 2258 737 2322 quum
755 2237 938 2322 Imperator
961 2239 1125 2302 insisteret
1147 2261 1210 2324 pro
1227 2235 1352 2321 synodo

243 2335 439 2419 quantocius
462 2332 669 2413 celebranda,
693 2334 761 2399 Leo
794 2329 865 2420 ejus
898 2333 1069 2398 desideriis
1092 2339 1224 2418 annuit,
1249 2337 1294 2398 uti
1316 2355 1351 2396 ex

243 2430 345 2495 altera
369 2430 505 2516 epistola
528 2431 594 2512 43¹,
628 2431 705 2495 data
730 2431 777 2496 VI
808 2432 875 2496 kal.
898 2431 992 2496 lunii
1023 2456 1052 2498 a.
1082 2433 1160 2514 451,
1187 2433 1349 2517 colligitur.
1403 2411 1404 2530 l

243 2528 366 2594 Scribit
389 2531 496 2592 enim:
521 2530 726 2614 Poposoaram
748 2532 872 2616 qnidam
904 2555 925 2594 a
946 2528 1177 2616 pluriosissima
1200 2531 1350 2596 damam

244 2639 357 2705 castra,
381 2639 416 2692 nt
439 2627 600 2713 synodum,
625 2650 717 2714 quam
733 2627 778 2692 ad
793 2628 1009 2712 reparandam
1024 2629 1192 2694 orientalia
1217 2629 1350 2694 adana

237 2749 361 2812 paoem,
397 2749 418 2789 a
452 2725 541 2789 nobis
575 2726 670 2790 etiam
686 2728 832 2812 petitam,
867 2729 1075 2790 neeessariam
1091 2727 1278 2816 judicasti,
1300 2724 1350 2786 ali·

244 2825 430 2910 quantisper
453 2821 578 2936 diffffl
601 2823 644 2886 ad
676 2834 794 2908 tempus
818 2824 1025 2909 opportunius
1041 2823 1209 2912 fideretis,
1234 2835 1268 2888 ut
1288 2822 1350 2886 titr-

244 2921 382 2986 rn'oribas
414 2921 452 2984 ab
486 2943 569 2984 omns
564 2919 769 3006 't'pertnrbo
757 2944 827 2985 sone
858 2923 992 3010 anima,
1016 2923 1048 2984 lsi
1071 2944 1191 3007 quoque
1215 2909 1404 3008 epneopi

245 3041 320 3106 quos
349 3017 533 3084 hostilitatis
555 3017 682 3104 metusl)
707 3019 835 3097 manet,
868 3020 1074 3084 conuenirent.
1122 3019 1189 3084 Sed
1213 3021 1285 3105 quio
1300 3019 1350 3102 pic

245 3119 349 3182 studio
382 3119 526 3181 leumanis
557 3118 689 3202 nepotiis
721 3117 832 3180 divina
856 3119 1048 3202 proponitis,
1071 3127 1102 3181 et
1123 3115 1350 3182 rationabiliter

246 3241 284 3280 aa
306 3216 450 3300 aalipiose
473 3216 562 3301 rapui
584 3216 680 3278 uestri
701 3215 819 3278 viribus
835 3216 963 3278 creditis
980 3215 1199 3300 profuturum,
1224 3215 1252 3278 si
1273 3209 1349 3276 nullo

247 3316 288 3380 sit
314 3315 349 3378 in
371 3315 566 3378 sacerdotum
598 3311 738 3377 sensibus
766 3313 982 3388 dissonantia,
1016 3311 1107 3375 nulla
1137 3314 1180 3376 sit
1204 3314 1238 3375 in
1259 3311 1348 3374 Eron-

246 3411 322 3498 pelii
339 3413 579 3498 praedicatione
603 3410 782 3488 discordia,
813 3432 864 3496 epo
897 3411 991 3473 etiam
1013 3411 1124 3474 vestris
1146 3405 1347 3496 dispontioni-

247 3510 303 3575 ins
326 3533 388 3574 non
411 3511 541 3588 renitor,
565 3520 680 3595 optans
712 3518 746 3572 ut
769 3510 904 3572 omnium
931 3507 1077 3571 cordibus
1100 3508 1255 3572 embolion
1267 3503 1347 3590 fidae

247 3633 326 3695 quaa
349 3631 413 3672 onon
429 3619 536 3694 potest
558 3609 624 3672 nisi
645 3631 711 3670 una
735 3629 815 3684 esse,
829 3607 984 3690 firmator.
1011 3655 1018 3669 .
1045 3657 1052 3672 .
1087 3607 1156 3670 Nea
1179 3629 1225 3669 me
1247 3621 1347 3690 pupae

248 3707 298 3792 (nt
319 3704 419 3770 voluit
441 3716 544 3769 verno
567 3705 744 3789 clementia)
775 3704 815 3767 ab
843 3703 900 3768 illo
931 3704 1068 3768 credatis
1091 3703 1199 3768 aleam
1222 3698 1347 3767 condio,

247 3829 315 3870 oum
339 3807 373 3868 in
395 3804 443 3868 luis
458 3804 623 3889 fratribus
653 3824 729 3888 quos
761 3802 876 3880 diremi,
908 3801 944 3864 id
967 3811 1013 3866 ast
1034 3801 1228 3865 Pasclrasino
1251 3808 1279 3860 et
1300 3795 1349 3857 Ln·
1403 3811 1404 3818 ¹

247 3905 347 3966 centio
372 3903 543 3988 episcopis,
567 3900 733 3986 Bonifatio
758 3910 788 3964 et
809 3899 933 3964 Basilio
951 3898 1157 3984 presbyteris,
1192 3897 1246 3962 sed
1266 3904 1294 3958 et
1320 3893 1348 3952 in

324 4046 412 4113 ¹)ltp
433 4044 526 4108 XLII;
546 4043 612 4111 Opp.
631 4042 656 4096 S.
675 4041 781 4095 Leonis.

323 4128 350 4196 ¹)
368 4125 538 4180 Hostilitatis
557 4123 601 4178 ille
619 4127 707 4177 metus
734 4127 839 4190 spectat
858 4121 892 4174 ad
910 4119 1069 4174 Hunnorum
1087 4107 1250 4184 aliorumque
1266 4109 1345 4166 siaa·
1403 4121 1404 4158 r

249 4222 338 4261 rorum
351 4206 480 4260 incursus
