2908 4828
411 445 454 499 De
471 443 669 512 bibliognphia
686 445 891 500 controversiae.
1178 445 1209 500 el

81 591 126 674 qni
153 587 344 672 mythismi
380 587 506 672 impias
535 585 677 654 theorias
707 597 899 672 sequuntur,
930 587 1210 673 quemadmodum

85 687 258 762 meratius
294 685 481 751 historiam
514 685 684 750 initiorum
718 683 980 766 Christianismi,
1021 687 1068 750 ita
1099 705 1210 750 conse·

87 793 213 868 quanter
246 785 359 846 etiam
394 783 486 846 Petri
519 784 582 848 iter
619 793 651 850 et
689 785 915 869 episcopatum
949 784 1135 849 Romanum
1166 783 1210 846 ad

88 879 209 964 mythos
232 889 269 944 et
294 880 453 944 fictiones
476 879 631 963 ablegare
655 883 764 948 eonati
789 891 876 946 sunt.
900 881 999 946 Anno
1026 881 1108 944 1861
1133 901 1210 944 ano·

89 999 211 1060 aymus,
235 977 422 1042 Wnldensi
445 977 686 1044 haereticorum
710 989 818 1043 sectae
847 979 1000 1044 addictus
1007 1027 1015 1060 ,
1041 977 1210 1060 Augustae

89 1075 308 1140 Taurinorum
343 1075 544 1160 opusculum
575 1075 651 1140 rudi
683 1076 809 1142 calamo
842 1078 1065 1162 conscriptum
1094 1074 1209 1154 edidit,

89 1174 205 1256 insigni
228 1172 297 1236 hoc
327 1171 443 1238 titulo:
473 1173 702 1258 Iuapoaaibila'tcl
731 1177 848 1240 ator-ica
878 1175 929 1238 del
958 1175 1081 1258 ciupps'o
1111 1173 1147 1236 da·
1175 1171 1208 1236 S.

89 1269 188 1334 lissa
212 1295 235 1332 a
254 1271 363 1334 Recta
385 1271 593 1350 ἀοπιοειταια,
618 1273 809 1338 secernendo
833 1272 902 1336 olla
916 1271 1012 1357 falsa
1035 1271 1210 1336 audiam

87 1365 235 1446 hm,·
268 1366 403 1432 libellus
434 1378 546 1434 autern
574 1370 635 1434 iste
667 1370 825 1436 inscitam
845 1367 1111 1454 compilationem
1135 1389 1210 1434 con-

88 1465 168 1527 tinet
197 1487 243 1528 ex
273 1466 315 1530 iis
350 1487 437 1550 quae
469 1465 512 1530 ab
544 1467 785 1552 antiquioribus
818 1467 991 1532 haereticis
1025 1468 1211 1550 conscripta

85 1571 174 1626 sunt.
218 1561 310 1628 Nota
338 1584 435 1648 porro
467 1573 517 1628 est
540 1564 717 1649 disputatio
741 1565 779 1630 de
802 1567 946 1632 Romano
970 1565 1057 1628 Petri
1085 1566 1208 1642 itinera,

85 1680 172 1742 quaa
195 1682 226 1724 a.
254 1659 342 1724 1872
366 1657 486 1724 dicbus
510 1661 531 1726 9
553 1670 586 1727 ct
611 1661 653 1726 10
671 1661 844 1728 Februarii
859 1662 984 1726 Romae
1006 1663 1092 1730 inter
1115 1683 1210 1746 quos-

86 1755 162 1820 dam
187 1757 379 1822 sacerdotes
402 1757 583 1840 catholicos
605 1768 639 1824 et
652 1759 779 1844 aliquos
803 1761 970 1826 ministros
992 1769 1208 1844 protestantes

87 1851 202 1918 hahita
223 1853 317 1940 esu)
340 1855 434 1920 lnter
456 1864 622 1940 apostatas
645 1865 756 1922 autem
770 1867 919 1922 recentes
940 1855 1051 1940 plures
1065 1856 1208 1936 fuerunt,

88 1952 143 2034 qni
172 1951 301 2016 henim
330 1951 396 2016 hec
426 1953 537 2018 furore
567 1955 711 2039 quodam
734 1956 1016 2039 impugnaverunt
1040 1953 1150 2037 impiis
1174 1951 1208 2016 li·

89 2046 192 2128 bellis,
216 2071 299 2134 quos
321 2071 497 2116 recensere
521 2071 587 2124 non
609 2061 658 2116 est
680 2069 799 2137 operae
822 2053 974 2138 pretium.

178 2147 206 2212 7.
232 2145 344 2227 Quam
367 2146 504 2232 plurimi
527 2149 661 2214 fuerunt
689 2159 840 2214 auctores
873 2147 1038 2228 catholini,
1063 2148 1120 2232 qui
1144 2146 1208 2210 his·
1225 2141 1373 2246 mmm

91 2245 224 2308 mucan
248 2247 426 2310 veritatem
441 2267 555 2310 eorum
576 2267 661 2332 quae
675 2247 718 2313 ad
732 2247 916 2314 Romanam
930 2247 969 2310 B.
984 2246 1072 2309 Petri
1088 2244 1208 2312 sedem

92 2343 252 2423 putrent
274 2366 294 2406 a
318 2342 590 2408 cavillationibus
612 2333 879 2410 adversariorum
902 2343 1126 2410 vindicarunt.
1164 2343 1207 2406 Vi

92 2450 358 2520 argumentorum
383 2441 466 2504 vieti
491 2441 590 2506 etiam
604 2440 753 2528 plerique
774 2440 969 2506 celebriores
992 2448 1209 2526 protestantes

95 2531 171 2598 illud
201 2535 326 2602 factum
360 2537 556 2602 historicum
590 2547 626 2601 ut
658 2540 879 2603 certissimum
911 2538 1107 2620 habuerunt,
1142 2539 1207 2600 imo

96 2633 189 2712 varii,
223 2635 270 2697 uti
295 2634 406 2716 Cave,
431 2635 593 2714 Pearson,
618 2635 717 2719 Hugo
741 2635 893 2717 Grotius,
918 2635 1087 2714 Ueserius,
1111 2632 1207 2698 Blon·

96 2724 202 2810 dellns,
216 2729 382 2816 Basnage‚
408 2731 488 2798 data
510 2753 610 2817 opera
632 2732 716 2802 illud
729 2741 1032 2818 propugnaverunt.
1056 2731 1208 2796 Sufficiat

97 2824 183 2892 noth
204 2830 400 2914 speciminis
422 2831 531 2912 gratia
553 2839 705 2894 auctores
732 2853 856 2916 paucos
879 2833 990 2911 citare,
1014 2829 1207 2914 praesertim

96 2943 145 2986 eoa
166 2927 221 3009 qni
245 2925 511 2992 vindicaverunt
535 2926 624 2990 Petri
655 2926 769 2996 sedem
791 2928 975 2992 Romanam
999 2936 1112 2990 eontra
1136 2924 1208 2988 illos

95 3018 296 3086 adversarios
319 3044 404 3108 quoa
428 3024 684 3097 nominavimus.
723 3023 874 3090 Ulricum
896 3020 1058 3090 Velenum
1080 3023 1208 3106 primus

94 3116 242 3182 iuravit
265 3118 458 3184 cardinalis
485 3117 655 3206 Greporiuv
682 3118 840 3186 Cortcsius
867 3121 997 3186 duobus
1028 3118 1121 3182 libris
1158 3119 1207 3184 De

95 3211 228 3278 limae
243 3215 335 3280 Pes-i
346 3217 474 3296 itinera,
486 3219 638 3304 pestisque
652 3219 811 3304 Hiaspis
825 3218 1063 3303 Apostolorum
1078 3218 1209 3305 scripsit

94 3321 199 3376 mnus
212 3334 291 3378 oum
305 3315 408 3378 otiam
422 3313 567 3378 Joauuea
582 3315 691 3380 Walter
711 3315 875 3382 Roffensis
889 3317 1076 3402 Episcopus,
1091 3313 1208 3378 61Βεί-

93 3403 494 3476 lcraiaarsatislusecum
503 3412 706 3480 coniutatDc
715 3415 857 3480 Roomuo
866 3414 956 3478 Post.
966 3412 1046 3476 libro
1054 3412 1097 3476 11.
1106 3411 1207 3498 Spau-

94 3499 231 3572 lenium
260 3529 340 3572 oum
363 3507 439 3572 aliis
470 3529 549 3592 prae
579 3511 717 3576 caeteris
740 3511 910 3596 Foppiua'ue
940 3511 1096 3574 contrivit
1118 3529 1209 3593 prae-

93 3599 173 3664 claro
194 3626 296 3688 opere
319 3605 411 3690 quod
434 3606 643 3671 inscribitur:
667 3607 716 3672 Da
731 3610 875 3674 Roamuo
899 3608 966 3672 diui
987 3608 1073 3672 Petri
1096 3608 1207 3670 itinere

92 3709 117 3760 et
136 3701 321 3787 episcopatu
343 3725 471 3790 wlepem
494 3706 723 3788 maccusius
743 3705 943 3790 imaginibus,
957 3705 1209 3770 Exercitationes

93 3795 377 3864 &medaeas
401 3797 604 3884 (Florentiae
627 3825 657 3866 a.
684 3801 794 3887 1141).
825 3799 1116 3868 Rationalistarum
1140 3823 1207 3886 my-

98 3957 296 3972 ⁸--u——-..--—-

157 4055 176 4120 ¹)
195 4053 279 4108 Vide:
292 4053 448 4108 Baseconto
459 4053 597 4108 autentico
607 4053 679 4109 della
688 4055 797 4123 disputa
816 4061 954 4108 avvenuta
972 4053 1096 4110 initoma
1114 4056 1208 4112 lesere

91 4127 128 4183 lei
144 4135 161 4185 9
178 4149 193 4187 e
213 4137 249 4188 1⁰
268 4133 410 4200 hinnio
431 4133 502 4184 18711
527 4129 571 4186 ha
587 4133 721 4188 maranti
739 4134 860 4188 eattolici
878 4149 893 4188 e
911 4133 1029 4190 ministri
1048 4135 1208 4204 evangelici,

89 4205 186 4264 latomo
203 4211 262 4266 slis
281 4217 392 4266 renota
409 4207 439 4264 di
457 4207 482 4263 ἃ
501 4209 597 4266 Platea
611 4211 641 4267 in
661 4208 753 4268 eona
789 4213 887 4281 (Roma
907 4213 995 4284 1871).
