2836 4804
504 459 601 528 vigilii
620 461 813 516 Ocnstitntmn.
1150 463 1206 516 851

90 603 223 680 nomine,
247 602 330 686 quod
352 603 460 688 impiis
476 605 619 668 Nestorii
629 605 777 668 uideatur·
787 606 977 670 ccncocdare
1001 606 1207 692 doymutibus

89 701 142 764 boa
164 709 237 764 turea
259 701 295 765 in
317 699 375 764 ilic
399 712 506 766 sancto
525 701 664 768 Concilio
688 727 709 766 a
732 705 799 768 ciro
818 704 991 768 cernrabiii
1018 703 1208 768 Tbeodoreto

7 805 9 874 ἶ
81 797 187 882 suerit
208 800 277 861 eine
310 797 507 864 dubitatione
537 801 730 880 deunana,
764 813 794 866 et
825 803 867 865 sit
900 801 993 866 vaide
1016 804 1209 866 contrarium

90 905 119 958 et
153 894 415 962 Cbalcedmseusis
446 895 568 984 Syuodi
591 899 716 988 judicic
754 895 1010 964 indubitabiliter·
1039 901 1209 978 inimicum,

88 993 245 1078 quaedam
269 995 466 1059 Nestorianu
499 996 648 1082 moneta
680 1021 763 1062 nunc
791 998 847 1062 sub
871 1003 939 1089 ejus
960 995 1133 1062 sucerdotis
1156 1021 1209 1061 no·

7 1099 8 1104 ’
89 1093 170 1154 ruine
193 1092 407 1170 condemnari,
431 1094 576 1178 quicum
606 1097 726 1158 canens
743 1095 894 1181 patribus
921 1096 1059 1161 euntdem
1081 1096 1212 1181 impium

7 1205 8 1232 t
93 1188 277 1252 Nestotimn
300 1200 329 1252 et
352 1193 419 1279 ejus
442 1189 636 1256 ececrabibic
668 1191 817 1278 decusata
840 1194 937 1278 (sicut
960 1193 1115 1277 discimus)
1140 1204 1212 1257 tunc

91 1289 289 1372 apertissime
312 1289 597 1352 anathematisavit.
623 1291 745 1354 ..Hac
769 1313 839 1378 eruc
862 1315 967 1356 rerum
988 1293 1120 1356 ueritate
1137 1313 1211 1376 per-

92 1407 201 1470 pensa,
225 1387 391 1450 statuimus
421 1397 513 1472 atque
545 1386 757 1468 dccemnmus,
781 1389 863 1453 nibil
888 1393 923 1454 in
945 1390 1098 1478 injurium
1120 1399 1211 1474 utque

92 1481 345 1548 ctueucttcuem
378 1483 598 1569 probatissimi
633 1487 668 1550 iu
706 1484 952 1551 Cbalcedouensi
984 1485 1110 1572 Synodo
1140 1488 1212 1568 uiri,

92 1581 145 1644 boc
168 1591 216 1644 est
245 1581 432 1646 tunderet·
453 1584 593 1668 episcopi
607 1582 691 1669 Cyri,
722 1584 777 1648 stab
802 1589 966 1650 taxatione
988 1586 1125 1649 nominis
1147 1588 1214 1674 ejus

94 1703 114 1744 a
136 1701 294 1765 quoquam
308 1680 385 1764 fieri
406 1681 456 1744 cel
472 1681 636 1767 mosen-i:
665 1683 720 1746 sed
743 1685 902 1748 custodita
923 1685 958 1746 iu
981 1683 1122 1746 omnibus
1139 1705 1214 1768 per-

93 1800 189 1842 souac
212 1781 281 1866 ejus
302 1780 487 1856 recermtia,
512 1801 716 1864 quantunque
747 1782 869 1866 scripta
900 1781 949 1845 oei
975 1781 1125 1865 decusata
1147 1784 1215 1869 ejus

94 1873 260 1963 numlibet
281 1877 404 1939 nominc
427 1873 561 1961 prolatu
590 1876 812 1941 sceleratorum
836 1879 981 1943 Nestorii
1003 1890 1095 1964 atquo
1119 1877 1214 1964 necy-

96 1973 190 2036 cbetis
222 1971 470 2058 mcmfestantsu·
503 1975 662 2040 emcribus
694 1997 876 2054 consonare,
916 1975 1215 2040 anctbemctizumus

95 2082 188 2157 atque
211 2071 406 2138 damnamus.
422 2109 466 2120 -
480 2072 624 2156 Vigilius
648 2073 728 2138 dum
751 2071 807 2138 hic
831 2084 961 2139 recusat
983 2074 1104 2156 scripte
1119 2093 1215 2157 quee-

96 2168 172 2232 dem
197 2166 259 2232 sub
283 2165 481 2234 Theodorcti
504 2173 639 2236 nomine
670 2171 844 2252 damnare,
870 2193 909 2236 sa
932 2170 1215 2256 argumentatione

96 2267 232 2330 nititur:
263 2265 488 2332 Theodcrctus
519 2271 709 2333 reverentie
741 2271 885 2334 maxime
918 2271 1039 2354 dignus
1071 2277 1138 2349 θεῖς
1176 2269 1216 2331 iis

97 2373 207 2427 eutem
232 2385 317 2448 quee
341 2366 376 2428 in
389 2363 537 2430 Concilio
554 2365 816 2432 chalcedonensi
840 2368 928 2450 fecit,
953 2377 986 2432 ct
1008 2365 1217 2431 anathemate

98 2463 134 2526 in
161 2461 352 2526 Nestorium
382 2462 463 2544 leta,
494 2463 686 2550 reprobavit
718 2475 750 2529 et
779 2464 950 2530 abdicavit
990 2483 1217 2552 quaecumque

99 2561 181 2624 torte
205 2569 304 2624 antea
327 2581 463 2625 erronee
477 2563 617 2646 scripsit.
664 2563 754 2626 Hinc
775 2562 854 2627 tulie
878 2566 1001 2650 scripta
1024 2563 1104 2626 dum
1128 2561 1217 2625 dum·

100 2667 232 2739 nentur,
256 2679 323 2722 non
335 2668 413 2722 sunt
432 2659 574 2744 emplius
588 2659 794 2725 Theodoretc
811 2671 848 2725 ut
869 2663 996 2726 auctori
1019 2658 1218 2742 assignanda

101 2766 134 2820 et
157 2755 220 2820 snb
243 2755 315 2841 ejus
338 2758 472 2821 nomine
497 2756 697 2840 damnande,
721 2778 823 2844 quum
847 2757 910 2822 hoc
933 2761 975 2822 eit
997 2757 1054 2821 teli
1078 2759 1150 2820 viro
1174 2757 1220 2820 in-

97 2854 276 2939 juriosum3
300 2851 358 2917 scd
381 2876 421 2918 eu
444 2854 635 2920 damnande
659 2865 735 2920 sunt
757 2855 902 2941 generali
926 2854 1070 2942 quadum
1094 2856 1220 2918 ratione

101 2951 245 3016 auctoris
267 2953 402 3016 nomine
425 2973 492 3017 non
515 2952 639 3018 addito.

190 3050 245 3116 56.
268 3049 358 3114 Dein
391 3049 526 3114 discutit
557 3050 713 3115 Pontifex
752 3054 976 3138 quaestionem
1010 3050 1052 3114 de
1083 3047 1221 3134 epistole

103 3147 193 3228 Ibec,
211 3146 301 3211 hisce
325 3146 436 3212 verbis
459 3146 651 3212 exordiens:
674 3149 725 3212 Dc
744 3149 880 3235 epistola
901 3171 1019 3236 quoque
1033 3145 1221 3212 uenmabilis

101 3247 165 3310 oiri
178 3244 256 3310 Ibue
270 3245 429 3332 quondam
442 3245 621 3310 Edessenuc
637 3248 775 3310 ciuitatis
788 3247 938 3332 episcopi,
953 3246 991 3308 dc
1015 3269 1077 3330 qua
1094 3245 1223 3330 pariter
1260 3309 1262 3312 .

8 3375 9 3416 1
103 3344 295 3430 inquisistis,
329 3341 475 3429 dtttceut
505 3343 708 3409 nibilominus
735 3347 972 3428 inoestiqatioue
1004 3344 1221 3430 quaesivimus,

104 3442 133 3506 ti
154 3441 233 3528 quid
255 3441 294 3505 de
318 3465 356 3506 ea
373 3439 541 3529 peioribus
564 3442 753 3528 temporibus
776 3442 864 3528 apud
881 3453 994 3528 patres
1016 3451 1139 3504 nostroe
1160 3463 1222 3503 mo-

107 3550 170 3604 tum
191 3539 241 3604 cel
264 3541 419 3624 aoitctum
442 3541 505 3603 sice
528 3540 702 3624 quaesitum
730 3562 784 3604 scu
798 3539 904 3626 snserit
926 3539 1134 3602 coustitutum.
1181 3539 1224 3602 Et

105 3639 179 3722 quta
205 3659 336 3722 orcecue
361 3638 501 3724 linquae,
518 3637 615 3722 (sicud
634 3639 752 3702 cuncus
768 3647 797 3700 et
816 3637 952 3700 menime
961 3637 1081 3722 pietati
1102 3645 1223 3700 cestrae

105 3746 212 3800 notrum
234 3737 306 3821 est),
330 3759 435 3802 memus
457 3735 573 3820 iuuari,
596 3759 679 3800 nursc
689 3757 750 3820 per
771 3745 904 3811 nostros,
929 3736 983 3819 qui
1005 3733 1142 3822 ejusdem
1165 3731 1224 3796 lin·

106 3857 183 3920 9uae
196 3835 345 3899 videntum
357 3834 469 3898 babere
483 3834 640 3912 notitiam,
660 3843 749 3919 qesta
770 3833 873 3897 suncti
885 3831 1114 3916 venerandique
1132 3828 1224 3894 Cbal-

108 3933 288 3996 cedoncueis
304 3931 441 3998 Concilii
455 3933 490 3996 iu
504 3931 711 4018 syrwdalibus
725 3930 882 3995 codicibus
896 3928 1132 4015 diliqeutissime
1151 3951 1221 4013 pec·-

110 4033 276 4115 quirinus,
284 4029 423 4094 dibucide
436 4041 602 4116 aperteque
611 4031 795 4116 reperimus,
808 4027 932 4091 dumus
940 4028 975 4090 in
983 4027 1092 4090 eadem
1098 4025 1224 4112 Synodc

109 4129 283 4192 maenibus
291 4128 528 4214 praedictioni
538 4126 728 4192 uenerabilis
740 4127 817 4191 Ibue
836 4126 1048 4190 examinutum
1055 4125 1162 4208 finisse
1173 4149 1224 4187 nc-

109 4229 239 4310 octium,
263 4226 366 4312 ibique
394 4247 434 4290 eu
465 4227 560 4312 qestis
591 4225 680 4312 apud
704 4224 849 4289 Pbctium
875 4224 952 4309 Tyri
975 4233 1005 4285 ct
1028 4222 1225 4285 Eustatbium
