2936 4814
242 382 276 434 12
517 381 558 435 De
575 381 668 436 histor.
689 381 780 436 eccles.
800 385 862 436 ortu
880 397 912 436 ac
929 395 1081 451 progressu.

239 531 420 608 propagata
443 531 492 586 est
514 525 681 608 regiones,
713 533 745 588 et
774 523 898 610 ubique
929 526 1028 589 etiam
1051 527 1087 590 in
1116 524 1180 590 illis
1202 527 1358 610 gentibus

239 632 338 686 antea
360 630 428 685 tarn
451 622 576 705 ignaris
600 631 632 686 et
654 621 803 706 rudibus,
835 644 908 708 quae
938 622 982 687 ad
1005 623 1111 708 ipsam
1135 635 1357 710 accesserunt,

239 720 428 783 innumeros
452 718 570 784 habuit
592 720 682 784 viros
711 721 834 806 pietate
858 729 890 783 et
913 721 1052 786 scientia
1076 721 1174 806 plane
1197 723 1357 808 insignes.

329 817 380 881 15.
404 817 486 890 Toto
511 819 612 902 igitur
634 816 689 882 illo
712 827 860 903 tempore
880 840 985 904 usque
1008 819 1052 882 ad
1076 819 1246 884 saeculum
1271 821 1358 886 deoi-

182 911 188 922 '
238 925 460 980 murnsextom
475 914 595 980 Graeci
619 924 748 979 tantum
772 939 877 980 unum
899 915 1046 980 habuere
1065 927 1233 982 auctorem
1257 919 1357 984 histo·

237 1014 354 1096 ricurn,
388 1015 444 1099 qui
478 1012 633 1098 operibus
667 1015 734 1077 suis
767 1035 888 1078 nomen
916 1014 993 1101 jure
1025 1014 1088 1078 sibi
1113 1017 1293 1102 acquisivit
1325 1027 1358 1082 et

236 1111 369 1192 famam,
394 1111 551 1176 videlicet
574 1113 785 1197 Nicephorum
819 1109 956 1191 Callisti,
987 1112 1190 1178 sacerdotem
1224 1125 1256 1178 et
1286 1115 1356 1180 bib·

235 1209 464 1274 liothecarium
489 1207 900 1295 Constantinopolitanum.
938 1210 1004 1274 Hic
1033 1210 1201 1275 mediante
1224 1213 1355 1278 saeculo

236 1307 319 1376 XIV
343 1329 385 1370 ex
408 1306 598 1371 auctoribus
608 1309 716 1393 ipsum
735 1307 1011 1392 praecedentibus
1027 1319 1060 1371 et
1082 1331 1124 1372 ex
1148 1309 1355 1376 documentis

235 1406 390 1490 antiquis,
415 1427 505 1470 nunc
528 1427 650 1489 magna
673 1429 716 1468 ex
738 1415 831 1491 parte
860 1405 1050 1492 deperditis,
1063 1405 1233 1472 Ecclesiae
1255 1408 1355 1474 histo·

235 1505 318 1567 riam
349 1525 478 1568 summa
511 1503 682 1587 diligentia
715 1505 921 1590 conscripsit.
966 1505 1176 1590 Propositum
1209 1508 1239 1570 ei
1274 1517 1353 1591 erat,

235 1623 318 1686 opus
340 1602 429 1666 illud
447 1624 552 1688 usque
576 1601 691 1666 adsue
706 1612 855 1688 tempora
869 1601 1058 1686 extendere,
1084 1602 1142 1667 sed
1165 1603 1254 1667 vitae
1277 1604 1354 1669 latis

235 1701 297 1784 ipsi
323 1700 428 1765 solum
453 1721 645 1764 concessum
677 1709 739 1781 est,
765 1699 879 1764 decem
904 1709 936 1764 et
960 1709 1031 1764 ooto
1056 1698 1156 1764 libros
1180 1701 1352 1786 conficere,

233 1797 355 1884 quibus
379 1820 484 1884 usque
507 1798 551 1862 ad
573 1798 705 1862 Phocoe
729 1798 937 1884 imperatoris
970 1819 1124 1882 regnum,
1150 1800 1171 1864 i.
1196 1821 1224 1864 e.
1249 1822 1352 1886 usque

233 1896 276 1960 ad
300 1898 431 1960 initium
445 1895 577 1968 saeculi
607 1895 673 1960 VH
700 1895 872 1960 historiam
896 1917 989 1960 suam
1014 1896 1179 1982 perduxit.
1203 1897 1257 1960 De
1281 1898 1350 1983 dig-

232 1995 335 2058 nitate
358 1993 514 2058 historiae
539 1993 780 2057 eeolesiasticae
795 1993 932 2079 ejusque
947 1993 1057 2058 indole
1080 2015 1120 2057 ac
1143 2015 1242 2080 scopo
1257 1995 1351 2060 Nice·
1463 2037 1464 2052 r

232 2090 355 2175 phorus
378 2091 547 2176 praeclara
571 2091 702 2173 scribit3
728 2091 864 2176 ejusque
879 2091 1085 2175 diligentiam
1110 2092 1143 2156 in
1166 2092 1264 2157 factis
1289 2093 1351 2158 eol-

231 2187 373 2273 ligendis
406 2198 439 2253 et
471 2189 664 2254 enarrandis
697 2211 811 2253 omnes
844 2191 959 2253 merito
992 2189 1140 2254 laudant.
1187 2190 1254 2255 Sed
1283 2213 1350 2258 non

231 2308 338 2371 pauca
370 2289 469 2350 etiam
501 2285 594 2350 libris
627 2288 695 2350 suis
728 2287 868 2350 inseruit
899 2288 1026 2351 incerta
1058 2297 1091 2350 et
1113 2287 1274 2370 fabulosa,
1299 2293 1348 2354 uti

225 2385 297 2470 jam
311 2385 474 2450 Boionius
498 2385 534 2448 in
549 2383 736 2449 Annalibus
760 2386 828 2448 suis
852 2384 1004 2450 ostendit.
1025 2423 1068 2432 -
1083 2384 1187 2450 Multo
1213 2389 1349 2452 minoris

230 2485 327 2569 pretii
352 2493 400 2548 est
423 2505 523 2569 opus,
548 2482 637 2568 quod
661 2485 749 2547 circa
772 2504 897 2547 annum
925 2483 1005 2566 940,
1040 2483 1101 2547 suh
1125 2483 1219 2547 titulo
1244 2485 1349 2550 Eccle-
1463 2513 1464 2518 ¹

229 2583 295 2644 siae
319 2581 561 2646 Alenandriuue
585 2581 721 2667 salpices
745 2582 808 2645 aive
823 2580 976 2661 Annales,
992 2580 1225 2645 Melchitarum
1249 2586 1348 2667 patri-

228 2679 329 2744 archa
352 2680 523 2765 Bhrtyclzius
545 2678 659 2762 lingua
678 2677 824 2743 Arabica
847 2680 1051 2764 conseripsit.
1076 2678 1212 2743 Habent
1234 2691 1348 2746 tamen

228 2799 313 2862 quae
326 2777 369 2841 de
382 2777 481 2841 rebus
489 2776 809 2842 Muhamedanorum
819 2767 919 2840 tradit
929 2797 987 2862 pro
999 2775 1175 2863 disciplina
1189 2777 1347 2844 historica

227 2897 323 2940 suum
347 2875 504 2940 valorem.
528 2913 572 2922 —-
595 2874 752 2939 Addendi
776 2885 853 2938 sunt
875 2873 922 2938 illi
948 2876 1004 2960 qui
1027 2874 1095 2939 dici
1120 2874 1225 2939 solent
1239 2873 1345 2964 Serap-

227 2985 310 3038 tores
331 2974 513 3061 Byzoatt'ai,
545 2973 765 3058 quadraginta
794 2973 863 3036 fere
892 2994 1046 3054 numero,
1076 2983 1226 3036 auctores
1254 2973 1346 3038 vide-

226 3071 304 3134 licet
336 3073 445 3136 minus
477 3071 568 3152 cleri,
602 3072 658 3156 qui
692 3093 735 3134 ex
765 3070 911 3156 professo
945 3070 1079 3156 quidem
1103 3093 1155 3134 res
1177 3071 1344 3156 profanas,

225 3171 461 3254 imperatorum
485 3171 571 3232 vitas
604 3179 636 3232 et
667 3191 719 3231 res
742 3177 851 3252 gestas
884 3169 1118 3252 conscripsere,
1143 3167 1240 3232 simul
1264 3191 1344 3235 vero
1463 3209 1464 3230 2

226 3289 268 3331 ex
291 3269 337 3330 rei
362 3277 480 3330 natura
503 3267 654 3353 plurima,
680 3287 765 3352 quae
794 3265 837 3330 ad
861 3265 1047 3330 Ecclesiam
1075 3267 1250 3352 pertinent,
1275 3269 1344 3333 suis
1463 3331 1464 3334 ,

225 3366 354 3451 scriptis
378 3367 596 3429 inseruerunt.
642 3365 733 3428 Inter
748 3365 836 3450 ipsos
859 3373 1090 3449 utpaucorum
1114 3365 1249 3428 nomina
1271 3387 1344 3450 pro-
1463 3407 1464 3430 ι

224 3463 378 3544 ieramus,
403 3484 435 3528 v.
459 3485 490 3546 g.
515 3472 731 3526 numerantur
754 3462 899 3527 Joaarees
926 3459 1171 3540 Cantaouseuas,
1190 3459 1343 3526 Constare-

225 3564 310 3625 tritus
332 3562 625 3648 Porphyropera'tus,
650 3561 747 3624 Aaou
780 3556 938 3624 Cumaeae
967 3559 1036 3623 filia
1058 3559 1153 3623 Isaac
1178 3558 1341 3625 Comneni

223 3661 439 3744 imperatoris,
465 3669 497 3722 et
507 3659 569 3722 Leo
591 3657 831 3722 Grammaticus.
856 3695 899 3704 -
916 3657 1009 3720 Haec
1032 3658 1134 3741 igitur
1156 3665 1233 3720 sunt
1256 3679 1343 3742 quae

223 3757 265 3821 de
289 3766 375 3820 statu
398 3755 554 3820 historiae
578 3756 820 3820 ecclesiasticae
844 3756 879 3819 in
899 3754 1034 3819 Oriente
1056 3776 1116 3839 per
1139 3755 1239 3818 medii
1265 3758 1341 3820 aevi

221 3864 370 3940 tempora
400 3854 541 3918 dicenda
571 3862 764 3936 occurrunt3
796 3863 828 3916 et
858 3854 884 3916 si
908 3861 1080 3917 auctorum
1104 3851 1234 3916 illorum
1258 3875 1343 3939 quos

222 3952 369 4016 diximus
392 3953 514 4038 scripta
527 3951 670 4016 utilitate
690 3973 750 4014 sua
763 3973 830 4015 non
845 3959 967 4031 carent,
993 3949 1204 4014 manifestum
1228 3961 1343 4015 tamen
1463 4019 1464 4026 ,

221 4049 275 4112 vel
299 4071 341 4112 ex
364 4049 415 4114 his
430 4059 488 4130 est,
504 4059 706 4135 quantopere
720 4049 755 4112 in
771 4048 907 4113 Oriente
922 4056 1025 4112 status
1047 4047 1217 4131 religionis
1240 4049 1344 4112 fixerit
1463 4067 1464 4072 ’

221 4148 255 4210 in
269 4147 365 4232 pejus
379 4155 533 4228 mutatus,
549 4157 751 4232 quantopere
767 4147 838 4232 ipsa
853 4145 1036 4210 litterarum
1051 4145 1161 4209 studia
1182 4143 1341 4230 collapsa.
