2810 4846
481 446 507 502 S.
526 447 647 502 mamm
664 447 697 502 R„
715 447 747 502 P.
1122 448 1176 502 215

60 613 125 655 mm
158 593 213 654 lroc
247 592 366 654 eastris
400 589 515 654 litteris
548 601 669 656 verace
703 591 913 654 indicarimus
944 593 1117 669 sanctitati,
1139 601 1176 656 ut

60 689 118 752 illa
152 711 230 775 quae
266 711 287 751 α
309 687 396 752 ectu
430 689 475 752 od
496 690 675 752 coemisse
706 699 776 752 erat
798 688 963 754 obtestatio
987 699 1173 754 sanaretur.

61 825 99 834 -
122 787 232 852 Docet
255 787 325 871 ipse
349 785 500 850 Zosimus
522 807 574 850 res
597 787 632 850 in
655 807 692 852 ec
715 795 802 850 statu
825 787 860 850 in
883 807 947 871 qno
971 795 1065 850 erant
1087 795 1175 852 antc-

59 907 156 969 quam
173 882 327 948 Caelestii
341 891 384 946 et
398 883 525 967 Pelagii
549 905 650 948 causa
673 907 693 948 a
715 905 750 946 se
773 893 1025 967 cognosceretur
1047 905 1175 948 reman-

60 985 148 1060 sisse,
171 980 322 1066 adeoque
345 979 410 1044 illis
442 982 709 1046 communionem
740 980 998 1046 ecclesiasticam
1022 1003 1089 1067 qua
1110 982 1174 1066 pri·

59 1083 125 1144 vati
150 1081 282 1144 fuerant
304 1078 447 1144 necdum
469 1077 634 1143 redditam
657 1101 738 1160 esse,
762 1088 794 1144 et
811 1077 969 1144 Afrorum
991 1079 1176 1145 obtestatio

60 1201 133 1243 nem
159 1177 351 1242 Innocentio
375 1175 507 1256 factam,
541 1177 735 1262 petitionem
759 1175 916 1242 videlicet
940 1187 973 1242 et
995 1177 1175 1242 accusatio·

60 1299 133 1342 nem
159 1279 194 1340 in
218 1275 290 1340 illos
312 1274 413 1338 latam
437 1276 572 1355 servari,
605 1295 663 1338 seu
686 1273 778 1338 litem
801 1274 912 1340 adhue
935 1297 1006 1339 esse
1030 1274 1175 1361 penden-

60 1391 133 1440 tem.
175 1411 219 1422 -
254 1373 293 1436 6⁰
324 1373 413 1436 Dein
446 1374 600 1436 examine
633 1375 819 1436 accuratius
851 1375 1000 1438 instituto
1024 1371 1176 1436 Zosimus

61 1477 91 1538 in
114 1471 268 1558 Epistola
291 1471 482 1534 tractatoria
504 1469 667 1534 haeresim
697 1481 729 1534 et
760 1469 943 1536 haereticos
973 1471 1175 1556 proscripsit,

61 1593 197 1656 eamque
221 1567 404 1653 Epistolam
427 1567 471 1632 ad
494 1589 607 1632 omnes
630 1569 802 1654 episcopos
824 1571 1014 1634 transmisit.

145 1669 202 1733 34.
230 1667 304 1757 [lna
326 1665 382 1730 hie
397 1665 687 1730 commemoranda
703 1678 752 1731 est
766 1666 907 1752 objectio
933 1689 1018 1752 quae
1043 1667 1176 1753 majoris

61 1767 217 1830 momenti
243 1764 388 1844 videtur,
419 1762 577 1828 videlicet
599 1763 768 1828 Zosimum
799 1764 997 1849 approbasse
1027 1765 1178 1830 libellum

62 1863 225 1944 Coeleetii,
260 1883 361 1948 quum
393 1871 503 1926 tamen
527 1862 561 1925 in
585 1883 623 1926 eo
655 1861 711 1926 ille
742 1871 916 1947 peceatum
940 1863 1100 1947 originale
1123 1887 1178 1928 ne·

61 1973 160 2041 garet.
207 1962 302 2026 Dicit
323 1957 481 2024 videlicet
495 1957 693 2024 Coelestius:
717 1957 863 2045 Infantes
886 1960 996 2024 debera
1020 1961 1179 2047 baptizoti

62 2065 91 2124 ia
112 2063 329 2126 remissionem
336 2066 548 2142 peccatorum,
564 2057 731 2120 secundum
753 2057 894 2142 requiam
915 2057 1105 2122 universalis
1119 2058 1178 2122 Ec-

62 2160 172 2225 clesiae
207 2170 237 2223 et
272 2155 439 2222 amandum
471 2155 640 2239 Eneapelii
673 2157 859 2220 seatmtiam
891 2156 1078 2240 confitemur,
1103 2156 1179 2240 quia

62 2258 215 2320 Damasus
249 2255 370 2332 statuit,
392 2274 521 2337 repaum
555 2251 710 2316 coeloram
731 2253 862 2317 aeaeisi
894 2252 1065 2339 baptizatis
1082 2275 1178 2339 posse

5 2405 7 2438 ,
63 2355 220 2440 coatem';
243 2351 326 2437 quod
348 2353 424 2436 quia
455 2353 537 2414 vires
558 2361 693 2414 acturae
724 2373 788 2414 eoa
818 2351 942 2430 habam,
966 2351 1105 2436 corsferri
1127 2375 1178 2416 aa·

63 2477 139 2516 ursse
162 2461 211 2516 cst
226 2473 291 2536 per
311 2451 434 2534 pretias
457 2447 641 2512 libertatem.
687 2449 726 2512 Ia
749 2451 962 2514 remissionem
985 2460 1088 2514 autem
1104 2472 1178 2535 pec·

5 2539 7 2610 l
63 2561 199 2614 ratarum
229 2546 437 2632 baptizandos
469 2546 612 2632 infantes
642 2569 707 2611 aaa
729 2547 846 2610 idcirco
879 2547 1030 2625 tisiam,
1054 2557 1089 2610 ut
1109 2570 1179 2632 pec·

5 2649 6 2662 *
64 2659 162 2712 comm
185 2667 227 2710 esc
247 2644 376 2708 traduce
398 2644 522 2720 firmare
546 2645 719 2723 videamur,
753 2645 836 2730 quod
869 2643 959 2731 lampa
982 2669 1004 2708 a
1026 2643 1178 2710 catlrolico

65 2769 151 2809 ansa
174 2743 315 2807 alicam
339 2752 393 2820 est,
417 2743 492 2828 quia
511 2753 677 2828 peccatum
705 2765 769 2807 aaa
792 2766 860 2806 cum
882 2744 1003 2806 tamine
1026 2743 1177 2818 nasetur,

5 2877 6 2912 3
65 2844 140 2926 prad
165 2839 370 2928 postmodum
403 2849 562 2904 emercetur
595 2840 635 2904 ab
667 2841 805 2918 tamine,
838 2842 915 2925 quia
946 2862 1010 2904 aaa
1041 2849 1178 2902 acturae

65 2940 207 3005 alimum
240 2937 297 3002 scd
329 2935 503 3002 uoluntatis
536 2959 600 3002 csse
635 2939 877 3002 demonstratur.
924 2939 967 3002 Et
1001 2937 1084 3000 illud
1106 2957 1178 3019 erpo

64 3037 199 3122 confiteri
222 3059 399 3121 congruum
422 3057 461 3098 aa
484 3036 610 3100 dinemo
642 3035 841 3121 baptismatis
869 3058 984 3119 persero
998 3035 1111 3120 facere
1134 3033 1178 3094 ai·

65 3137 208 3212 mama,
233 3144 264 3198 et
285 3134 340 3196 lscc
357 3134 562 3218 praemunire
584 3135 794 3198 amessacu’um
816 3145 876 3216 est,
899 3157 939 3198 ae
956 3157 1018 3220 per
1039 3132 1181 3218 mysterii

65 3231 314 3310 maamad
324 3229 1180 3318 maommsispamummalscmautequamflatablomiae

67 3333 147 3396 usas·
170 3332 299 3395 dicatur
320 3329 437 3392 tomice·
453 3352 516 3414 per
539 3341 686 3394 acturam
694 3328 728 3416 ¹).
762 3329 828 3396 Sed
851 3328 1052 3410 advertatur,
1077 3325 1181 3390 verba

66 3429 199 3496 subdola
230 3447 300 3492 esse
333 3437 366 3490 et
393 3425 567 3510 ambigua,
601 3429 647 3492 ita
677 3439 722 3508 ut,
755 3428 978 3492 controversie
998 3425 1109 3490 adhuc
1133 3445 1180 3486 re-

67 3539 165 3610 cente,
190 3526 361 3592 doctrinae
394 3525 486 3587 virus
519 3525 628 3588 minus
652 3526 795 3609 potnerit
818 3526 971 3610 perspici.
1017 3522 1179 3588 Admitte·

68 3625 118 3688 bat
132 3623 318 3690 Caelestius
341 3621 542 3707 baptismum
566 3625 601 3686 ia
619 3624 831 3688 remissionem
848 3635 1059 3710 peccatorum,
1083 3639 1180 3703 nega·

67 3721 117 3786 bat
131 3721 288 3808 explicite
304 3729 432 3783 tantum
448 3730 623 3805 peecatum
645 3741 684 3784 ecc
700 3721 839 3800 traduce,
855 3723 1049 3805 mysterium
1063 3718 1181 3782 adesse

67 3821 239 3885 videbatur
252 3818 357 3882 fateri.
390 3817 520 3882 Zosimo
537 3829 647 3882 autem
663 3820 866 3884 satisfactum
878 3819 943 3882 fuit
953 3816 1065 3882 libello
1078 3826 1111 3879 et
1127 3815 1179 3880 de·

67 3917 289 3982 dirutionibus
306 3913 453 3981 Caelestii
461 3939 474 3996 ,·
497 3937 563 3980 non
579 3918 680 4000 igitur
692 3916 807 3980 habits
822 3927 948 3980 tantum
964 3916 1091 3979 ratione
1107 3935 1179 3998 pro-

67 4017 261 4097 positionum
286 4035 369 4098 quae
401 4014 436 4076 in
470 4013 525 4077 illo
558 4011 670 4078 libello
694 4013 957 4094 continebantur,
982 4013 1039 4076 sed
1063 4011 1180 4076 habita

68 4111 157 4176 simul
180 4113 308 4176 ratione
332 4112 450 4176 mentis
473 4121 507 4176 et
536 4112 674 4177 affectus
704 4112 864 4198 suppositi
889 4113 993 4196 ipsius
1017 4121 1049 4174 ct
1073 4107 1178 4174 deela-

144 4248 155 4315 )
176 4215 344 4314 ,liri-Baros.
364 4245 398 4298 ed
417 4260 441 4299 a.
460 4246 520 4300 418.
