2806 4848
278 451 312 504 98
450 451 489 505 De
508 451 655 508 Adanhmi
673 451 850 510 decrementis
868 471 900 509 ac
918 456 951 510 de
969 455 1047 510 Caua
1067 455 1215 510 OPtsnoL

278 593 432 682 tlseolopi·
420 645 429 676 ,
449 597 575 683 primm
608 607 689 661 team
718 599 906 662 eaamtiondi
937 600 1097 686 sapientia
1128 600 1256 686 espulso
1282 603 1388 664 aseer

276 693 472 780 gloriatione
494 693 622 758 Aboctis
640 695 825 781 pastoribus
848 697 1090 761 introducantur
1111 696 1180 783 lupi
1200 720 1310 782 paces,
1322 667 1388 810 quil

282 789 400 856 Cbristi
415 815 536 905 prepem
551 791 740 878 discerpunt.
765 795 918 858 Desertae
933 794 1043 858 domm
1056 795 1218 874 aeaeae,
1236 820 1286 858 seso
1300 798 1365 881 pois

278 914 370 975 picam
392 891 426 953 im
450 891 494 954 eis
517 901 741 975 coaprepator,·
768 890 953 956 solitudines
976 845 1219 958 commeabili
1242 894 1363 979 refertae.

279 985 423 1052 Seniores
445 987 558 1072 lapaut,
592 989 666 1052 dum
686 990 819 1074 antipate
839 1001 1025 1076 comparant
1055 1014 1123 1054 cum
1148 991 1366 1077 praeteritibso:

270 1088 414 1175 justiores
437 1084 682 1150 miserabiliores
705 1096 785 1165 suat,
803 1086 947 1172 qualibus
965 1089 1090 1174 priuati
1112 1091 1177 1170 siut
1198 1091 1362 1176 iprmrecbs.

277 1184 377 1269 Atque
408 1185 481 1247 haec
514 1184 650 1268 quidem.
668 1195 746 1270 apta
779 1187 823 1248 ad
854 1209 960 1250 eoram
990 1188 1283 1250 commiserationem
1305 1209 1363 1248 eom-
1387 1187 1388 1222 ³

276 1282 458 1346 mouendam
488 1283 542 1366 qai
576 1279 694 1346 Christi
725 1281 921 1348 dilectionem
953 1285 1157 1362 adpulisset,
1191 1285 1246 1349 aed
1267 1305 1363 1370 compa·

277 1391 366 1444 ratos
389 1403 456 1444 cum
482 1402 586 1442 rerum
612 1381 743 1444 ueritate
769 1403 868 1446 sermo
892 1379 981 1468 loape
1009 1381 1050 1446 ab
1072 1383 1217 1469 ipsarum
1239 1385 1366 1469 mopsist-

277 1477 350 1540 dice
378 1476 473 1540 abest.
521 1513 563 1524 —
604 1476 732 1541 Similia
755 1476 856 1542 habet
877 1481 912 1542 iu
936 1479 1072 1566 epistola
1094 1479 1161 1560 92⁸,
1186 1481 1232 1544 ita
1254 1479 1364 1567 quidem

279 1584 314 1638 ut
336 1583 493 1661 appareat
515 1597 553 1638 ea
577 1583 694 1656 aetate,
718 1579 871 1662 quemvis
893 1575 970 1641 finis
988 1577 1170 1642 Arianismi
1196 1580 1230 1642 iu
1255 1579 1368 1644 Oriente

276 1675 445 1760 proximus
459 1682 552 1754 esset,
568 1681 698 1736 sanctos
720 1675 809 1738 viros
826 1676 1042 1757 existimasse,
1061 1675 1128 1740 fere
1152 1676 1198 1740 ad
1221 1677 1366 1760 fastigium

278 1772 445 1856 potestatis
477 1769 638 1834 haeresim
665 1773 864 1856 pervenisse.
924 1773 1034 1836 Fame
1070 1797 1091 1836 a
1113 1774 1237 1858 ficibus
1261 1776 1370 1862 lllyrici.

277 1869 400 1950 scribit,
438 1891 532 1954 sesque
570 1867 614 1931 ud
652 1868 842 1932 Thebaidem
878 1871 1015 1934 haeresia
1051 1869 1168 1935 malam
1202 1873 1370 1960 depascitur.

280 1965 374 2055 Cujus
392 1989 501 2052 praua
523 1967 643 2030 semina
659 1968 754 2053 price
779 1966 903 2052 quidem
929 1968 1060 2054 infamis
1083 1969 1184 2033 Arius
1199 1973 1292 2059 jecit·
1312 1969 1371 2032 alti

277 2075 379 2128 autem
401 2063 563 2128 radicibus
572 2063 703 2149 precata
717 2089 738 2128 a
745 2062 896 2151 pluribus
910 2068 964 2150 qai
977 2065 1090 2130 Arium
1103 2068 1188 2130 iuter
1202 2079 1232 2132 et
1254 2079 1371 2132 rostrum

277 2173 409 2228 aetatem
432 2163 586 2252 interjecti
607 2151 798 2248 impietatem
821 2163 958 2228 taediose
983 2163 1153 2242 aalma,
1176 2189 1260 2230 aare
1282 2165 1372 2228 esim-

276 2285 326 2326 sos
340 2261 468 2346 fractio
486 2258 697 2346 protulerant.
732 2261 819 2324 Nam
843 2263 978 2346 pictatis
1009 2284 1117 2326 euersa
1139 2274 1215 2328 suat
1236 2263 1372 2348 dopmota

276 2358 424 2444 coafosae
447 2355 607 2420 Ecclesiae
631 2356 720 2444 lepos,
753 2359 909 2423 bominum
930 2360 1101 2423 Dominum
1131 2383 1198 2424 moa
1222 2363 1371 2425 timentium

276 2456 404 2520 ambitio
427 2458 462 2518 im
479 2454 702 2542 praefecturas
725 2455 837 2535 insilit,
854 2459 983 2544 jamque
1007 2467 1115 2544 aperte
1133 2462 1312 2545 praescium
1331 2460 1372 2520 im·

270 2555 404 2643 pictatis
422 2553 626 2640 principatus
643 2555 850 2639 praepositos
866 2565 921 2632 est,
939 2555 988 2618 ita
1000 2565 1036 2619 ct
1049 2557 1104 2640 qui
1123 2561 1288 2640 praviora
1309 2557 1371 2620 blos-

270 2653 415 2740 pbomias
437 2660 577 2714 temtatur
601 2659 655 2728 est,
680 2649 807 2734 dipaior
832 2651 984 2716 habeatur
1012 2654 1065 2737 poi
1081 2653 1206 2740 populo
1232 2658 1372 2744 epiecoprc

270 2750 406 2838 praesit.
453 2749 554 2811 Periit
584 2749 725 2832 prauitas
758 2747 986 2828 sacerdotalia;
1018 2749 1158 2836 defecere
1193 2757 1249 2839 qui
1273 2773 1370 2840 propia

275 2848 406 2911 Domini
428 2869 496 2910 cam
518 2846 649 2909 calcada
667 2847 818 2932 pascaht,
848 2846 1021 2911 ambitiosis
1037 2872 1222 2935 pauperum
1238 2851 1373 2939 pessimas

275 2948 309 3008 isc
326 2945 478 3030 proprios
500 2965 575 3008 rearis
598 2953 627 3006 el
649 2945 684 3006 ia
705 2967 865 3007 cremeram
887 2942 1070 3028 larpitiones
1094 2969 1218 3034 semper
1240 2952 1372 3012 inarmat-

277 3043 366 3106 tibos.
415 3043 554 3105 anmait
577 3051 725 3105 accurata
744 3064 897 3106 caoomom
911 3041 1093 3128 disciplima,
1111 3047 1273 3130 peccandi
1292 3042 1372 3108 amba

276 3140 413 3204 libertas.
440 3140 528 3202 Nam
551 3141 605 3224 qai
626 3141 782 3204 homiuum
814 3139 927 3204 stadiis
960 3139 1005 3202 ad
1022 3141 1244 3228 principatum
1266 3145 1372 3206 deren«-

274 3248 357 3314 mne,
381 3239 416 3300 irs
438 3238 492 3300 boc
514 3239 583 3323 ipso
609 3237 707 3300 studii
737 3239 874 3321 qratiam
903 3238 1087 3324 rependunt,
1112 3239 1197 3323 quod
1220 3242 1320 3306 omnic
1339 3233 1373 3300 cd

274 3332 463 3422 uoluptatem
485 3333 648 3419 ludolpout
665 3333 877 3447 pecccatibua.
893 3371 936 3382 -
950 3335 1121 3400 Excitavit
1133 3338 1230 3402 Deus
1252 3360 1289 3403 eo
1310 3349 1371 3400 tem·

199 3501 202 3508 Ι
274 3455 352 3518 pore
376 3434 410 3497 in
434 3433 551 3497 Orient
538 3443 571 3496 te
587 3433 726 3496 eximios
740 3433 829 3498 viros
845 3442 876 3497 et
890 3431 1048 3498 ecclesiae
1064 3431 1207 3500 illustres
1231 3437 1370 3500 doctores

275 3532 332 3616 qui
356 3529 572 3595 orthodoxam
596 3529 695 3594 fidem
719 3539 831 3595 contra
854 3530 996 3595 Arianos
1023 3533 1097 3596 tuiti
1122 3543 1209 3599 sunt
1255 3519 1388 3630 Praeter]

275 3629 307 3694 S.
332 3628 501 3711 Basiliam
526 3629 583 3694 SS.
609 3629 787 3713 Gregorius
802 3629 1032 3693 Nazianzenus
1056 3639 1089 3694 et
1111 3631 1339 3717 Gregorius
1305 3629 1388 3694 *a

275 3725 428 3790 senusS.
453 3679 568 3790 Bisilii
591 3726 692 3791 frater
715 3727 884 3812 praecipui
908 3727 1050 3793 luerunt.
1387 3719 1388 3736 ¹

107 3855 170 3896 mm
186 3855 265 3898 mni,
364 3825 416 3888 22.
442 3823 624 3888 Funestam
648 3824 719 3906 fuit,
737 3824 824 3910 quod
849 3845 886 3887 eo
910 3833 1057 3910 tempore
1071 3825 1280 3892 Arianismus
1301 3827 1372 3890 inter

275 3920 400 3986 Gothos
419 3931 669 4008 propagaretur3
693 3921 782 3988 unde
796 3922 919 3986 iactum
941 3931 990 3986 cst
1011 3933 1057 4006 ut,
1081 3933 1293 4011 posteaquam
1311 3923 1370 4006 jam

275 4023 309 4084 in
339 4019 481 4106 Imperio
505 4021 653 4084 Romano
686 4021 830 4084 haeresis
862 4019 944 4084 haec
976 4027 1157 4108 exstirpata
1180 4033 1274 4100 esset,
1296 4015 1372 4104 apud

275 4119 423 4182 nationes
447 4121 689 4202 potentissimas
712 4141 753 4182 ex
776 4121 876 4204 stirpe
892 4115 1076 4184 Gothorum
1099 4129 1290 4184 remaneret
1314 4115 1388 4192 Col-p

274 4215 387 4300 ligitur
419 4226 528 4279 autem
563 4239 605 4280 ex
637 4215 860 4300 scriptoribus,
893 4219 1045 4301 quamvis
1079 4211 1370 4298 eventus'siugulos
