2876 4814
258 453 312 508 Μ
594 456 635 510 De
653 456 739 524 Opem
756 455 1039 525 Philosophorum

257 601 333 678 rita,
364 599 400 662 ia
422 597 543 664 Semta
571 600 723 680 Ecclesia,
756 611 787 664 et
814 623 897 665 auae
927 611 958 664 et
979 623 1099 686 uesper
1127 609 1157 663 et
1187 597 1372 662 incasuale

259 696 460 761 suessionen
485 697 594 761 Ausara
626 733 670 744 —-
701 697 910 784 Quapropter
938 697 1173 783 consequentia
1194 694 1306 780 logioa
1328 695 1371 757 iu·

258 795 370 877 fertur,
403 815 485 881 opus
517 795 606 881 quod
638 807 786 861 recenset
816 797 954 862 Photius
991 796 1094 859 fuisse
1125 792 1219 857 illum
1251 792 1370 856 librum

259 891 452 979 Hippolyti,
485 895 580 979 eujus
612 915 688 979 pars
720 893 888 980 integralis
920 902 954 956 et
984 891 1093 956 finalis
1125 901 1175 955 est
1196 891 1370 955 Tractatus

258 1000 373 1055 eontra
381 991 534 1074 Noetum,
544 1000 645 1078 atque
654 992 872 1058 hunelibrum
882 988 1150 1056 etiamaGelasio
1159 989 1300 1052 nomine
1310 987 1370 1050 Me·

257 1090 360 1152 emata
382 1090 542 1154 aemesam
574 1092 667 1154 citari
697 1100 731 1155 et
753 1090 935 1177 Hippolyto
958 1087 1113 1152 adscribi.
1158 1086 1232 1151 Nee
1255 1085 1370 1164 obstat,

257 1187 347 1272 quod
365 1187 544 1273 disputatio
562 1189 598 1252 in
611 1189 753 1254 Noetum
773 1190 816 1253 sit
833 1189 912 1252 satis
930 1187 1054 1272 ampla,
1073 1188 1120 1249 ita
1137 1195 1175 1248 ut
1188 1185 1216 1248 si
1231 1182 1371 1248 similem

258 1285 511 1372 amplitudinem
529 1285 700 1352 habuisset
717 1287 871 1351 refutatio
889 1285 1092 1371 reliquarum
1101 1283 1280 1348 haeresum
1294 1303 1371 1366 opus

258 1382 432 1468 Hippolyti
455 1405 522 1447 uon
544 1405 686 1469 parvum
709 1385 834 1466 fuisset,
851 1405 954 1469 quum
977 1392 1090 1447 tamen
1112 1404 1133 1446 a
1153 1379 1277 1444 Photio
1301 1381 1372 1458 βιβ-

258 1477 402 1565 λιδάριον
433 1482 630 1547 nominetur.
676 1483 788 1547 Potuit
818 1479 957 1547 Photius
980 1483 1026 1544 ita
1055 1479 1149 1544 illum
1170 1476 1299 1541 librum
1322 1496 1371 1560 ap·

258 1577 380 1661 pellere
394 1589 592 1662 ‘comparate
614 1579 658 1644 ad
681 1601 839 1664 magnum
863 1601 945 1664 opus
968 1577 1001 1644 S.
1025 1577 1172 1658 Irenaei3
1202 1583 1370 1660 praeterea

257 1675 363 1740 fusius
376 1696 455 1741 sane
469 1678 537 1760 egit
549 1675 592 1740 de
604 1676 733 1742 haeresi
742 1677 773 1741 N
775 1679 839 1741 otti
847 1675 880 1742 S.
896 1675 1107 1762 Hippolytus,
1118 1682 1231 1759 utpote
1243 1671 1289 1736 de
1303 1671 1371 1736 hae·

257 1774 322 1837 resi
362 1773 535 1837 recentiori
578 1795 677 1860 quam
719 1775 752 1841 S.
785 1775 942 1839 Irenaeus
978 1795 1045 1838 nou
1077 1773 1305 1850 refutaverat,
1336 1791 1371 1832 ae

258 1870 299 1935 de
322 1869 396 1935 aliis
410 1869 600 1935 haeresibus
614 1893 754 1957 quarum
769 1873 923 1937 refutatio
942 1873 1048 1957 magis
1062 1871 1184 1936 diffusa
1193 1867 1269 1954 jam
1287 1866 1371 1953 apud

257 1969 348 2033 huno
378 1968 510 2033 Patrem
543 1969 785 2036 inveniebatur.
828 2007 872 2018 -
914 1969 1093 2036 Deillerius
1115 1966 1268 2053 eonjieit,
1294 1965 1371 2028 forte

252 2067 325 2152 jam
347 2075 495 2150 tempore
517 2065 626 2130 Photii
656 2088 739 2153 opus
763 2067 936 2154 Hippolyti
959 2089 1025 2132 non
1049 2067 1148 2153 plane
1171 2063 1371 2148 completum

255 2162 397 2249 fuisse.')
431 2161 606 2228 Caeterum
630 2187 708 2230 vero
733 2165 895 2252 usquead
919 2165 990 2230 dies
1013 2174 1141 2230 nostros
1164 2183 1283 2226 omues
1306 2179 1371 2223 eru·

255 2260 317 2325 diti
341 2269 537 2344 statuebant,
570 2283 674 2326 unum
707 2264 861 2350 idemque
884 2283 967 2349 opus
996 2283 1067 2326 esse
1090 2259 1269 2346 Hippolyti
1293 2279 1371 2344 opus

255 2358 415 2423 Adversus
438 2381 542 2424 munes
570 2361 711 2425 deesses
743 2371 776 2425 et
798 2362 985 2425 Mereor-ium
1012 2361 1174 2424 damasum
1195 2379 1216 2421 a
1237 2354 1370 2420 Gelasio

255 2457 400 2538 citatam,
415 2467 515 2543 atque
537 2457 636 2544 hujus
660 2460 768 2544 operis
781 2459 1002 2543 fragmentum
1022 2467 1055 2521 et
1077 2457 1229 2521 ultimam
1243 2461 1370 2539 partem

256 2573 326 2618 esse
368 2554 542 2640 Hippolyti
586 2564 763 2620 tractatum
809 2565 924 2620 eontra
960 2555 1113 2620 Noetum.
1172 2552 1225 2617 Ita
1269 2575 1299 2617 e.
1342 2573 1370 2635 g.

255 2663 390 2716 censent
421 2649 608 2738 Deilliers),
645 2651 873 2739 Tillemont⁸),
916 2651 1111 2738 Maurini⁴),
1153 2645 1370 2734 Fabrieim⁶)‚

330 2795 349 2864 ¹)
370 2793 491 2861 η11111111
509 2793 550 2847 dit
560 2797 760 2862 expresstmeut
777 2810 828 2860 que
847 2793 1077 2861 saintHippolyte
1096 2793 1128 2847 lit
1146 2809 1183 2848 un
1201 2793 1290 2848 traite
1308 2791 1371 2845 daus

254 2873 342 2941 lequel
354 2873 375 2928 11
393 2873 508 2927 retutait
527 2877 616 2928 tontes
635 2873 674 2927 les
692 2873 808 2928 heresias
827 2913 849 2927 ..
867 2873 946 2927 Saiut
963 2873 1070 2928 Jerome
1088 2872 1131 2927 dit
1150 2873 1177 2926 la
1189 2873 1276 2927 meme
1289 2871 1371 2927 chose.

255 2954 412 3023 Gependant
429 2952 543 3007 Photius
566 2952 613 3019 qui
635 2953 713 3007 avait
735 2954 765 3007 lu
782 2959 825 3009 eet
848 2967 969 3020 ouvrage
992 2952 1034 3006 dit
1057 2967 1110 3019 que
1132 2952 1207 3008 saint
1225 2950 1371 3020 Hippolyte

254 3033 297 3101 u'y
315 3031 430 3088 refulsit
448 3047 499 3099 que
517 3034 552 3085 32
579 3032 703 3098 heresis,
731 3033 824 3101 depuis
851 3032 919 3087 11111
943 3033 990 3087 des
1009 3031 1166 3088 Desithieus
1180 3030 1291 3100 iusqu't
1308 3027 1371 3084 ealle

253 3113 375 3169 (1111οὲ1
402 3153 409 3168 .
442 3152 448 3167 .
477 3153 483 3166 .
508 3112 638 3168 Pentetre
666 3129 695 3168 oe
722 3112 792 3168 livre
822 3112 923 3167 1111111
950 3111 1013 3180 dtja
1047 3112 1189 3182 imperfait
1219 3112 1257 3168 du
1288 3117 1371 3177 temp

254 3195 287 3248 de
310 3191 450 3248 Photius.“
478 3191 598 3246 Histoire
617 3193 662 3247 des
685 3193 804 3246 Auteurs
823 3195 911 3246 sacres
935 3197 955 3248 t.
976 3191 1019 3257 Π.,
1039 3191 1065 3247 S.
1084 3191 1242 3262 Hippolyte,
1262 3191 1322 3245 Art
1341 3187 1370 3243 V.

253 3291 278 3343 p.
299 3274 351 3420 33²3
369 3271 953 3420 Horatiaeporiiiisltiinmdeitudiiulgessessdi)d'm
972 3351 1112 3420 fragment
1130 3350 1322 3415 eonsiderable,
1340 3351 1371 3402 ot

254 3447 284 3490 11
311 3430 385 3486 seint
412 3431 530 3486 Deuteur
557 3431 662 3487 eombat
679 3429 800 3486 l'hertsie
819 3431 851 3486 de
870 3431 948 3497 Noet,
976 3435 1005 3484 et
1022 3447 1090 3486 nous
1108 3447 1222 3499 croyons
1242 3429 1372 3498 quaeest

254 3511 282 3566 la
300 3509 451 3565 oouolusiou
470 3510 503 3564 de
520 3525 569 3564 son
587 3510 680 3566 Traite
699 3515 792 3564 contre
811 3515 902 3566 toutes
921 3510 960 3566 les
979 3509 1104 3566 heresias.
1142 3509 1179 3574 Ce
1197 3512 1247 3578 qui
1264 3526 1332 3566 nous
1349 3509 1372 3562 le

253 3590 391 3659 persuade,
415 3588 479 3644 e’est
506 3605 557 3656 que
584 3588 704 3644 t'hertsie
732 3591 764 3644 de
782 3590 853 3644 Nott
880 3595 910 3643 et
933 3591 979 3645 des
997 3590 1127 3645 Nottiens
1146 3591 1254 3646 etaient
1272 3591 1299 3644 la
1317 3590 1372 3644 der·

253 3669 336 3724 mitre
358 3669 391 3723 de
409 3668 488 3724 uelles
507 3684 558 3736 que
576 3667 650 3724 saint
668 3668 816 3737 Hippolyte
834 3668 950 3723 refutait
968 3669 1035 3724 daus
1054 3685 1103 3725 son
1121 3669 1205 3724 Livre
1223 3675 1317 3725 eontre
1336 3669 1371 3721 tes

254 3748 378 3814 htresies,
407 3753 436 3802 et
463 3747 541 3814 qu’ou
558 3765 576 3815 y
613 3753 710 3802 trouve
737 3748 762 3801 le
789 3763 904 3817 passage
932 3763 983 3816 que
1002 3749 1029 3803 le
1046 3749 1121 3820 Papa
1150 3748 1249 3804 Getasa
1268 3749 1321 3804 1111
1338 3747 1371 3801 dn

254 3829 383 3882 thoire
401 3843 435 3882 ou
453 3829 489 3882 du
507 3827 589 3882 Livre
608 3829 641 3882 de
658 3827 732 3882 saint
749 3828 898 3896 Hippolyte
922 3844 971 3882 aar
989 3829 1027 3883 tes
1041 3829 1173 3883 Htrtsies.
1192 3827 1336 3883 D’ailleurs
1352 3825 1371 3880 11

254 3912 297 3964 est
315 3907 412 3962 visible
429 3921 479 3974 par
502 3907 542 3960 les
560 3908 688 3975 premiere
711 3912 781 3962 mets
805 3908 838 3961 de
856 3923 886 3962 oe
903 3906 1052 3976 fragment,
1078 3923 1130 3974 que
1149 3906 1213 3964 e'est
1231 3923 1286 3964 uua
1301 3907 1371 3961 suite

254 3984 315 4041 d’un
332 3986 393 4056 plus
411 3986 476 4055 long
494 3987 636 4040 discours.“
674 3985 705 4040 L.
725 4003 745 4040 e
764 4003 790 4055 p.
809 3988 870 4043 341.

326 4067 349 4135 ι)
368 4067 508 4122 Memoires
526 4071 589 4120 tem
607 4065 659 4120 IIL
677 4081 703 4134 p.
723 4067 784 4123 107.

327 4146 349 4213 ⁴)
368 4144 488 4199 Histoire
506 4145 591 4200 litter.
610 4145 643 4199 de
661 4144 687 4198 la
704 4145 807 4200 Franee
825 4150 891 4202 tom.
911 4146 932 4200 I.
951 4163 976 4215 p.
997 4148 1059 4202 384.

327 4227 348 4300 ι1
368 4221 433 4292 Opp,
452 4223 594 4296 Hippolyti
612 4229 675 4282 tom.
694 4225 716 4280 Ι.
735 4240 760 4293 p.
779 4225 929 4280 1113-126,
