2874 4812
267 477 319 533 ere
701 479 741 534 ne
759 477 784 532 s
804 477 944 546 oypnm.

267 620 300 687 S.
325 621 491 707 Stephano
516 631 758 707 componerent.
782 622 834 688 Ac
858 622 1021 707 conjicere
1045 643 1227 707 possumus,
1246 619 1388 704 Cypria-

267 740 346 782 num
379 741 438 804 por
470 719 640 806 epistolam
673 741 767 786 suam
798 720 843 785 ad
874 720 1042 805 Hispanos
1074 719 1217 783 voluisse
1252 737 1387 782 movere

266 815 481 901 Stephanum,
514 827 552 881 ut
582 819 745 885 maturius
776 817 860 882 illud
890 818 1061 902 negotium
1092 815 1223 902 aliaque
1259 817 1387 879 ratione

267 914 463 999 disponeret.
489 905 530 961 -’
554 917 593 980 4⁰
615 916 690 981 Non
713 926 770 998 est,
804 938 863 980 cur
884 917 997 980 omnia
1020 923 1052 978 et
1075 913 1213 998 singula,
1237 935 1332 998 quac
1354 914 1386 976 in

265 1013 328 1076 ists
352 1010 512 1098 Cypriani
535 1013 672 1100 epistola
687 1016 897 1078 continentur
918 1011 1017 1098 plane
1038 1010 1286 1097 approbemus,
1311 1031 1387 1076 nam

266 1120 299 1172 et
327 1111 397 1194 ipse
420 1110 503 1174 forte
526 1110 589 1174 hac
621 1112 656 1174 in
687 1134 722 1175 re
751 1111 877 1198 aliquid
906 1110 1043 1174 humani
1076 1131 1192 1195 passus
1221 1119 1290 1174 est.
1336 1105 1385 1172 Oh

266 1206 372 1270 zelum
412 1207 606 1292 disciplinae
645 1208 886 1274 ecclesiasticae
924 1207 1088 1294 quaedem
1125 1207 1387 1292 praecipitanter

265 1303 446 1369 dictasses
470 1307 648 1374 existimes.
681 1305 792 1387 Quum
816 1307 903 1370 enim
928 1307 963 1370 in
985 1305 1085 1370 rebus
1107 1304 1264 1388 litigiosis
1290 1301 1383 1368 illud:

265 1401 428 1466 Audiamr
458 1415 488 1467 et
518 1404 620 1468 ultera
637 1428 729 1490 pars,
760 1404 1005 1470 observandum
1030 1405 1082 1481 sit,
1105 1401 1168 1466 hac
1192 1401 1237 1466 de
1260 1423 1299 1466 re
1322 1421 1383 1464 non

264 1501 343 1564 satis
372 1499 547 1565 sollicitum
578 1504 800 1587 conspicimus
830 1500 1046 1588 cyprianum.
1093 1498 1306 1584 Stephanum
1335 1497 1382 1561 dc

265 1605 397 1682 ceptum
419 1597 521 1663 fuisse
543 1621 610 1664 non
634 1607 776 1682 constat,
801 1609 942 1685 atquae
966 1598 1008 1664 de
1030 1598 1188 1662 distantia
1213 1599 1305 1662 inter
1328 1595 1382 1658 Ro·

265 1716 352 1758 mam
377 1704 409 1760 et
432 1695 598 1782 Hispanos
614 1696 801 1782 Cyprianus
824 1697 930 1762 obiter
952 1697 1045 1777 dicit,
1070 1694 1197 1760 nullum
1223 1717 1309 1760 sane
1332 1692 1383 1756 ha·

264 1792 344 1858 bcnt
368 1793 522 1860 valorem.
558 1795 644 1860 Nam
667 1795 853 1881 frequentia
876 1804 970 1860 erant
983 1795 1210 1879 Hispanorum
1232 1813 1313 1856 cum
1329 1791 1383 1854 Ro·

265 1893 371 1956 manis
391 1895 599 1974 commercia,
623 1913 684 1957 nec
708 1894 813 1979 major
831 1893 898 1956 fere
918 1892 1076 1958 distantia
1089 1913 1109 1955 a
1123 1891 1281 1954 Romana
1295 1887 1383 1965 urhe,

264 2011 363 2074 quam
387 2011 406 2052 a
430 1991 564 2054 civitate
586 1989 795 2076 Carthagine.
819 1991 936 2076 Neque
958 1989 1252 2075 reprehensionem
1276 2007 1383 2050 acrem

264 2086 420 2151 videntur
442 2089 559 2150 mereri
584 2087 631 2152 illi
654 2089 838 2174 Hispaniae
861 2088 1023 2172 episcopi,
1054 2088 1111 2172 qui
1136 2105 1212 2150 cum
1236 2081 1383 2148 Basilido

261 2185 380 2248 iterum
394 2187 731 2250 communicaverant.
755 2185 888 2250 Etenim
901 2206 968 2249 non
979 2183 1054 2250 ideo
1068 2182 1104 2248 id
1116 2182 1282 2263 iecerunt,
1298 2180 1384 2267 quod

262 2281 303 2346 de
327 2280 497 2346 Ecclesiae
520 2282 695 2369 disciplina
719 2294 751 2348 et
783 2282 887 2348 saluto
910 2281 1001 2346 haud
1025 2280 1156 2346 solliciti
1180 2289 1306 2361 essent,
1330 2276 1384 2342 sed

263 2380 341 2464 quia
364 2379 551 2465 Stephanus
574 2402 650 2446 cum
674 2380 729 2445 illo
754 2390 790 2444 ut
812 2381 966 2467 episcopo
990 2376 1273 2456 communicabat,
1305 2375 1383 2460 ejus-

262 2490 329 2564 que
349 2479 544 2542 auctoritate
567 2480 630 2563 ipsi
650 2479 879 2543 movebantur.
897 2515 936 2526 -
950 2476 1092 2541 Videtur
1108 2474 1304 2559 Cyprianus
1318 2473 1382 2538 Ste-

261 2575 371 2660 phano
396 2577 504 2638 minus
528 2578 654 2640 amicus
676 2577 791 2658 fuisse,
816 2597 916 2660 quam
939 2575 1047 2666 fuerat
1068 2569 1383 2637 Praedecessoribus

263 2675 375 2758 ipsius,
400 2673 537 2758 ejusque
560 2675 709 2756 vigorem
733 2675 768 2738 in
783 2672 959 2758 disciplina
974 2669 1201 2735 ecclesiastica
1215 2669 1383 2732 severiore

261 2770 454 2836 sustinenda
483 2769 721 2857 aliquantisper
753 2779 943 2858 suspectum
965 2768 1131 2834 habuisse.
1177 2766 1313 2832 Motiva
1336 2787 1383 2828 ac-

261 2869 406 2932 curatius
430 2889 496 2932 non
520 2870 763 2952 cognoscimus3
796 2868 854 2934 sed
887 2867 1021 2948 dixeris,
1047 2887 1086 2930 ea
1110 2883 1196 2952 quae
1219 2865 1257 2928 in
1284 2883 1382 2927 causs

261 2965 422 3028 Marciani
445 2964 664 3048 Arelatensis,
695 2975 727 3030 et
756 2967 790 3030 in
819 2988 919 3030 causa
942 2965 1173 3050 episcoporum
1196 2961 1383 3047 Hispaniae

262 3061 449 3147 Cyprianus
471 3064 610 3148 scripsit,
635 3072 671 3126 ut
694 3065 853 3128 excitaret
877 3065 909 3130 S.
925 3061 1132 3148 Stephanum
1155 3059 1198 3124 ad
1221 3059 1383 3145 majorem

261 3161 419 3243 vigorem.
451 3159 658 3244 praeludium
690 3160 858 3247 quoddam
886 3160 986 3224 fuisse
1017 3158 1270 3238 difficultatum,
1303 3177 1383 3240 quas

261 3256 379 3321 habuit
409 3280 484 3320 cum
517 3259 587 3343 ipso
619 3259 659 3322 de
692 3259 882 3343 quaestione
915 3279 1001 3344 quae
1029 3265 1156 3343 spectat
1178 3255 1382 3340 baptismum

261 3355 510 3420 haereticorum.
558 3355 623 3420 Sed
656 3365 726 3420 tum
755 3378 797 3418 ex
820 3357 861 3420 iis
884 3377 970 3441 qnae
998 3357 1166 3441 pertinent
1188 3352 1231 3418 ad
1256 3352 1383 3437 doposi-

261 3455 384 3518 tioncm
415 3454 592 3534 Marciani,
628 3463 698 3516 tum
729 3475 771 3518 ex
801 3475 901 3518 causa
935 3453 1165 3538 episcoporum
1198 3450 1383 3534 Hispaniae

262 3549 437 3636 splendide
460 3557 655 3632 argumenta
683 3551 897 3635 colliguntur,
927 3551 1107 3635 primatum
1134 3548 1277 3613 Romani
1302 3547 1383 3612 Pon·

261 3648 359 3712 tificis
382 3670 421 3712 ea
444 3657 550 3712 aetate
575 3650 766 3730 universim,
791 3669 830 3712 ac
853 3649 1026 3733 speciatim
1049 3669 1070 3712 a
1085 3645 1118 3712 S.
1135 3645 1307 3731 Cypriane
1331 3665 1381 3727 ag·

260 3747 367 3808 nitum
390 3743 534 3830 fuissc1).

337 3905 355 3972 ι)
375 3901 430 3956 Cir.
450 3903 540 3966 Gerus,
559 3901 610 3956 Die
628 3903 838 3972 Kirchengesch.
864 3920 890 3958 v.
910 3902 1035 3971 Spanien.
1055 3903 1132 3958 Buch
1150 3901 1202 3958 ΠΙ.
1228 3901 1255 3955 C.
1275 3899 1330 3956 HI.
1350 3930 1381 3940 -

263 3979 450 4048 Regenshurg,
470 3981 557 4044 liaris,
578 3983 653 4033 1862.

704 4171 917 4182 Ἥ
