2810 4846
242 467 293 522 188
654 471 694 527 De
711 469 784 526 facto
802 469 929 526 Nectarii

242 633 365 676 annum
389 622 517 698 tempus
540 612 622 678 illud
637 615 803 680 differunt.
829 612 1064 698 ,Christianae
1088 613 1148 702 (ile
1157 617 1333 701 Demiugsr

242 711 336 774 Ritus
359 712 473 777 orient.
496 712 523 778 Ι.
540 711 627 798 113),
652 733 752 798 quum
777 711 820 776 ud
834 734 938 776 annos
962 711 1169 779 discretionis
1191 735 1332 800 pervene-

241 809 321 890 rint,
355 807 399 874 od
431 809 668 874 confessionem
699 811 819 888 teneri,
852 831 1021 896 nunquam
1052 811 1094 876 ab
1122 811 1334 877 Orientalibus

242 914 397 990 negatum
420 917 481 990 est,
515 907 572 972 sed
604 908 683 973 dnm
707 907 927 972 determinant
959 907 1090 994 quando
1113 918 1243 995 tempus
1264 909 1334 976 illud

242 1004 422 1086 advenerit,
455 1027 521 1070 non
553 1027 669 1092 parum
702 1005 836 1092 quidem
868 1007 954 1070 inter
976 1027 1010 1070 se
1034 1006 1202 1073 differunt.
1246 1007 1335 1094 Apud

242 1100 362 1188 Coptos
386 1105 597 1188 conqueritur
611 1103 754 1168 Thomas
767 1127 786 1168 u
801 1103 893 1186 Jesu,
918 1126 993 1169 eum
1009 1125 1134 1169 morem
1158 1105 1334 1186 invaluisse,

242 1211 279 1265 ut
301 1199 547 1267 sacromentum
571 1204 792 1289 poenitentiae
824 1224 890 1266 non
924 1205 1105 1288 suscipiant
1133 1215 1210 1269 ante
1233 1206 1336 1289 vigesi-

242 1320 332 1364 mum
355 1302 471 1365 aetatis
493 1321 628 1379 annum,
652 1302 751 1365 etiam
775 1302 801 1364 si
825 1301 964 1364 ministri
982 1300 1098 1365 ultrum
1121 1303 1199 1382 sint,
1222 1303 1276 1388 qui
1296 1324 1337 1364 sa-

242 1419 331 1462 cram
361 1399 625 1462 communionem
653 1407 788 1462 sumunt
810 1399 937 1484 quoties
959 1397 1002 1462 ad
1024 1397 1127 1463 altare
1151 1400 1335 1464 ministrent

242 1493 397 1562 Sollerius
419 1517 549 1582 quoque
581 1503 733 1576 testatur,
758 1495 847 1582 aqud
879 1515 933 1560 eos
960 1517 1078 1582 pueros
1101 1505 1203 1584 atque
1225 1495 1336 1583 puellas

242 1593 284 1659 ad
308 1615 403 1658 usum
427 1595 623 1659 sacramenti
645 1595 866 1680 poenitentiae
880 1593 970 1658 haud
993 1596 1128 1676 moneri,
1155 1594 1260 1659 donec
1281 1615 1336 1657 ma·

241 1693 431 1756 trimonium
446 1693 566 1774 ineant,
583 1692 628 1756 ita
642 1691 776 1777 quidem
795 1692 888 1757 ulad
901 1713 1025 1757 annum
1041 1693 1161 1756 aetatis
1185 1691 1336 1756 decimum

242 1792 416 1876 septimum
441 1789 493 1854 vel
516 1789 682 1854 decimum
705 1797 859 1854 octavum
891 1791 1096 1876 perveniant,
1120 1792 1204 1876 quin
1228 1789 1302 1853 conf
1329 1825 1336 1835 -

242 1891 367 1954 sionem
389 1889 583 1974 peregerint.
628 1887 726 1952 Teste
758 1886 927 1973 Alphonso
951 1887 1089 1953 Mendez
1122 1885 1159 1952 S.
1183 1888 1226 1970 J.,
1249 1886 1337 1972 qnia

242 1985 401 2052 Pontifice
424 1994 551 2050 creatus
573 1985 636 2050 luit
658 1984 850 2051 Patriarcha
878 1985 1129 2070 Abyssinornm,
1156 1985 1192 2050 hi
1215 1993 1336 2072 peccata

243 2107 302 2149 sua
324 2105 390 2149 non
414 2082 653 2149 confitebantur
667 2092 743 2148 ante
758 2105 881 2149 annum
896 2085 1012 2149 aetatis
1034 2084 1235 2169 vigesimum
1257 2083 1337 2168 quin·

243 2193 322 2263 tum,
346 2184 403 2268 qui
425 2203 532 2247 annus
547 2181 636 2267 apud
652 2183 739 2267 ipsos
758 2180 941 2248 habebatur
955 2191 991 2245 nt
1013 2183 1224 2248 innocentiae
1245 2181 1335 2245 limes.

241 2280 437 2346 Toumefort
460 2301 536 2344 vero
561 2290 680 2359 narrat,
696 2280 785 2365 apud
803 2278 966 2344 Armenes
989 2301 1061 2344 eam
1085 2301 1158 2345 esse
1181 2287 1335 2345 consuetu·

242 2378 363 2460 dinem,
395 2387 431 2442 ut
462 2377 723 2443 adolescentibus
756 2377 945 2464 quindecim
974 2377 1164 2444 sedecimve
1188 2397 1335 2443 annornm

243 2475 473 2542 eucharistiam
496 2477 566 2540 sine
589 2475 806 2561 praecedente
838 2475 1041 2540 confessione
1066 2475 1278 2541 concedant.“
1300 2510 1335 2519 -

242 2575 343 2640 Hisce
366 2575 573 2640 consentiunt
596 2595 644 2652 ea,
668 2574 774 2658 pergit
788 2572 911 2650 Frank,
929 2594 1013 2658 quae
1034 2572 1192 2658 leguntur
1213 2575 1248 2638 in
1265 2571 1334 2635 libro

241 2671 485 2760 poenitentiali,
519 2673 576 2758 qui
598 2671 721 2736 Joanni
743 2670 920 2735 Nesteutue
947 2670 1158 2737 adscribitur.
1204 2671 1256 2736 Ex
1277 2689 1334 2733 seu·

242 2772 344 2837 tentia
366 2771 508 2835 auctoris
532 2771 634 2854 ignoti
649 2768 747 2854 hujus
768 2767 854 2850 libri,
870 2767 1000 2833 facilius
1023 2778 1056 2832 et
1079 2769 1220 2834 celerius
1240 2767 1332 2831 remit·

242 2879 355 2934 tuntur
377 2876 521 2954 peccata,
546 2889 630 2954 quae
653 2875 728 2931 aute
748 2867 952 2950 trigesimum
975 2867 1092 2932 aetatis
1114 2889 1242 2932 annum
1263 2883 1335 2930 com·

242 2969 424 3032 mittuntur.
459 2966 531 3030 Nisi
555 2966 663 3050 egitur
686 2964 727 3029 de
742 2963 920 3028 homicidio
935 2964 986 3029 vel
1017 2963 1058 3029 de
1081 2965 1219 3048 incesto,
1240 2961 1335 3050 poeni-

241 3067 344 3130 tentia
366 3063 451 3128 ultre
474 3073 539 3128 tres
562 3085 663 3127 annos
682 3084 747 3127 non
762 3070 811 3126 est
823 3062 1030 3128 extendenda
1038 3061 1072 3148 ¹).
1095 3099 1140 3110 -—
1156 3063 1249 3128 Haec
1270 3059 1335 3124 citr-

242 3165 351 3228 vimus
374 3173 411 3226 ut
433 3171 598 3248 appareat,
623 3159 713 3225 selvo
733 3160 885 3245 dogmate
902 3171 934 3224 et
956 3160 1056 3225 solvis
1078 3160 1253 3246 principiis
1274 3177 1335 3220 cou-

242 3261 432 3326 suetudines
455 3262 555 3324 miras
578 3269 610 3323 et
633 3281 709 3324 usus
724 3257 904 3344 singulares
918 3260 1040 3345 passim
1063 3259 1099 3322 in
1121 3259 1226 3323 variis
1248 3255 1335 3340 regio
1386 3317 1387 3336 ,

242 3359 340 3425 nibus
363 3359 515 3424 inveniri.
562 3356 659 3424 Unde
683 3359 782 3422 etiam
805 3378 847 3420 ex
865 3355 961 3420 factis
984 3355 1108 3443 aliquot
1131 3377 1218 3443 quae
1240 3355 1334 3418 minus
1386 3341 1387 3412 l

242 3479 317 3522 oum
341 3457 549 3540 dogmatibus
582 3458 791 3540 caeteroquin
824 3457 921 3519 certis
949 3463 1200 3540 componuntnr,
1224 3445 1334 3536 aliquid
1386 3419 1387 3514 l

242 3566 354 3620 contra
378 3554 538 3641 ejusmodi
562 3554 715 3639 dogmate
737 3553 852 3618 inferri
876 3574 941 3616 non
964 3560 1078 3638 potest.

316 3754 336 3822 ¹)
355 3753 447 3808 Frank
464 3751 482 3806 l.
501 3767 523 3804 c.
540 3767 565 3819 p.
585 3751 644 3805 368.
