2874 4812
265 435 318 488 816
699 433 739 490 De
757 434 783 490 S
802 433 944 505 Cypriane.

266 581 322 643 nis
351 579 499 644 nondum
529 579 691 644 existebat
724 579 911 644 distributio
941 591 975 644 et
1003 579 1231 648 subordinatio
1259 581 1399 670 episco-

265 699 381 763 porum
415 677 477 741 sub
509 677 734 763 metropolitis,
769 676 929 763 Cypriani
961 687 1073 743 autem
1106 701 1227 746 nomen
1258 681 1399 768 ubique

266 776 482 841 clarissimum
505 785 585 840 erat.
633 775 745 855 Quum
768 777 870 860 igitur
892 785 1072 859 censerent,
1095 777 1288 844 Romanum
1306 780 1398 844 Pon·

265 875 388 938 tilicem
402 897 422 938 a
435 872 581 938 Bssilide
596 872 771 959 deceptum
785 873 897 955 fidae,
921 883 954 936 et
968 873 1059 938 huno
1072 896 1132 960 per
1153 875 1395 962 obreptionem

265 973 412 1036 savorem
436 969 594 1055 Stephani
625 971 816 1053 obtinuisse,
850 969 1056 1056 Cyprianum
1087 974 1122 1036 in
1154 972 1217 1038 boo
1251 978 1396 1058 negotio

265 1069 509 1135 consuluerunt.
566 1066 753 1154 Cyprianus
790 1089 866 1133 cum
900 1067 1034 1152 Synodo
1071 1070 1115 1134 36
1152 1073 1393 1158 episcoporum

265 1166 449 1254 respondit,
477 1165 549 1232 illos
579 1167 750 1252 episcopos
779 1165 821 1231 ob
845 1166 966 1231 delicta
993 1189 1053 1232 sus
1076 1170 1191 1234 merito
1215 1169 1394 1256 depositos

266 1287 346 1348 esse,
379 1285 440 1329 nec
472 1265 551 1349 ipsis
584 1263 704 1329 debere
726 1263 882 1348 prodesse
914 1263 1141 1350 obreptionem
1164 1288 1261 1332 suam
1299 1267 1391 1354 apud

266 1362 481 1448 Stephanum,
505 1382 608 1447 quum
630 1360 748 1426 fraude
771 1371 803 1424 et
825 1359 957 1426 fallacia
980 1383 1055 1426 eum
1078 1361 1269 1431 fefellerint.

355 1461 407 1526 63.
434 1461 502 1524 Nec
537 1458 729 1538 rescindere,
767 1458 897 1540 scribit,
940 1460 1172 1526 ordinationem
1202 1468 1284 1552 jesre
1315 1487 1390 1550 per·

259 1562 381 1648 festam
393 1569 510 1645 potest,
533 1557 617 1643 qood
629 1556 802 1636 Basilides,
820 1568 897 1642 post
910 1559 1044 1622 ommim
1059 1581 1119 1624 usa
1131 1559 1255 1625 detecta
1272 1573 1308 1626 et
1321 1583 1389 1624 con·

97 1642 428 1746 offleii-,mm
450 1658 546 1720 auam
571 1656 710 1740 propria
732 1654 926 1739 confessione
956 1655 1120 1734 nudamm,
1148 1657 1291 1722 Romam
1319 1683 1387 1744 per·

264 1780 339 1844 pens
361 1754 552 1840 Stephanum
580 1752 729 1838 collspam
757 1763 897 1816 nostrum
928 1753 1018 1839 lonpe
1044 1755 1184 1839 positum
1216 1765 1246 1818 st
1282 1769 1387 1840 pectas

265 1858 313 1918 rei
335 1879 372 1918 oe
394 1854 538 1918 ueritatis
559 1853 704 1938 ipnarma
736 1849 864 1936 refellit,
891 1861 925 1914 ut
948 1851 1122 1914 exambiret
1143 1853 1258 1937 reponi
1283 1876 1319 1916 se
1344 1855 1387 1916 in-

258 1957 346 2042 juste
377 1954 412 2016 in
444 1952 665 2036 episcopatum,
698 1949 737 2010 de
769 1971 828 2032 quo
844 1947 959 2034 ficerat
982 1952 1071 2037 jaste
1093 1949 1268 2034 depositum
1321 1950 1386 2014 Hoc

266 2073 300 2113 eo
318 2051 469 2136 pertinet,
502 2059 537 2111 ut
563 2044 722 2110 Basilidis
748 2067 812 2108 non
845 2056 909 2110 tam
932 2045 1054 2110 abolito
1076 2046 1141 2110 sint
1163 2069 1258 2132 quom
1284 2071 1385 2111 manu-

265 2148 334 2212 lata
357 2147 483 2224 delicta,
506 2155 541 2209 ut
564 2143 607 2207 ad
629 2143 795 2228 superiora
811 2154 946 2228 peccota
968 2149 1035 2233 ejus
1057 2145 1153 2208 etiam
1167 2143 1336 2229 fallaciae
1358 2157 1385 2208 et

265 2245 534 2309 circumventionis
557 2243 672 2306 aciemn
695 2242 867 2304 accesserit.
925 2241 1035 2326 Neque
1058 2242 1139 2305 enim
1164 2252 1229 2304 tam
1251 2242 1383 2327 csslpan·
1431 2279 1432 2288 κ

265 2344 325 2407 das
352 2354 399 2408 est
429 2340 484 2405 ille
512 2342 562 2404 cui
593 2337 784 2425 neplipenter
815 2337 977 2422 obreptma
1009 2349 1073 2417 est,
1106 2361 1199 2423 paam
1230 2339 1284 2403 bie
1317 2363 1381 2402 eae·
1431 2303 1432 2375 l

265 2441 402 2506 mondus
425 2441 478 2526 qui
493 2435 721 2524 fraudulenter
744 2435 889 2520 obrepsit.
938 2434 1093 2520 Obrepers
1116 2445 1221 2500 numm
1244 2437 1276 2500 si
1295 2437 1381 2500 Basi·

266 2541 347 2604 lides
368 2537 542 2602 bominibus
568 2535 686 2620 potuit,
718 2533 787 2596 Deo
819 2555 883 2596 nau
908 2543 1024 2618 potest,
1057 2556 1125 2596 cum
1147 2534 1304 2618 scriptum
1325 2535 1382 2596 eit:

265 2639 352 2720 Deus
384 2659 448 2700 raon
479 2633 649 2698 deridetur.
708 2627 772 2694 Sed
810 2653 866 2694 nec
904 2629 1056 2694 Martiali
1087 2640 1194 2715 potest
1221 2634 1381 2718 protem

257 2735 411 2822 fallacia,
444 2733 607 2818 quominus
635 2731 703 2814 ipse
734 2749 853 2813 quoque
885 2726 1009 2792 delictis
1043 2727 1191 2812 precibus
1225 2729 1380 2794 incolatus

266 2836 479 2920 episcopatum
502 2841 604 2894 tenere
626 2849 690 2890 non
713 2825 833 2903 debeat,
863 2824 989 2909 quando
1012 2834 1042 2887 et
1064 2823 1239 2910 Apostolus
1262 2835 1380 2890 moneat

266 2943 296 2996 et
318 2932 422 2995 dicat:
454 2929 645 3013 Episcopum
677 2932 798 3010 oportet
831 2945 895 2986 esse
927 2922 994 2988 siue
1027 2923 1165 3003 crimine,
1195 2925 1293 3008 quasi
1323 2923 1380 2984 Dei

266 3031 521 3115 dispensatorem.
572 3019 772 3106 Quapropter
794 3041 862 3082 eum
884 3020 964 3082 aaa
987 3019 1169 3103 scripsistis,
1185 3019 1316 3104 fratres
1337 3017 1377 3080 di·

266 3125 436 3203 lectissimi,
461 3133 491 3186 et
512 3132 547 3185 ut
570 3120 663 3184 Felice
686 3129 716 3182 et
748 3115 885 3180 Sabinus
908 3116 1043 3202 collepae
1066 3117 1169 3180 nostri
1190 3126 1376 3191 moererent,

265 3236 358 3310 utque
380 3219 571 3287 aliusFelia
594 3218 632 3281 de
657 3213 918 3300 Caesaronpusta,
932 3213 1016 3296 fidei
1037 3211 1139 3276 cultor
1161 3237 1199 3277 ac
1221 3215 1375 3301 defensor,
1428 3219 1429 3234 ¹

265 3323 409 3386 ueritatis
432 3319 547 3382 litteris
565 3316 630 3378 suis
644 3312 809 3398 sipuificat,
824 3310 986 3376 Basilides
999 3321 1030 3374 et
1052 3311 1219 3376 Martialis
1241 3309 1376 3398 nefando

265 3417 468 3482 idololatriae
492 3412 597 3478 libello
620 3411 827 3476 contaminati
848 3411 922 3486 sint,
947 3407 1110 3472 Basilides
1132 3408 1232 3474 cellsus
1256 3413 1377 3494 inmpsr

260 3525 392 3602 pr·aeter
424 3510 525 3576 libelli
555 3508 720 3586 mamalum
751 3529 819 3570 cum
850 3508 885 3570 in
906 3506 1091 3590 infimitate
1114 3505 1317 3584 decumberet,
1346 3505 1373 3566 in

265 3614 368 3677 Deum
397 3607 655 3696 blasphemaverit
687 3615 717 3667 et
751 3627 782 3668 sc
814 3603 1043 3689 blasphemasse
1075 3603 1236 3690 confessas
1271 3607 1321 3680 sit,
1351 3609 1375 3662 sl
1427 3646 1428 3693 ,

266 3712 479 3797 episcopatum
505 3727 568 3792 pro
600 3703 807 3768 mmcientiae
845 3699 970 3764 mdnere
1007 3711 1116 3786 sponte
1149 3700 1309 3786 deportem
1338 3695 1373 3760 ad
1427 3703 1428 3790 l

267 3807 421 3893 mendam
437 3803 845 3889 poenitentiamconaersus
864 3799 915 3875 sit,
930 3798 1033 3862 Deum
1055 3797 1227 3883 deprecans
1251 3796 1372 3863 stratis

266 3901 441 3990 protelans,
458 3902 487 3966 si
502 3900 563 3964 sibi
584 3898 633 3964 cel
656 3897 738 3960 laico
752 3896 978 3959 communicare
1000 3896 1199 3980 mntinperet,
1216 3891 1371 3958 Massalia

265 4023 384 4086 quoque
402 4009 534 4085 praeter
555 3995 718 4083 peutilium
741 3994 849 4080 turpia
868 4003 897 4056 st
920 3991 1077 4058 lutulenta
1099 3992 1241 4056 conmuio
1265 3994 1300 4056 in
1321 3986 1370 4052 col·

267 4097 346 4182 lepio
378 4097 436 4160 diu
458 4095 677 4181 frequentata,
701 4101 731 4154 et
747 4091 835 4174 filios
865 4091 901 4153 in
924 4088 1030 4154 eodem
1052 4087 1180 4176 callepio
1204 4099 1369 4154 mamma

264 4195 403 4282 pontium
424 4215 508 4256 more
531 4191 618 4277 opnd
635 4189 781 4276 profano
813 4187 976 4273 scpulcltro
999 4187 1159 4272 depositos
1181 4197 1211 4250 et
1234 4186 1367 4268 olienipe·
