2936 4814
253 497 288 552 u
602 473 1012 552 nffimmmmam

254 641 430 727 assumptis
458 640 494 704 in
523 635 631 702 locum
663 637 840 724 proditoris
871 638 980 704 Judae
1025 639 1166 704 Matthia
1199 648 1232 703 et
1262 639 1374 704 Paulo

255 739 393 824 dispersi
416 747 493 802 sunt
515 739 598 818 ater,
628 735 707 799 dum
729 734 828 821 plane
848 733 914 799 alia
936 737 1030 818 ratio,
1054 735 1222 801 diversum
1236 747 1377 824 tempus

255 838 425 922 utriusque
447 832 636 898 assumendi
659 833 769 896 fuerit.
814 831 1012 912 Quaerimus
1040 834 1184 912 seumdo,
1213 836 1240 898 si
1264 834 1376 898 verba

254 933 297 998 ud
319 934 454 998 Petrum
478 931 660 1016 spectantia
673 928 917 1015 pertineantad
939 930 1083 1015 primum
1108 930 1178 1014 ejus
1201 932 1236 994 in
1250 930 1376 994 urbem

254 1031 445 1112 adventum,
469 1039 580 1092 utrum
613 1028 655 1091 sit
686 1035 839 1090 accurate
872 1025 1008 1109 dictum,
1037 1049 1106 1112 ,per
1134 1049 1239 1091 annos
1266 1029 1375 1092 XXV

255 1149 358 1215 usque
381 1126 425 1191 ad
447 1125 648 1212 principium
662 1125 842 1188 Neroniani
866 1125 996 1209 imperii
1018 1146 1077 1209 per
1099 1145 1212 1189 omnes
1235 1128 1376 1211 provin-

255 1229 323 1292 cias
355 1235 387 1289 et
419 1224 569 1286 civitates
601 1219 769 1284 Ecclesiae
806 1220 1023 1284 fundamenta
1059 1223 1228 1284 miserunt‘
1239 1272 1248 1304 ,
1288 1222 1376 1286 dum

255 1331 454 1410 sequeretur,
487 1321 574 1385 intra
611 1319 754 1402 spatium
787 1317 905 1381 horum
943 1318 1043 1382 XXV
1076 1339 1249 1401 annorum,
1285 1321 1379 1383 inter

255 1423 315 1486 has
338 1420 489 1484 civitates
512 1426 545 1480 et
566 1416 754 1501 provincias
778 1437 896 1494 omues,
920 1436 1020 1479 unam
1043 1414 1227 1480 Romanam
1252 1415 1375 1480 urbem

255 1515 489 1583 recensendam
522 1534 588 1577 non
621 1531 700 1594 esse,
734 1521 766 1574 et
797 1521 907 1574 utrum
939 1511 1003 1575 hoc
1035 1511 1213 1576 verisimile
1242 1517 1376 1577 censeri

255 1615 366 1702 possit.
414 1611 540 1692 Quodsi
572 1608 712 1690 dicatur,
745 1609 786 1671 iis
818 1608 930 1672 verbis
961 1629 1028 1672 non
1056 1609 1199 1692 excludi,
1223 1620 1262 1674 ut
1285 1610 1378 1675 alius

256 1715 394 1778 Romam
417 1709 545 1774 venerit
568 1707 681 1792 ibique
710 1705 894 1769 Ecclesiam
918 1707 1009 1791 prius
1030 1707 1128 1770 Petro
1152 1710 1376 1790 constituerit,

255 1819 485 1897 praeterquam
515 1804 604 1894 quod
633 1803 668 1868 id
698 1802 984 1866 manifestissimae
1012 1805 1144 1868 veritati
1175 1803 1379 1868 adversatur

257 1909 430 1972 universae
452 1903 639 1967 traditionis
670 1901 826 1984 suffragio
859 1903 1091 1984 communitae,
1119 1903 1190 1987 jam
1221 1904 1379 1987 sequitur

257 2004 358 2069 verba
381 2001 437 2066 illa
465 2000 650 2064 Lactantii:
697 1996 847 2083 Cumque
877 2007 947 2062 turm
977 1999 1064 2062 Nero
1094 2001 1273 2085 imperaret
1297 2010 1376 2076 etc„

255 2125 298 2166 ex
320 2121 391 2164 sese
420 2119 488 2161 non
510 2095 698 2180 significare
726 2096 868 2180 primam
897 2094 1067 2159 Ecclesiae
1095 2095 1265 2161 Romanae
1297 2119 1376 2161 con·
1459 2173 1460 2176 Ἴ

256 2199 470 2276 stitutionem,
481 2204 514 2257 et
535 2194 657 2258 corruit
670 2195 824 2278 princeps
838 2193 1101 2258 adversariorum
1126 2205 1376 2279 argumentum.

214 2301 216 2304 ’
256 2298 291 2362 Si
315 2296 404 2360 enirn
428 2290 531 2355 verba
554 2289 636 2356 haec
666 2291 833 2355 Lactantii
863 2289 997 2354 alterius
1020 2291 1202 2356 adventum
1226 2293 1375 2378 priorem

255 2397 352 2460 Petro
376 2413 442 2456 non
466 2387 658 2471 excludunt,
692 2409 751 2452 cur
781 2388 883 2452 alium
915 2390 1003 2453 Petri
1036 2389 1291 2474 praecedentem
1315 2390 1376 2453 ad·

257 2501 392 2557 ventum
409 2486 610 2552 excludant?
635 2486 833 2566 Quaerimus
850 2489 952 2564 tertio,
969 2497 1080 2550 utrum
1101 2497 1295 2550 accuratum
1319 2490 1375 2569 sit,

256 2588 350 2655 Pauli
362 2588 557 2670 martyrium
567 2585 706 2669 abrupte
717 2604 981 2667 commemorare,
997 2605 1075 2648 cunr
1084 2595 1194 2648 tamen
1210 2583 1251 2648 de
1264 2584 1375 2648 Paulo

256 2690 291 2753 in
311 2683 501 2750 immediato
526 2691 683 2748 contextu
706 2703 748 2746 ne
767 2681 907 2746 verbum
932 2682 1066 2767 quidem
1090 2683 1314 2762 interseratur,
1343 2693 1377 2746 et

256 2785 354 2872 plane
368 2784 410 2849 de
439 2782 511 2868 ejus
534 2783 568 2844 in
587 2779 703 2845 urbem
726 2779 873 2844 adventu
892 2780 1086 2843 Lactantius
1105 2781 1339 2844 conticescat.“
1353 2780 1376 2864 ¹)

344 2880 538 2965 cultaque
579 2879 605 2942 si
643 2879 717 2963 quis
749 2879 915 2941 existimet
952 2877 1164 2941 Laetantinm
1197 2878 1375 2962 opinatum

256 2983 368 3064 fuisse,
398 3000 465 3043 non
488 2978 552 3041 nisi
582 2975 643 3041 sub
665 2976 797 3039 Nerone
825 2974 864 3040 B.
893 2975 1028 3039 Petrum
1059 2975 1198 3038 Romam
1229 2975 1375 3054 venisse,

258 3081 328 3167 ojus
360 3077 548 3163 opinionem
585 3075 776 3160 reponimus
814 3071 1076 3158 posthabendam
1117 3093 1187 3134 esse
1219 3071 1376 3156 positivis

257 3176 453 3242 testimoniis
466 3173 735 3258 gravissimorum
759 3180 939 3236 auctorum.
965 3169 1139 3235 Caeterum
1162 3179 1272 3232 textus
1289 3167 1376 3232 Lac-

258 3274 354 3340 tantii
376 3293 436 3358 per
459 3293 492 3335 se
516 3269 632 3334 borum
665 3269 846 3332 sententiae
878 3288 944 3332 non
976 3267 1171 3352 refragatur.
1217 3265 1259 3329 Id
1283 3275 1376 3350 pate-

257 3373 316 3456 bit,
341 3373 368 3436 si
392 3391 510 3455 scopus
533 3379 566 3431 et
589 3376 761 3432 contextus
784 3365 882 3451 hujus
912 3367 1054 3430 auctoris
1086 3385 1165 3452 prae
1188 3361 1293 3426 oculis
1316 3362 1376 3426 ha-

257 3470 387 3536 bentur.
433 3467 560 3552 Scopus
581 3465 749 3528 Lactantii
778 3464 842 3527 fuit
871 3463 912 3527 de
942 3463 1102 3528 mortibus
1123 3471 1374 3548 persecutorum

259 3569 426 3647 disserere,
461 3585 528 3628 non
560 3583 639 3626 vero
671 3571 859 3625 accuratam
898 3571 930 3625 et
961 3561 1226 3643 chronologicam
1259 3566 1376 3621 texere

258 3666 449 3732 relationem
482 3681 605 3742 eorum,
636 3681 720 3746 quae
743 3658 893 3745 Apostoli
925 3659 1084 3724 fecerunt.
1139 3658 1229 3722 Hinc
1260 3665 1298 3718 ut
1329 3655 1375 3718 de

259 3763 511 3829 christianorum
535 3759 642 3843 prima
669 3779 730 3843 per
758 3758 922 3821 Neronem
952 3757 1180 3842 persecutione
1211 3763 1245 3816 et
1267 3761 1376 3815 morte

258 3861 362 3948 ipsius
393 3878 491 3943 agere
519 3857 667 3941 incipiat,
691 3854 803 3940 aliqua
834 3857 1024 3940 praemittit,
1058 3852 1178 3940 quibus
1210 3850 1311 3916 obiter
1341 3861 1376 3914 et

259 3957 424 4022 summarie
447 3955 554 4039 tangit
576 3975 616 4017 ea
647 3974 732 4039 quae
764 3963 841 4017 ante
864 3953 1026 4016 Neronem
1055 3952 1257 4030 acciderunt,
1281 3946 1375 4011 vide·

259 4055 336 4120 licet
357 4052 638 4140 praedicationem
660 4048 837 4135 Evangelii
865 4073 925 4136 per
946 4048 1117 4135 apostolos.
1163 4048 1245 4111 Rem
1270 4047 1376 4108 oonsi-

260 4152 389 4218 deranti
420 4160 520 4235 patet,
554 4148 636 4213 baec
669 4151 865 4214 constituere
895 4148 1171 4212 introductionem
1203 4141 1374 4229 quandam

261 4254 773 4350 “ffiffifflmemem
