2836 4804
443 405 563 476 Vigilius
581 407 613 462 R.
632 405 767 462 Pontifex.
1109 409 1163 464 888

69 572 150 634 repes,
173 559 203 613 et
224 571 289 613 aaa
312 571 376 612 esse
398 572 503 630 aarum,
527 551 606 614 sicea
628 547 682 613 ille
704 550 799 638 Papa
821 561 866 615 est
887 574 981 637 saper
994 551 1168 618 &claim

70 647 163 710 aursdi
185 648 280 710 totins
310 671 330 710 a
352 645 424 710 sede
456 670 514 712 sua
537 646 696 734 mulsae.
748 645 844 721 Quem
872 649 1166 735 8888818888-

70 755 116 822 tor,
136 745 276 809 revocari
296 745 429 808 Romam
453 741 620 811 silvarium
635 746 745 835 jussit,
770 756 799 810 at
822 745 860 809 da
883 745 997 812 litteris
1020 746 1088 812 illis
1110 745 1167 833 (ad

71 841 279 926 proditionem
290 839 495 928 probandam
511 839 632 928 citatis)
640 843 897 932 judiciamfieri,
912 845 990 910 atsi
1012 845 1168 932 approbo·

71 951 147 1004 retur
158 940 197 1004 ab
210 939 392 1026 praescisse
405 941 550 1025 scn'ptas,
562 941 792 1026 iapaacampua
806 941 931 1006 civitate
940 943 1104 1028 opiscopus
1117 942 1169 1008 de·

68 1048 150 1122 peret,
173 1039 203 1101 ai
225 1048 327 1102 oawm
342 1033 455 1122 salsae
470 1035 613 1122 fuissent
628 1037 832 1123 approbatae,
855 1040 1072 1104 restitueretur
1094 1063 1169 1106 saoa

68 1133 133 1198 sedi.
157 1183 164 1198 .
190 1183 198 1197 .
225 1183 233 1198 .
258 1133 407 1222 Pelopiae
430 1156 501 1198 aero
525 1133 770 1222 (apocrisiarius
792 1135 885 1200 Rom.
900 1137 1070 1202 Pontificio
1086 1136 1168 1204 Con·

69 1230 266 1317 suntinopoli
292 1229 437 1317 degens),
452 1254 579 1296 carrara
602 1255 669 1296 cam
692 1233 851 1298 volentate
866 1233 1025 1319 Aaprsetae
1046 1236 1170 1302 volebat

69 1330 179 1393 irritum
193 1329 308 1413 facero
332 1329 535 1418 imperatoris
553 1341 766 1416 praeceptam,
798 1353 837 1396 ue
860 1329 1014 1398 &aanor
1037 1335 1171 1400 Romam

69 1437 278 1508 revertentem
301 1425 357 1490 aad
383 1423 589 1514 praevalente
620 1429 826 1514 Imperatoria
840 1431 985 1519 jassioas
1016 1429 1171 1496 &laetius

68 1523 104 1588 od
124 1523 257 1588 Italiam
279 1546 420 1588 reversas
443 1519 531 1610 osv).
556 1523 603 1590 At
617 1524 748 1590 Silverii
763 1525 944 1594 adversarii
959 1528 1036 1594 dein
1052 1531 1170 1594 iterum

20 1692 24 1703 Ι
68 1623 162 1706 ipsum
186 1621 293 1685 Roma
324 1619 538 1707 expulerunt,
562 1622 775 1709 feceruntque
798 1622 962 1709 deportari
987 1627 1022 1690 in
1043 1626 1170 1692 Palma-

19 1706 24 1749 ⁵
68 1721 138 1782 riam
171 1717 324 1800 insulam,
358 1719 415 1783 ubi
438 1721 604 1784 aerumnis
636 1720 747 1786 multis
775 1721 918 1788 afflictus
941 1723 1095 1789 Pontifex
1117 1723 1171 1790 vel

68 1839 143 1882 anno
166 1815 243 1900 540,
268 1817 315 1881 uti
348 1815 510 1882 Batonius
542 1815 665 1904 aliique
698 1829 842 1904 censent,
867 1819 921 1883 vel
944 1841 985 1884 ex
1009 1822 1172 1886 sententia

67 1913 236 1980 Bianchini
258 1937 345 1978 anno
368 1913 433 1979 538
455 1913 622 1980 mediante
646 1915 737 1981 obiit.

144 2013 202 2080 31.
225 2011 336 2076 Habet
358 2012 460 2077 Liber
476 2012 680 2078 Pontificalis
703 2016 737 2078 in
762 2014 971 2080 conclusione
999 2017 1089 2080 vitae
1112 2015 1342 2095 Sil-vuruusn.

18 2168 23 2191 ,
68 2113 159 2175 verii:
185 2111 229 2174 Et
252 2112 384 2175 oaseaoit
407 2111 603 2196 episcopatos
628 2111 695 2175 dies
716 2133 782 2176 aaa.
818 2147 862 2158 —
894 2112 985 2178 Hine
1007 2113 1174 2180 existimat

18 2200 23 2211 '
68 2207 223 2273 Batonius
246 2207 378 2293 aliique,
403 2206 564 2290 Vigilium
597 2217 823 2296 usurpatorem
846 2209 941 2276 Sedis
963 2209 1173 2296 Apostolicee

68 2317 136 2372 tunc
158 2307 367 2371 renuntiasse
400 2305 442 2370 ad
475 2314 605 2392 tempus
638 2309 851 2393 episcopatui,
885 2317 1080 2394 sperantem,
1104 2310 1174 2374 fore

69 2415 98 2466 ut
125 2405 275 2490 legitima
307 2403 466 2469 electione
498 2403 540 2468 ob
564 2401 749 2470 schismatis
773 2415 897 2470 metum
926 2406 1054 2472 aclero
1079 2405 1175 2492 elige·

67 2513 157 2567 retur.
207 2501 246 2566 Id
269 2523 385 2566 revera
417 2500 585 2583 accidisse,
618 2511 717 2589 atque
745 2503 865 2570 exinde
888 2503 1048 2588 Vigilium
1070 2504 1177 2589 legiti-

19 2656 23 2665 .
69 2621 149 2664 mum
174 2599 278 2664 fuisse
300 2598 506 2664 Pontificem.
552 2599 646 2666 Haec
678 2603 858 2686 suppositio
883 2623 961 2668 sane
984 2601 1073 2668 baud
1096 2623 1174 2686 gau-

68 2697 116 2762 det
138 2695 358 2779 certitudin03
391 2698 594 2762 conveniunt
622 2706 735 2764 tamen
766 2719 888 2781 omnes,
922 2699 998 2768 inde
1028 2723 1048 2764 a
1072 2710 1176 2766 morte

69 2794 208 2878 Silverii,
234 2795 305 2859 sive
329 2793 503 2877 electione,
538 2795 607 2860 sive
630 2798 856 2882 acceptatione
884 2799 1060 2879 communi,
1085 2798 1176 2882 Vigi-

15 2902 22 2953 '.
67 2891 142 2960 lium
173 2894 275 2958 fuisse
307 2892 489 2976 legitimum
515 2891 650 2979 Papam.
680 2931 725 2942 --
747 2894 843 2960 Tunc
865 2915 943 2960 vero
967 2897 1047 2981 ipse,
1069 2897 1178 2980 gratia

67 3002 220 3077 operante
256 2991 386 3074 divina,
417 2991 518 3075 digna
541 2993 667 3056 ratione
701 2993 735 3058 in
771 2992 965 3078 pontificatu
998 3013 1032 3058 se
1065 2995 1176 3077 gessit.

68 3087 194 3154 Cuncta
218 3089 306 3154 enim
330 3111 414 3177 quae
438 3087 631 3154 Theodorae
664 3099 778 3154 contra
802 3088 1070 3158 Chalcedonense
1094 3089 1178 3158 Con-

67 3189 178 3253 cilium
202 3196 236 3252 et
259 3189 293 3252 in
316 3186 463 3252 favorem
479 3185 765 3272 Eutychianorum
785 3190 978 3273 promiserat
999 3198 1057 3252 aut
1079 3190 1179 3275 scrip*

66 3297 157 3370 serat,
190 3285 327 3352 solemni
352 3285 430 3351 fidei
459 3286 670 3372 professione,
704 3308 789 3374 quae
821 3287 856 3352 in
883 3284 999 3351 littaris
1021 3285 1065 3353 ad
1087 3285 1178 3352 Meu·

67 3407 139 3448 nam
176 3393 209 3449 et
243 3383 286 3448 ad
320 3383 555 3469 Imperatorem
590 3383 738 3465 habetur,
774 3383 932 3469 implicite
954 3385 1124 3450 revocavit
1146 3393 1181 3452 et

138 3647 158 3714 ¹)
177 3641 300 3696 Breviar.
320 3657 341 3696 e.
367 3641 409 3694 82.
439 3671 472 3680 -
491 3639 637 3694 Liberatus
656 3639 782 3694 diaconus
802 3640 1031 3709 carthaginensis,
1050 3639 1096 3712 qui
1115 3639 1179 3696 olim

65 3723 111 3777 sub
131 3723 240 3777 Joanne
259 3728 288 3777 et
304 3722 431 3790 Agapeto
449 3721 507 3774 ΗΒ.
526 3719 580 3774 ΡΡ.
608 3720 717 3788 legatus
735 3719 862 3774 eeclesiae
880 3735 944 3775 snae
963 3721 998 3775 ad
1015 3720 1109 3776 Sedem
1127 3721 1180 3774 Ro·

66 3817 173 3858 uanam
190 3802 308 3858 directus
326 3801 426 3868 inerat,
444 3801 553 3870 scripsit
571 3801 653 3870 (forte
670 3800 741 3854 eirca
759 3815 782 3854 a.
801 3799 867 3868 880)
891 3801 1063 3854 Brror'arium
1081 3817 1181 3853 causae

66 3875 292 3928 Nestorianoram
320 3879 344 3927 st
371 3871 615 3942 Epiphaneam,
646 3885 693 3926 sen
721 3871 829 3926 brevem
852 3875 1021 3939 conspectum
1038 3871 1181 3940 utriusque

65 3952 192 4019 haeresis,
211 3969 245 4010 ex
263 3953 385 4008 Historia
404 3951 546 4020 tripartita
566 3951 724 4018 Cossiodori,
744 3967 777 4006 ex
796 3951 882 4020 gestis
900 3951 1071 4018 synodalibus
1090 3956 1119 4005 et
1136 3951 1181 4007 SS.

66 4033 181 4088 Petrum
200 4033 329 4102 epistolis,
357 4048 391 4088 ex
418 4032 532 4104 quodam
559 4031 647 4086 libello
666 4031 844 4086 Alexandriae
872 4037 986 4100 saepto,
1012 4038 1041 4086 et
1058 4047 1091 4086 ex
1109 4030 1182 4086 fideli

67 4113 288 4182 gravissimorum
306 4113 442 4167 hominum
469 4112 599 4168 relatione
626 4112 721 4166 seriem
748 4115 993 4180 rerumgestarum
1012 4115 1075 4179 apte
1093 4111 1181 4180 dispo·

66 4208 140 4250 nens.
160 4194 194 4248 V.
212 4193 323 4259 Fessler,
342 4191 499 4260 Patrologia
516 4191 551 4248 11.
570 4207 595 4260 p.
615 4193 674 4246 970.
