2876 4814
244 511 297 562 214
580 505 620 558 De
637 503 724 572 Opere
743 499 1024 571 Philosophoumcnon

245 654 368 734 ximus,
398 652 533 714 unicam
562 647 729 713 asserebat
759 669 932 734 personam
957 647 1120 730 divinam,
1145 645 1361 734 eamdemque

244 771 418 837 personam
441 748 573 813 Patrem
605 757 639 811 et
661 745 795 812 Filium.
841 746 973 811 Patrem
1003 767 1082 809 vero
1105 743 1229 808 Filium
1253 744 1362 832 appel·
1427 783 1428 790 κ

244 848 316 932 lari,
341 858 502 934 quatenus
533 869 574 909 ex
604 845 743 931 Virgine
774 845 905 930 genitus
935 866 969 908 se
996 841 1059 908 sibi
1082 842 1207 908 Filium
1230 843 1362 923 fecerim

245 947 394 1033 adeoque
411 946 544 1009 Patrem
568 945 777 1008 incarnatum
801 952 835 1006 et
856 964 990 1028 passum
1013 962 1094 1007 esse.
1140 940 1239 1007 Unde
1263 943 1362 1006 enam

244 1043 482 1130 Patripassiani
515 1042 595 1106 dicti
629 1051 715 1106 sunt.
764 1040 876 1121 Quom
909 1061 987 1104 vero
1022 1062 1060 1104 ea
1091 1049 1198 1105 aetate
1226 1042 1364 1105 nomina

245 1141 399 1206 technica
421 1148 535 1227 postea
557 1149 700 1226 recepta,
725 1140 773 1203 uti
797 1139 992 1222 substantia,
1015 1149 1143 1223 natura,
1166 1139 1364 1225 hyposmsis,
1427 1223 1428 1228 ἵ

246 1261 395 1327 persona,
420 1237 568 1303 nondum
592 1246 746 1302 accurate
768 1237 985 1302 determinata
1005 1247 1128 1320 essent,
1156 1236 1254 1302 facile
1286 1247 1364 1317 erat,
1427 1229 1428 1260 l

248 1347 283 1403 ut
306 1338 469 1402 haeresim
484 1359 577 1400 suam
591 1335 829 1401 Antitrinitarii
847 1335 1031 1422 palliarent,
1045 1337 1236 1420 praesertim
1263 1357 1365 1422 quum
1427 1327 1428 1342 ¹

247 1459 319 1501 eam
343 1445 492 1520 tegerent
514 1443 687 1521 praetextu
710 1434 799 1520 quod
827 1435 1037 1498 monarchiam
1060 1433 1281 1498 orthodoxam
1306 1433 1365 1519 ipsi
1427 1453 1428 1494 1

247 1532 472 1600 defenderent.
520 1533 586 1614 Qui
617 1555 695 1597 vero
720 1533 800 1620 ipsis
829 1532 1034 1614 resistebant,
1059 1553 1161 1618 quom
1185 1531 1366 1596 distinctio·
1427 1541 1428 1570 ¹

247 1655 323 1699 uem
347 1653 562 1718 personarum
593 1630 822 1714 vindicabant,
847 1632 882 1695 in
912 1651 988 1694 eum
1012 1628 1182 1716 scopulum
1206 1631 1367 1717 impinge-

246 1733 343 1814 bant,
376 1739 413 1794 ut
445 1730 554 1816 plures
587 1729 665 1794 deos
689 1731 887 1793 constituere
918 1729 1119 1793 viderentur.
1165 1727 1217 1792 Ita
1239 1727 1368 1792 Auctor

247 1827 592 1914 Philosophoumenon
616 1850 636 1891 a
652 1825 785 1891 Callisto
805 1849 839 1891 se
854 1823 969 1890 tector
992 1828 1141 1914 queritur
1163 1825 1367 1912 appellatum

247 1929 358 2011 fuisse,
381 1926 549 1991 neoforto
572 1927 643 1991 sine
657 1926 800 2010 ratione;
824 1935 923 2013 atquc
943 1927 1042 1990 etiam
1056 1923 1261 1989 Tertulliano
1287 1926 1367 2013 ejus

249 2026 338 2092 modi
363 2024 557 2090 ditheismus
581 2024 729 2112 objectus
752 2033 810 2090 est.

337 2125 391 2189 53.
415 2121 545 2209 Operae
577 2125 719 2210 pretium
753 2145 832 2188 vero
866 2133 914 2187 est
948 2123 1096 2188 conferre
1128 2145 1177 2204 ea,
1206 2143 1296 2209 quae
1328 2121 1367 2186 ab

251 2223 395 2287 Auctore
417 2220 763 2309 Philosophoumenon
792 2222 964 2305 dicuutur,
996 2242 1071 2286 eum
1094 2222 1135 2284 iis
1158 2242 1243 2306 quae
1267 2219 1368 2286 habet

249 2321 472 2386 Tertullianus
486 2322 521 2385 in
537 2342 594 2384 suo
608 2320 693 2385 libro
708 2319 868 2385 Aduersus
883 2321 1058 2400 Praccam;
1080 2319 1255 2383 manifeste
1280 2321 1367 2384 enim

250 2441 335 2507 quae
359 2421 393 2483 in
416 2428 555 2505 utroque
580 2440 678 2505 opere
702 2429 878 2483 narrantur
892 2418 1009 2482 eadem
1031 2426 1181 2502 tempora
1204 2417 1369 2481 eamdem·
1427 2429 1428 2502 ζ

250 2541 315 2606 que
339 2518 522 2581 doctrinam
547 2525 706 2604 spectant.
742 2515 859 2581 Tradit
873 2515 1000 2582 Auctor
1011 2513 1368 2601 Philosophoumenon,
1427 2513 1428 2578 l

250 2619 354 2684 Noeta
366 2616 528 2701 Smyrnae
551 2615 651 2680 fuisse
675 2615 853 2680 diaconum
877 2625 909 2679 et
933 2612 1143 2701 disciprdum,
1167 2612 1368 2700 Epigonum,

251 2724 284 2780 et
305 2713 395 2778 hunc
429 2735 529 2799 quum
563 2714 701 2778 Romam
741 2715 886 2779 venisset
923 2713 969 2777 ibi
1003 2713 1151 2798 magistri
1185 2711 1369 2778 doctrinam
1427 2707 1428 2784 l

250 2833 464 2901 propagasse;
484 2811 629 2897 Epigoni
645 2833 723 2877 vero
748 2811 926 2898 discipulos
942 2820 975 2875 et
997 2809 1140 2875 asseclas
1162 2811 1264 2874 fuisse
1281 2809 1369 2875 Cleo·
1427 2809 1428 2828 ²

252 2931 382 2975 manem
401 2917 433 2971 et
447 2907 638 2975 Sabellium.
689 2910 911 2975 Tertullianus
926 2931 1015 2992 vero,
1031 2909 1194 2995 quomodo
1206 2907 1370 2996 Patripas·

251 3010 419 3072 sianorum
433 3004 579 3071 haeresis
586 3007 710 3072 Romae
720 3018 901 3096 propagata
915 3008 966 3090 sit,
981 3009 1016 3072 in
1030 3005 1114 3072 libro
1129 3005 1369 3072 advemusPra·

251 3126 348 3169 xeam
373 3125 400 3169 c.
427 3105 443 3166 1
470 3104 516 3168 ita
540 3104 712 3171 describit:
737 3107 1016 3193 Praccaaprimus
1039 3129 1079 3169 eu
1103 3105 1185 3171 Asia
1206 3105 1263 3169 loc
1275 3129 1370 3194 psam

246 3202 469 3294 perversitatis
491 3202 601 3267 intulit
624 3206 753 3287 Romae,
777 3206 864 3270 bomo
889 3216 919 3269 ct
942 3203 1027 3268 alias
1049 3206 1218 3292 inquietus,
1242 3205 1371 3291 iusuper
1427 3229 1428 3296 p

252 3301 290 3365 dc
306 3301 485 3391 jactatione
507 3303 655 3389 martyrii
677 3303 815 3390 inflatus,
835 3303 872 3368 ob
897 3303 996 3368 solum
1019 3313 1049 3367 ct
1072 3302 1206 3390 simplem
1229 3312 1261 3366 et
1284 3301 1370 3366 brem
1427 3297 1428 3374 l

252 3399 386 3464 carceris
411 3397 558 3477 taedium,
582 3401 707 3486 quaudo
723 3403 782 3465 etsi
796 3425 908 3488 corpus
928 3425 1017 3465 suum
1032 3401 1218 3466 tradidisset
1241 3423 1370 3464 caeuren·
1427 3391 1428 3442 l

252 3498 336 3577 dum,
359 3495 439 3559 uilril
456 3496 655 3583 profecisset,
670 3498 868 3564 dilectionem
881 3501 945 3563 Dei
967 3523 1031 3564 noc
1053 3499 1169 3563 babeas
1192 3503 1281 3589 cujus
1305 3499 1370 3562 ελα-
1417 3485 1428 3528 't

252 3597 387 3659 rismata
409 3617 526 3680 quoque
551 3599 751 3684 cocpuprraoit.
800 3598 887 3662 Nam
910 3599 993 3662 idem
1017 3609 1089 3662 tuoe
1103 3598 1297 3684 Episcopum
1311 3597 1371 3661 Ro-

252 3715 378 3756 manum
410 3705 625 3778 marcentem
649 3700 722 3786 jam
738 3697 925 3784 prophetias
955 3695 1113 3776 Montani,
1138 3695 1277 3774 Priscae,
1302 3695 1371 3758 Ma·

253 3789 407 3868 cimiliac,
433 3800 586 3855 arcaea
609 3795 770 3881 spuitione
794 3817 908 3882 pacem
937 3792 1074 3858 caleatis
1096 3792 1195 3857 Asiae
1223 3804 1255 3856 ct
1277 3791 1371 3879 Pary-

252 3889 323 3974 piae
346 3888 542 3974 inferentem,
567 3890 665 3977 falsu
697 3891 735 3956 dc
759 3894 839 3980 apsis
856 3892 1021 3978 prophetis
1054 3901 1084 3956 ct
1107 3889 1245 3956 ecclesiis
1269 3912 1372 3955 corum
1427 3885 1428 3892 ἶ

254 3985 473 4065 asscoerondO,
517 3997 547 4051 ct
576 4013 815 4076 praecessorum
838 3995 905 4081 ejus
934 3989 1138 4056 auctoritates
1164 3987 1371 4078 defendenda,

254 4085 351 4170 ccipit
374 4093 404 4146 ct
427 4082 551 4150 litteras
566 4090 663 4174 pacis
684 4112 828 4153 revocare
850 4092 923 4179 jam
952 4087 1091 4166 emissas,
1115 4095 1146 4150 ct
1168 4109 1189 4150 a
1205 4087 1372 4174 proposito

254 4179 505 4266 recipiendorum
531 4185 752 4250 alamannium
774 4208 961 4268 concessare,
995 4185 1047 4248 Ita
1070 4183 1132 4248 duo
1154 4185 1283 4270 raspatio
1305 4181 1371 4246 dia·

255 4275 320 4340 ὒθῑὶ
342 4277 487 4340 Ρναωθαθ
510 4287 629 4351 Raucae
655 4285 858 4371 procuravit,
876 4283 1078 4370 prophetiam
1105 4280 1230 4369 expulit
1253 4291 1284 4346 et
1304 4281 1371 4343 loe·
