2810 4846
509 455 529 510 S
553 455 734 512 Innocentius.
1121 453 1173 508 207

504 545 514 574 ι

76 592 193 676 beatur,
216 595 274 660 scd
297 595 396 660 fidem
410 595 775 685 tenerecatholicsm1).
809 597 923 662 Plures
947 599 1018 662 istis
1042 599 1076 661 in
1101 619 1174 662 cou-

75 694 232 758 tmversiis
270 693 423 778 epistolas
460 694 655 760 Anastasius
692 697 882 781 praesertim
921 695 964 758 sd
1006 696 1176 782 episcopos

76 789 239 854 orientales
262 790 361 855 misit.
406 789 516 876 Atque
549 793 595 856 itu
625 792 820 878 Origenistis
852 793 1044 857 auctoritate
1067 793 1175 857 Ponti-

75 884 138 950 fieis
160 887 325 971 repressis,
350 887 534 952 animorum
558 899 666 953 aestus
694 889 866 971 deferbuit,
890 897 923 954 et
945 891 1176 974 supervenien-

75 982 155 1048 tibus
177 983 274 1069 paulo
298 985 645 1070 postPelagianorum,
661 987 927 1052 Nestorianorum
951 996 984 1050 et
998 986 1174 1071 Eutychis·

76 1101 186 1146 uorum
218 1081 492 1164 contentionibus,
525 1083 599 1147 lites
632 1083 672 1148 de
703 1083 854 1168 Origene'
879 1085 1015 1172 ejusque
1048 1085 1177 1170 scriptis

76 1200 171 1263 usque
193 1177 238 1248 ud
261 1177 429 1244 saeculum
454 1190 584 1244 sextum
607 1184 732 1266 sopitae
755 1191 840 1246 sunt.

154 1276 189 1342 S.
214 1275 426 1358 Anastasius,
451 1299 549 1363 quem
573 1279 797 1364 Hieronymus
829 1281 862 1342 in
888 1279 1024 1364 epistola
1047 1277 1090 1342 ad
1113 1277 1177 1342 De·

76 1373 261 1438 metriadem
284 1373 459 1439 ἀίίἰεείπιαο
476 1379 681 1462 polipus-tutis
713 1387 743 1440 ct
769 1376 969 1462 Apostolicue
993 1375 1178 1441 sollicitudi-

74 1474 118 1536 πίε
149 1473 253 1535 oimsm
286 1471 440 1558 appellat,
475 1474 510 1536 iu
533 1471 676 1538 Domino
712 1473 912 1538 obdormivit
941 1495 1056 1538 versus
1079 1473 1178 1538 finem

75 1570 146 1632 suni
169 1567 248 1632 401.

156 1666 582 1732 22.Innoceutins
613 1669 651 1734 R.
681 1669 718 1734 P.
749 1691 778 1734 a.
808 1667 995 1733 402-41‘1.
1032 1703 1076 1714 -·
1114 1665 1181 1730 Hic
1209 1671 1328 1714 ramses

78 1763 237 1844 Pontifex,
270 1765 328 1848 qui
358 1765 549 1850 quindecim
580 1767 675 1830 annis
698 1765 866 1830 Ecclesiae
888 1765 1040 1851 praefuit,
1064 1767 1179 1828 merito
1203 1733 1332 1776 ”mm

76 1861 154 1924 inter
176 1861 355 1924 Pontifices
379 1863 522 1926 maxime
554 1865 700 1946 insignes
722 1873 923 1946 recensetum
947 1883 1068 1946 magno
1092 1863 1181 1926 enim

77 1960 183 2042 rigore
206 1959 345 2044 parique
367 1960 531 2043 sapientia
559 1963 786 2025 auctoritatem
817 1981 911 2026 suam
934 1969 1005 2024 tum
1027 1961 1062 2023 in
1086 1958 1181 2024 Occi·

78 2055 216 2137 dentem,
239 2065 310 2120 tum
333 2057 368 2120 iu
392 2056 560 2121 Orientem
584 2059 741 2122 exercuit.
780 2055 1067 2122 Commemoreudi
1090 2057 1181 2120 veni·

78 2163 130 2218 unt
152 2154 317 2238 imprimis
345 2152 456 2238 plnres
485 2155 635 2239 epistolae
668 2155 838 2220 decretales
870 2155 988 2219 summi
1012 2155 1179 2237 momenti,

13 2269 14 2272 ’
77 2273 155 2336 quae
191 2251 313 2315 veteris
346 2250 540 2336 disciplinae
574 2251 814 2317 ecclesiastieae
845 2252 936 2317 velut
957 2253 1182 2337 promptuaria

78 2361 155 2415 sunt
203 2347 354 2436 Epistola
385 2347 429 2412 ud
451 2349 635 2414 Decentium
657 2351 854 2437 Eoiqudimum
882 2352 951 2434 agit
983 2349 1024 2414 de
1056 2371 1182 2414 conser-

78 2447 191 2512 vandis
224 2449 260 2510 in
282 2445 462 2511 Occidente
484 2445 651 2511 Romnum
681 2447 838 2512 ecclesiae
861 2447 988 2512 ritibus.
1034 2445 1182 2533 Epistola

13 2553 14 2582 ¹
78 2543 116 2608 ud
149 2545 332 2610 Victricium
363 2545 639 2631 Rotlumupcusem
668 2546 789 2626 statuit,
822 2565 937 2609 causes
969 2546 1111 2608 minores
1139 2543 1181 2608 ab

78 2643 235 2727 episcopis
257 2643 448 2726 provinciae
479 2663 549 2706 esse
579 2641 838 2726 cognoscendas,
871 2643 1011 2726 majores
1034 2661 1113 2705 vero
1136 2661 1182 2704 se·

13 2751 14 2768 ¹
79 2739 220 2804 cundum
243 2759 366 2804 morem
388 2738 432 2803 ad
455 2738 574 2805 Sedem
598 2739 821 2824 Apostolicam
855 2739 1056 2819 deferendas,
1080 2737 1182 2801 incul-

13 2891 14 2902 ,
79 2846 189 2924 eatque
214 2835 407 2900 clericorum
431 2837 665 2901 continentiam
688 2845 721 2900 et
743 2857 849 2901 mores
872 2846 1011 2902 sanctos.
1035 2833 1183 2921 ldplstola

79 2935 117 2998 ud
137 2934 336 3018 Ezupcsium
363 2933 551 2998 Tolosanum
574 2937 720 2999 continet
741 2934 885 3000 iudicem
901 2933 1076 2998 Librorum
1100 2932 1183 2996 divi-

79 3053 190 3096 norum
221 3029 388 3114 eumdem,
412 3051 510 3116 quem
533 3031 707 3096 ediderunt
728 3033 843 3098 Patres
865 3030 1060 3095 Tridentini.
1106 3031 1183 3116 lipi-

79 3129 155 3194 rtolu
190 3128 236 3194 ad
269 3128 403 3193 Felicem
427 3129 642 3192 Nuceriomum
676 3129 780 3210 decet,
816 3130 940 3214 quiin
970 3126 1093 3192 clerum
1117 3147 1183 3190 non

80 3229 139 3291 sint
161 3225 371 3292 admittendi.
401 3225 466 3292 Sed
491 3227 531 3290 de
555 3226 606 3291 his
628 3227 732 3291 fusius
756 3227 914 3291 disserere
937 3225 1000 3289 hoc
1022 3224 1094 3288 loco
1115 3245 1183 3288 non

80 3333 180 3388 vacat.

161 3423 217 3487 23.
240 3421 375 3506 Insigne
406 3441 501 3506 porro
534 3420 768 3486 documentum
800 3419 960 3506 primatus
992 3428 1024 3482 et
1046 3420 1183 3482 auctori-
1219 3456 1289 3498 cm,
1303 3455 1326 3498 g,

80 3521 152 3584 tntis
174 3521 315 3586 Romani
327 3519 497 3584 Pontificis
521 3521 706 3584 continetur
728 3519 778 3599 iis,
803 3539 887 3602 quac
910 3516 970 3580 sub
989 3516 1183 3580 Innocentio
1194 3516 1347 3569 mni

80 3616 112 3680 iu
132 3641 231 3682 ceusu
253 3615 286 3682 S.
311 3617 451 3682 Jocum's
466 3615 675 3703 Clipeostomi
695 3625 770 3680 ecta
792 3625 877 3680 sunt.
912 3616 964 3679 De
987 3614 1050 3678 hoc
1073 3622 1184 3678 sancto

80 3715 220 3782 Doctore
243 3737 283 3780 ac
305 3715 347 3779 de
372 3715 442 3800 ejus
465 3715 594 3799 negotio
623 3715 695 3800 jam
727 3714 905 3799 praecipua
928 3713 1115 3776 summatim
1139 3729 1185 3774 re-

81 3813 229 3878 feramus.
277 3811 388 3892 Quum
410 3813 583 3876 Nectarius
613 3833 700 3876 enno
731 3813 794 3876 397
826 3809 872 3897 (d.
896 3812 937 3874 27
962 3808 1066 3894 Sept.)
1090 3806 1185 3872 obiis-

82 3921 134 3992 set,
158 3910 362 3996 Theophilus
384 3910 630 3976 Alexandrinus
669 3906 882 3996 (uss-412),
918 3909 970 3971 vir
1006 3907 1186 3971 ambitione

13 4201 14 4230 ,
151 4143 173 4212 ¹)
192 4141 247 4198 (lfr.
267 4139 408 4207 epistolam
417 4137 736 4193 AnastasiiedJoenuem
752 4137 902 4206 episcopum
911 4134 1185 4203 Hierosolymitauum

13 4249 14 4252 ¹
83 4235 122 4290 ap.
140 4222 280 4286 Gousmnt,
299 4220 365 4288 lipp.
384 4219 442 4274 ΗΒ.
461 4218 514 4272 ΡΡ.
538 4217 570 4273 Τ.
587 4217 610 4272 1.
629 4233 650 4271 e
671 4219 733 4270 72³.
