2874 4812
209 479 262 531 362
489 478 529 531 De
547 477 699 532 Arianismo
717 493 749 532 ac
766 479 799 532 de
818 478 896 532 (lonc
915 477 1040 532 Nicaeno.

209 621 252 685 ad
281 621 517 685 ostendendam
541 621 786 685 distinctionem
810 622 917 685 Patris
940 630 973 684 et
996 621 1072 685 Filii
1097 623 1258 686 adversus
1273 621 1329 686 Sa·
1426 601 1427 604 Ἴ

209 717 368 782 bellianos
392 719 521 802 dixerit,
547 743 625 805 opas
647 731 677 784 et
703 743 768 782 rem
783 719 910 806 factam
939 721 1145 784 creabilium
1167 721 1242 799 Dei,
1265 743 1328 783 uon
1426 731 1427 744 ¹

209 828 326 880 ustura
351 819 529 903 proprium,
560 818 615 880 aad
638 817 776 882 alienum
798 842 820 881 a
841 819 938 882 Patra
962 820 1128 884 secumlum
1150 819 1329 896 esseutimn,

209 917 289 978 sicut
311 926 356 979 est
379 915 520 1002 apricolu
542 927 721 1000 comparate
744 916 788 979 ad
809 917 912 994 utem,
936 927 967 979 et
980 915 1080 1002 faber
1103 915 1147 979 ad
1169 916 1329 1002 scapham,

211 1022 240 1075 ct
260 1035 333 1076 uero
356 1035 423 1076 cum
446 1014 488 1076 sit
509 1035 560 1076 rea
575 1013 686 1098 fucta,
710 1035 774 1076 uon
797 1023 866 1076 erat
889 1023 1057 1099 antequam
1078 1014 1178 1097 fieret,
1203 1017 1332 1099 ποιῆμα

210 1107 263 1173 καὶ
286 1108 411 1192 yevesbv
440 1101 524 1174 εἶναι
555 1107 612 1172 τὸν
640 1103 718 1172 Yidv
749 1113 806 1171 rob
829 1107 925 1189 Θέου,
954 1108 1032 1196 μήτε
1055 1107 1090 1174 δὲ
1112 1109 1207 1197 φύσει
1233 1105 1330 1186 idrus,
1426 1109 1427 1164 l

211 1205 290 1270 utto}
312 1204 402 1286 ξένον
425 1204 495 1270 κατ’
519 1202 632 1270 οὐσίαν
651 1204 747 1270 αὐτὸν
769 1201 852 1270 εἶναι
866 1212 923 1270 τοῦ
940 1205 1083 1292 Πατρός·
1107 1205 1218 1294 ὥσπερ
1243 1207 1333 1273 ἐστὶν

210 1295 384 1388 ὃγειῦργος
406 1303 488 1388 πρὸς
510 1303 566 1392 τήν
589 1303 747 1387 bpaeluv,
771 1301 825 1368 καὶ
857 1293 875 1366 ri
905 1303 1063 1392 ναυπηγὸς
1085 1303 1168 1390 πρὸς
1188 1303 1229 1369 τὸ
1253 1304 1332 1370 ousi-
1426 1375 1427 1394 ,

211 1401 314 1488 qugd).
359 1403 533 1466 Praeterea
557 1403 715 1468 discimus
739 1425 781 1466 ex
804 1403 920 1467 litteris
943 1401 1156 1489 apologeticis
1172 1405 1332 1489 Dionysii
1426 1477 1427 1494 ,

212 1509 244 1562 et
267 1521 309 1563 ex
332 1499 526 1581 Athanasio,
543 1502 743 1585 Dionysium
762 1502 866 1564 etiam
890 1510 1081 1565 accusatum
1104 1501 1216 1579 fuisse,
1242 1503 1333 1587 qnod
1426 1517 1427 1588 ζ

212 1597 329 1662 Filiruu
360 1599 452 1662 Patri
482 1621 547 1662 aaa
578 1598 875 1664 consubstantialem
906 1597 1092 1684 affin-ritaret,
1124 1594 1167 1674 ὣς
1197 1595 1334 1680 λέγοντα
1426 1589 1427 1618 ¹

211 1699 336 1782 ποιῆμα
358 1693 412 1758 καὶ
435 1693 477 1782 μὴ
499 1684 672 1777 bpoobotou
693 1695 750 1758 cdv
778 1691 854 1759 utu
876 1699 922 1780 τῷ
946 1693 1093 1782 itaqu).

301 1793 331 1858 6.
356 1791 593 1857 Accusationes
616 1815 710 1879 porro
726 1815 809 1879 quac
826 1793 964 1858 Romam
978 1793 1096 1858 allatae
1111 1803 1214 1874 erant,
1240 1793 1334 1858 hand

212 1892 309 1955 unice
341 1891 541 1975 Dionysium
573 1891 636 1977 Ep.
670 1901 850 1978 spectasse,
875 1891 932 1955 sed
964 1891 1128 1955 indicasse
1160 1891 1331 1972 videntur,

213 1990 247 2053 in
279 1987 344 2052 illis
374 1988 518 2053 Orientis
550 1990 740 2074 regionibus
763 2009 842 2070 esse,
876 1990 932 2074 qui
957 1987 1099 2054 Sabellio
1132 1991 1333 2072 resistentes,

213 2088 391 2151 sententias
415 2108 567 2150 erroneas
590 2086 631 2150 de
647 2086 724 2151 Filii
744 2087 919 2151 divinitate
942 2097 1172 2172 proponerent,
1196 2086 1334 2151 talibus-

213 2206 276 2269 que
312 2183 524 2269 opinionibus
552 2185 651 2248 etiam
674 2185 875 2268 Dionysium
907 2185 1029 2250 favere.
1068 2221 1112 2232 —
1148 2185 1336 2269 Dionysius

211 2283 304 2367 Papa
326 2280 390 2345 hac
414 2281 455 2344 de
478 2304 514 2345 re
537 2282 660 2347 Romae
684 2282 846 2366 synodum
871 2284 948 2367 egit,
972 2291 1004 2345 et
1023 2285 1170 2347 Rornauo
1193 2281 1336 2368 synodica

212 2401 277 2442 rem
299 2379 427 2464 ludique
452 2379 534 2458 tulit,
551 2383 713 2444 Romanus
730 2391 833 2443 autem
848 2381 1025 2466 Episcopus
1048 2381 1175 2465 scriptis
1198 2380 1244 2442 ad
1266 2401 1334 2464 coq-

212 2479 367 2540 uomt‘uem
390 2499 479 2540 suum
501 2477 618 2541 litteris
641 2480 777 2542 omnium
799 2476 852 2564 (ea
876 2477 917 2541 de
940 2475 989 2564 re)
1013 2479 1199 2541 reumaticus
1222 2487 1334 2540 uotam

213 2572 373 2660 etfacitl).
399 2573 568 2654 Quantum
583 2597 626 2638 ex
641 2575 846 2638 documentis
859 2573 967 2660 colligi
980 2583 1095 2660 potest,
1111 2575 1243 2658 scripsit
1253 2573 1334 2637 Dio·

213 2673 329 2756 nysius
342 2671 497 2736 Pontifex
520 2681 590 2735 tum
613 2672 737 2736 litteras
760 2674 908 2758 privatas
921 2672 965 2737 ad
979 2674 1171 2758 episcopum
1186 2671 1334 2736 Alexan·

214 2769 356 2850 drinum,
372 2778 442 2832 tum
457 2769 583 2834 litteras
597 2769 640 2833 ad
655 2769 910 2851 Alexandrinos,
930 2772 1000 2834 sive
1016 2769 1058 2834 ad
1075 2768 1184 2856 plures
1198 2768 1333 2833 illarum

213 2868 384 2951 regionum
408 2865 578 2930 Praesules
601 2876 634 2930 et
664 2867 883 2952 presbyteros,
907 2877 939 2930 et
966 2867 1065 2932 aliam
1089 2867 1194 2932 edidit
1217 2870 1333 2953 episto·

214 2966 278 3029 lant
301 2987 355 3028 seu
377 2988 456 3050 opus
485 2965 636 3028 adversus
659 2963 876 3044 debellaturos,
900 2966 995 3051 cujus
1022 2965 1207 3049 fragmenta
1235 2963 1335 3028 nobis

214 3063 246 3128 S.
280 3061 484 3127 Athanasius
516 3065 735 3128 conservavit.
781 3063 954 3128 Praeclara
984 3064 1020 3126 in
1050 3063 1165 3126 eadem
1188 3061 1336 3126 habetur

214 3159 291 3224 fidei
315 3162 476 3246 expositio
500 3161 649 3246 adeoque
672 3161 831 3246 praecisa,
855 3171 892 3226 ut
914 3169 1033 3246 pateat,
1058 3182 1097 3225 ea
1118 3181 1203 3246 quae
1217 3171 1335 3244 postea

215 3260 249 3322 in
263 3255 411 3322 Concilio
431 3259 577 3322 Nicaeno
603 3261 730 3323 sancita
752 3267 829 3322 sunt
852 3259 929 3322 fidei
954 3258 1117 3344 dogmata,
1137 3259 1210 3344 jam
1232 3267 1335 3322 antea

214 3355 371 3441 explicita
393 3355 459 3420 lide
483 3365 615 3441 recepta
637 3356 748 3421 fuisse.
791 3357 1029 3440 Ehagmentum
1052 3356 1151 3442 hujus
1172 3355 1336 3442 epistolae

215 3452 303 3539 quod
327 3453 416 3540 apud
433 3452 465 3519 S.
482 3453 704 3517 Athanasium
727 3451 869 3518 habetur
891 3454 981 3518 hisce
1005 3453 1232 3518 concluditur:
1269 3455 1334 3518 Ne·

214 3575 271 3637 quc
294 3553 392 3637 iqitur
415 3550 616 3615 admirabilis
638 3562 668 3614 ct
683 3551 794 3615 diviua
812 3553 978 3616 uultast'u
993 3563 1056 3615 tres
1078 3552 1266 3616 diviuitates
1289 3563 1336 3615 eet

214 3649 407 3734 separanda,
439 3671 536 3734 usque
560 3649 719 3734 factionis
761 3646 917 3736 (ποιήσις)
947 3649 1096 3713 uocabulo
1128 3648 1273 3735 diqns'tas
1305 3661 1336 3714 et

215 3769 333 3811 summa
365 3747 547 3832 maqnitudo
570 3747 702 3810 Domini
734 3757 780 3810 cst
801 3747 1025 3826 diminuenda,
1059 3746 1114 3810 sed
1144 3745 1335 3810 uadendum

214 3855 261 3908 est
291 3845 326 3908 iu
357 3845 460 3908 Deam
483 3845 608 3908 Patrem
640 3845 889 3930 omnipotentem,
922 3854 953 3907 et
982 3846 1018 3907 iu
1044 3841 1199 3908 Christum
1222 3843 1336 3908 Jsutm

214 3947 281 4031 epus
312 3941 438 4020 dilium,
474 3952 504 4005 ct
534 3942 570 4005 ia
592 3939 748 4027 Spiritum
779 3939 944 4006 Subactum:
984 3941 1115 4006 Verbum
1137 3951 1242 4004 autem
1265 3941 1336 4006 Deo

289 4171 398 4241 ²)tlbid
417 4187 444 4227 n.
463 4174 487 4226 4.
781 4171 803 4241 ¹)
822 4171 922 4227 Athen.
940 4171 981 4227 De
998 4170 1118 4240 Synodis,
1136 4186 1162 4228 u
1181 4171 1226 4225 43.

289 4251 312 4320 ³)
331 4250 432 4306 Athen.
451 4252 578 4306 Deserit
597 4249 730 4320 Dionysiil
747 4267 774 4306 n.
794 4253 847 4308 lu·
