2876 4814
242 481 296 534 ass
578 477 619 536 De
637 481 724 550 Opere
741 477 1025 550 Philosophoumeuon

242 627 400 710 scriptum
433 634 500 707 est,
533 625 773 692 Tertullianum
807 647 883 690 eum
915 647 995 709 esse,
1021 627 1074 690 oui
1090 628 1182 688 'cnm
1212 625 1367 712 quadam

240 722 471 807 probabilitate
495 719 576 787 illud
609 723 773 790 vindicari
795 724 909 810 possit.
956 722 1098 788 Obstaut
1129 732 1240 787 tamen
1268 725 1368 787 varia

242 823 380 903 motiva,
405 822 581 907 quominus
604 833 686 886 ees-to
709 822 801 886 modo
833 820 918 885 liber
940 820 994 884 ille
1017 819 1126 884 cidem
1148 821 1367 886 attribuatur.

242 919 334 1000 Quid
357 918 398 983 de
421 919 495 984 aliis
518 917 709 984 auctoribus
731 920 818 982 notis
838 918 926 982 illius
940 919 1058 982 aetatis
1082 917 1266 984 dicendum
1293 941 1368 983 cen·

241 1039 381 1100 scamus,
405 1018 605 1102 aperuimus.
628 1053 672 1064 -—
695 1017 810 1082 Restat
823 1016 969 1102 profecto
994 1038 1033 1080 ea
1056 1017 1251 1102 suppositio,
1280 1018 1370 1081 inter

241 1117 416 1199 scriptores
448 1116 655 1200 antiquitatis
687 1123 781 1178 notos
814 1136 881 1179 non
913 1136 985 1178 esse
1008 1114 1101 1178 illum
1134 1115 1189 1200 qui
1215 1114 1369 1178 Philoso-

241 1210 429 1296 phoumena
443 1213 637 1298 composuit,
662 1212 716 1276 vel
740 1211 854 1277 saltem
880 1233 945 1276 uon
969 1213 1114 1276 inveniri
1128 1211 1257 1276 indicia
1276 1214 1370 1276 suffi-

242 1310 377 1392 cientia,
394 1318 431 1373 ut
445 1317 532 1372 ocrto
547 1312 674 1373 auctori
689 1309 752 1374 hoo
767 1331 850 1395 opus
865 1309 965 1374 tribui
980 1309 1093 1394 possit.
1124 1309 1224 1373 Forte
1235 1311 1370 1374 Auctor

242 1407 385 1472 Victoris
417 1407 481 1470 fuit
512 1407 683 1490 diaconus,
715 1409 775 1494 qui
808 1407 898 1472 haud
922 1407 1045 1471 electus
1078 1409 1112 1472 iu
1136 1429 1369 1472 successorem

241 1503 411 1568 Pontificis
444 1515 477 1568 ct
508 1504 569 1570 sub
594 1505 627 1571 S.
650 1505 841 1591 Zephyriuo
873 1505 1047 1591 presbyter
1068 1503 1190 1586 factus,
1216 1505 1369 1570 simulta-

240 1612 307 1666 tem
332 1603 366 1666 in
391 1601 564 1667 Callistum
587 1603 680 1685 fovit,
704 1627 745 1667 ac
768 1602 928 1690 paulatim
953 1603 1129 1666 sectarium
1152 1612 1185 1664 et
1207 1602 1370 1668 factionis

243 1699 472 1764 schismaticae
505 1711 606 1787 eaput
639 1723 673 1764 se
705 1701 885 1766 constituit
931 1698 1023 1764 Talis
1045 1700 1107 1782 vir,
1131 1721 1232 1784 quem
1257 1701 1369 1766 erudi-

242 1798 342 1880 tione,
367 1807 403 1860 ut
434 1796 490 1861 alii
524 1819 589 1862 non
622 1801 720 1884 pauci
744 1821 782 1863 eo
814 1808 973 1884 tempore,
1002 1798 1151 1862 floruisse
1174 1819 1369 1884 supponere

245 1917 429 1981 possumus,
467 1896 629 1982 ejusmodi
666 1899 757 1982 operi
794 1896 999 1962 conficiendo
1036 1905 1199 1982 parerat.
1250 1895 1369 1977 Quum

247 2013 326 2056 vero
349 2003 516 2078 appareat,
539 1994 623 2079 stylo
647 2016 706 2060 suo
729 1997 839 2080 ipsum
862 1994 1041 2060 Auctorem
1064 1993 1263 2057 affinitatem
1289 2015 1368 2056 eum

248 2091 450 2156 Tertulliano
483 2091 618 2175 habere,
652 2093 772 2178 conjici
794 2102 915 2179 potest,
948 2114 1025 2158 eum
1047 2093 1147 2155 etiam
1170 2112 1212 2154 ex
1248 2092 1369 2156 Africa

240 2189 418 2254 oriundum
450 2211 539 2271 esse,
573 2191 621 2254 uti
658 2189 882 2255 Tertullianus
915 2199 948 2254 et
976 2189 1010 2256 S.
1047 2187 1172 2252 Victor.
1212 2224 1259 2235 —
1299 2189 1368 2254 Sed

241 2286 345 2368 vides,
379 2308 438 2352 nos
470 2286 551 2352 dum
583 2286 663 2352 talia
686 2288 829 2353 dicimus
862 2291 898 2352 in
931 2287 1132 2375 conjecturis
1156 2289 1298 2352 versari.
1325 2325 1366 2334 -
1433 2309 1434 2312 ¹

240 2385 351 2470 Atque
375 2383 430 2449 hic
453 2384 529 2450 finis
552 2395 621 2450 esto
645 2386 897 2452 Dissertationis
921 2387 962 2452 de
973 2385 1081 2472 Opere
1105 2383 1194 2470 qnod
1218 2385 1362 2450 Philoso-

235 2483 414 2568 piowneno
437 2483 637 2550 inscribitur.
