2806 4848
457 476 598 532 vindiciae
616 473 725 531 hiberii.
1109 477 1143 530 77

69 623 211 710 opusculis,
234 643 320 709 quac
343 629 471 685 constet
492 622 613 706 passim
629 621 824 706 interpolate
847 639 926 700 csse,
951 619 1146 706 eosdemque

69 733 149 786 textus
169 720 375 786 characteres
398 718 659 804 interpolationis
681 741 760 805 prae
783 743 817 784 se
841 721 934 786 ferre.

21 838 24 933 p
131 820 199 885 104.
223 817 278 883 Ad
314 815 500 882 Coroniam
539 817 627 902 quod
658 827 802 904 spectat,
835 842 902 885 non
933 829 982 883 est
1013 841 1147 906 operose
1174 827 1300 870 mucium

66 917 254 1002 probandum,
286 918 334 982 ait
366 915 548 1000 Stiltingus,
590 913 778 980 Chronicon
817 917 851 984 S.
884 918 1079 1002 Hieronymi
1112 918 1147 980 in
1156 888 1314 940 'mmmm'

65 1015 133 1080 libris
152 1016 383 1100 manuscriptis
411 1022 453 1104 et⁸
473 1013 571 1078 editis
601 1016 882 1099 comptissimum
913 1016 1013 1080 finisse
1036 1014 1147 1080 multis

64 1113 262 1181 additionibus
292 1123 324 1176 et
355 1111 671 1197 interpolationibus.
724 1112 806 1178 Tale
835 1114 936 1178 fuisse
966 1123 1149 1198 agnoscunt

63 1213 107 1296 ipsi
133 1212 271 1276 editores
302 1211 467 1275 Pontscus
499 1219 531 1272 et
553 1207 701 1294 Scaliger
732 1219 862 1276 etcum
886 1210 1147 1276 illis'Pillemon·

63 1309 144 1396 tins¹).
166 1347 209 1358 -
233 1307 361 1374 Graves
385 1330 463 1372 vero
487 1307 607 1372 adsunt
621 1309 772 1390 rationes,
796 1319 833 1373 ut
856 1332 1056 1392 censeamus,
1080 1321 1147 1372 tex-

61 1423 112 1470 nnn
132 1407 223 1472 illum
248 1408 288 1472 de
311 1404 437 1472 Liberii
461 1404 557 1490 lapsu
580 1404 811 1491 interpolatum
840 1429 920 1474 esse.
966 1406 1148 1472 Adverten·

62 1503 120 1568 dun
149 1517 206 1588 est,
241 1505 296 1569 illa
329 1503 369 1568 de
402 1503 547 1590 perjurio
580 1502 659 1567 cleri
682 1503 821 1568 Romani
850 1509 883 1568 ct
904 1505 1030 1570 Liberii
1054 1505 1148 1591 lapsu

61 1604 176 1668 inveniri
202 1604 238 1668 in
262 1603 467 1688 Praefatione
500 1599 600 1664 libelli
625 1624 755 1687 precum
781 1602 931 1666 Faustini
962 1614 992 1667 et
1015 1603 1149 1670 Marcel·

60 1698 104 1762 lini
129 1712 159 1766 et
188 1701 268 1766 inde
299 1701 472 1785 desumpta
503 1699 621 1763 videri.
668 1699 762 1780 Quae
793 1721 862 1764 rem
885 1709 1030 1765 nostram
1061 1724 1148 1787 spec⁴

58 1811 111 1862 tunt
130 1809 205 1864 sunt
229 1799 329 1864 haec:
353 1798 401 1863 Hi
424 1819 495 1882 erpa
519 1796 695 1884 (Liberius,
716 1796 874 1879 Hilarius,
898 1797 1057 1884 Lucifer)
1080 1801 1148 1864 mit·

58 1907 143 1961 anns·
162 1900 197 1962 in
220 1895 351 1962 milium
367 1919 431 1983 pro
445 1896 514 1980 fide
537 1895 702 1960 seruanda.
745 1894 820 1961 Cum
842 1895 967 1960 [tiberio
989 1898 1149 1961 Damasus

57 1995 185 2060 &conus
211 2000 279 2085 ejus
311 1992 494 2058 assimulat
519 1993 689 2080 proficisci,
721 1993 804 2058 unde
818 1993 949 2079 sopiens
977 1994 1015 2057 de
1039 1996 1149 2059 itinere

58 2093 168 2158 Renum
189 2093 290 2159 rediit
312 2091 480 2156 ambitione
503 2101 677 2178 coosuptus.
703 2090 768 2155 Sed
791 2113 825 2154 eo
849 2091 900 2155 die
924 2115 982 2178 quo
1006 2092 1149 2158 Liberius

57 2192 88 2252 nd
106 2191 234 2257 uitium
251 2189 519 2280 proficiscebatur,
543 2187 643 2252 clentis
667 2190 776 2268 omna,
799 2189 836 2251 id
857 2200 903 2253 est
918 2189 1099 2277 presbyteri
1121 2201 1151 2256 et

56 2290 277 2354 srdidiaconus
308 2287 413 2367 Felice,
446 2298 475 2351 et
506 2288 573 2374 ipw
596 2288 756 2352 Damasus
788 2287 949 2367 diaconus,
983 2297 1012 2354 et
1041 2301 1151 2354 csnwta

56 2385 192 2452 &denae
227 2385 346 2474 officia,
379 2407 482 2450 omme
508 2386 637 2472 panitur
663 2395 831 2471 praesente
857 2385 979 2472 populo
1007 2389 1150 2452 Romano

54 2483 97 2548 sub
116 2483 332 2576 psrejurando
355 2484 574 2567 firmaverunt,
606 2505 638 2544 se
670 2484 788 2548 sicema
820 2482 945 2547 Liber-io
974 2484 1151 2568 Pontificem

55 2581 167 2647 alterum
194 2580 378 2647 nallatenus
409 2580 578 2645 babituros.
631 2577 695 2642 Sed
717 2578 817 2644 olenus
848 2592 959 2646 contra
972 2581 1044 2667 fas,
1068 2583 1152 2667 qssod

55 2683 157 2746 minime
181 2681 321 2759 ιίεοοόαἰ,
352 2703 420 2744 cuns
451 2701 566 2742 summo
583 2679 725 2767 perjurii
752 2676 864 2742 scelere
887 2677 1022 2744 Felicem
1052 2681 1150 2744 erebi-

54 2777 203 2844 ‘liuconuns
237 2779 420 2842 ordinatum
451 2777 486 2840 in
518 2774 617 2839 locum
649 2775 770 2839 Liberii
800 2788 1009 2862 susceperunt.
1060 2775 1152 2852 Quod

46 2875 151 2958 ,funem
176 2878 323 2942 nnuma
341 2873 464 2962 populo
487 2871 659 2960 displicuit,
697 2883 727 2936 et
748 2896 780 2937 se
804 2873 844 2937 ab
868 2879 933 2963 ejus
950 2877 1151 2961 processione

52 2976 209 3060 suspendit.
259 2975 335 3038 Post
357 2995 458 3036 annos
485 2971 564 3035 duos
591 2972 676 3035 venit
698 2971 833 3038 Rumam
859 2969 1069 3051 Constantius,
1086 2996 1151 3060 pro

16 3099 17 3160 ῄ
52 3071 161 3138 liberio
184 3083 318 3160 repetas·
341 3095 362 3134 a
378 3068 512 3156 populo,
537 3071 591 3154 qui
612 3091 685 3132 mon
708 3091 848 3133 annuns
871 3071 932 3133 ait:
957 3069 1089 3133 Habetis
1099 3071 1151 3134 Li·

16 3165 18 3236 l
51 3167 162 3250 leriam,
197 3171 254 3256 qui
276 3166 380 3255 pusulis
413 3191 434 3231 a
464 3166 550 3230 nobis
567 3166 731 3253 profectus
763 3176 817 3246 est,
840 3166 950 3231 melior
972 3179 1150 3233 renuntia.

16 3269 18 3324 ἰ
51 3265 222 3333 Hocautem
238 3268 277 3331 de
300 3287 450 3330 comesses
472 3269 538 3354 ejus
561 3287 619 3350 quo
634 3285 744 3328 manus
761 3261 918 3350 pesfidiae
941 3265 1082 3344 dederat,
1104 3267 1152 3330 in·
1245 3311 1249 3320 .

50 3365 172 3431 dicabat.
224 3367 330 3430 Tertio
356 3386 439 3428 anno
470 3362 554 3426 redit
575 3361 730 3442 Liberius,
762 3362 814 3426 cui
837 3361 965 3426 obvians
988 3386 1055 3426 cum
1077 3387 1150 3450 pau-

49 3461 91 3526 dio
107 3463 252 3552 populus
275 3464 437 3527 Romanus
461 3462 566 3525 euicit.
587 3457 681 3524 Felin
702 3469 828 3522 notatus
852 3483 873 3523 a
894 3471 1006 3524 senatu
1027 3460 1076 3525 uel
1093 3483 1152 3548 po-

45 3559 111 3643 psdo
133 3563 173 3626 de
202 3561 286 3626 Urbe
312 3557 518 3648 propellitur,
551 3567 611 3622 etc.
637 3593 679 3606 -
712 3557 828 3621 Merito
852 3579 892 3622 ee
915 3579 999 3643 quae
1023 3557 1064 3622 de
1087 3559 1152 3622 De-

50 3681 125 3725 ncso
150 3683 193 3726 ac
219 3660 261 3724 de
292 3659 436 3746 perjurio
468 3658 538 3743 ejus
563 3656 706 3742 clerique
737 3656 877 3720 Romani
908 3655 963 3720 hic
987 3655 1151 3740 dicuntur,

113 3865 133 3934 ¹)
150 3863 175 3918 L
205 3879 227 3918 a
246 3879 273 3920 n
294 3863 353 3920 151.
374 3894 407 3903 -
425 3861 571 3918 Tillsmont
587 3861 661 3916 inter
679 3861 733 3916 slis
751 3861 845 3918 scribit
862 3863 892 3917 Τ.
911 3863 974 3917 XII.
993 3862 1018 3918 s
1037 3863 1152 3930 decime,

48 3947 97 4000 tn.
124 3949 172 4000 20:
205 3943 344 4014 „Scsbger
361 3957 454 3997 neure
473 3941 538 4009 qu'il
556 3943 610 4010 n’y
639 3943 751 4010 spoint
767 3942 801 3997 de
818 3941 908 4008 lines,
926 3942 992 3998 dont
1011 3943 1049 3998 les
1066 3958 1153 3998 exem-

48 4023 137 4090 pluires
156 4033 187 4082 ct
206 4023 368 4080 manuscrits
387 4027 416 4078 ct
434 4021 568 4090 imprimes
596 4021 685 4076 soient
710 4022 770 4090 plus
788 4021 873 4091 pleins
891 4022 925 4077 de
942 4021 1033 4078 lentes
1077 4021 1154 4078 Etil

48 4113 80 4156 cst
98 4107 153 4161 eise
173 4107 210 4162 de
228 4106 254 4160 le
267 4105 351 4174 juger
368 4117 418 4171 par
440 4102 467 4155 is
484 4107 581 4155 nature
604 4102 687 4155 meme
705 4101 737 4155 de
756 4100 906 4170 l’cuvrcge.
948 4101 1002 4156 Les
1019 4101 1154 4156 dernism

48 4183 161 4252 ditium,
171 4185 223 4254 qui
231 4189 343 4254 ponent
359 4199 427 4252 pour
444 4183 484 4236 les
496 4181 654 4247 meilleures,
664 4179 725 4236 lant
742 4182 803 4236 voir
821 4180 898 4249 qn'on
916 4197 949 4236 en
968 4181 1045 4238 avait
1062 4182 1153 4250 nocte

47 4260 174 4333 bannum
193 4263 229 4318 dc
247 4263 336 4318 doses
355 4263 422 4318 dans
439 4258 478 4315 les
497 4257 663 4315 anciennes.“
