2900 4800
240 469 293 524 39⁶5
613 469 654 526 De
672 483 753 523 cause
771 466 883 523 Honorii
903 467 928 521 R
954 465 985 520 P.

241 637 283 678 an
317 614 398 677 eluas
427 613 462 676 in
486 611 651 677 Salvatore
679 623 786 676 nostro
814 608 936 676 Christo
959 635 1081 676 necesse
1105 614 1146 676 sit
1170 611 1296 692 dieerc,·
1335 624 1366 676 ct

241 713 270 774 si
292 711 443 796 quosdam
475 733 639 774 noscamus
671 721 849 774 sanctorum
882 733 919 774 ac
952 709 1201 774 beatissimorum
1229 721 1369 798 patrum

239 832 335 873 unam
368 809 507 873 dicentes
538 811 760 894 operationem.
813 807 903 872 Unde
934 832 993 872 nos
1015 831 1094 895 quae
1116 819 1246 872 nostrae
1273 821 1368 874 mant

241 909 390 972 scientiae
422 930 482 992 per
518 917 629 970 nostra
665 909 822 992 rescripta
854 909 885 970 ci
914 907 1165 993 sipnificaoimus,
1190 906 1369 994 diripentss

241 1007 337 1070 etiam
369 1027 538 1069 sermonem
577 1003 834 1068 acclamatorium
867 1005 1003 1068 Mennae
1037 1005 1230 1068 sanctissimi
1270 1027 1367 1090 quon·

240 1103 315 1166 clam
334 1103 538 1166 Patriarehae
561 1103 653 1192 hujus
676 1126 697 1165 a
711 1103 779 1166 Deo
794 1101 1025 1166 conseruandae
1040 1103 1144 1187 sepiae
1168 1101 1269 1181 urhis,
1292 1127 1368 1192 por·

239 1212 357 1265 rectum
380 1199 419 1264 alr
444 1222 478 1263 eo
510 1201 558 1264 hic
576 1201 743 1286 praesenti
780 1199 896 1283 Vipilio
929 1209 1056 1263 sanctae
1080 1202 1249 1264 memoriae
1271 1225 1369 1286 prae·

240 1299 397 1363 decessori
421 1297 610 1362 Sanctitatis
632 1309 768 1376 cosmae,
793 1297 954 1362 habeatem
977 1307 1008 1361 et
1031 1297 1157 1361 diuersa
1181 1299 1370 1362 testimonia

235 1408 377 1484 paterna
400 1397 438 1460 cle
461 1419 527 1460 una
547 1397 730 1482 operatione
750 1407 780 1458 et
794 1419 860 1460 una
873 1393 1034 1458 voluntate
1058 1391 1240 1459 Salinatoris
1263 1399 1372 1460 nostri

244 1493 365 1560 Christi
386 1495 452 1558 veri
475 1495 539 1558 Dei
565 1495 676 1558 nostri.
726 1491 818 1557 Nihil
852 1503 957 1557 tamen
979 1493 1150 1580 propriam
1171 1495 1311 1579 penitus
1335 1493 1370 1556 in

240 1593 417 1684 hujusmocli
448 1593 567 1656 nostris
598 1593 762 1677 rescriptis
790 1591 1075 1677 promulpaoimus,
1106 1590 1187 1652 sicut
1223 1593 1370 1678 suppetit

240 1713 330 1755 nosse
353 1713 407 1754 uos
431 1691 661 1753 sacratissimos
685 1701 714 1752 et
745 1692 928 1766 unanimes,
952 1687 1122 1774 releyentes
1151 1709 1259 1752 eorum
1285 1713 1369 1774 quae

240 1791 339 1852 missa
367 1800 439 1852 sunt
463 1787 700 1873 exemplarium.
749 1787 791 1850 Et
814 1787 974 1850 silentium
997 1785 1120 1870 quidem
1143 1809 1184 1849 aa·
1206 1783 1267 1849 illo
1294 1798 1368 1850 tcm-

236 1910 316 1974 pore
339 1886 517 1975 hujusmodi
540 1887 674 1971 suscepit
697 1883 916 1971 capitulum¹).

76 2005 146 2056 sirus
162 2007 231 2055 gesa.
333 1985 383 2050 18.
409 1984 509 2048 Hisce
533 1981 666 2068 Sergius
699 1984 924 2067 quaestionem
956 1983 1052 2044 istem
1077 1978 1119 2043 ab
1144 1979 1217 2044 aliis
1243 1985 1369 2046 excita-

241 2093 309 2147 tam
334 2105 404 2147 osee
429 2081 575 2161 simulat,
593 2101 676 2167 quae
695 2101 772 2143 vero
788 2083 858 2165 ipse
875 2079 999 2158 fecerit,
1025 2088 1057 2142 et
1080 2079 1247 2163 quomodo
1274 2079 1368 2145 illam

242 2182 425 2245 doctrinam
459 2181 529 2266 ipse
564 2179 775 2264 promoverit,
801 2179 935 2241 omnino
960 2175 1154 2241 dissimulat.
1203 2175 1270 2242 Sed
1296 2201 1367 2242 ma-

242 2281 350 2344 ximas
374 2279 444 2364 ejus
468 2278 568 2341 fuisse
592 2277 627 2340 in
651 2277 713 2340 hae
736 2298 771 2339 re
795 2285 904 2363 partes
923 2287 993 2338 tum
1018 2297 1060 2338 ex
1084 2275 1158 2339 aliis
1183 2275 1367 2340 documen·
1444 2273 1445 2286 ¹

242 2379 283 2440 tis
314 2375 492 2460 colligitur,
525 2385 595 2438 tum
630 2376 808 2460 praecipue
842 2395 883 2436 ex
917 2371 1038 2438 celebri
1072 2373 1298 2460 disputatione
1334 2373 1367 2440 S.

243 2476 382 2539 Maximi
418 2495 494 2538 eum
530 2472 657 2558 Pyrrho
693 2493 881 2536 successore
919 2471 1037 2556 Sergii.
1086 2471 1170 2538 Cum
1208 2453 1367 2537 vielelicet

242 2573 389 2658 Pyrrhus
413 2574 447 2635 in
462 2572 578 2636 eadem
594 2592 797 2656 conquerens
812 2569 954 2634 diceret:
980 2568 1183 2657 Sophronias,
1199 2573 1255 2656 qui
1265 2571 1365 2657 paulo

244 2683 316 2736 aute
332 2672 405 2758 fuit
425 2671 610 2757 patriarcha
635 2666 972 2752 Hierosolymitanus„
997 2717 1029 2732 ..
1055 2679 1190 2754 ternpore
1216 2670 1362 2756 inoppor-

244 2781 318 2835 tuno
343 2791 511 2834 sermonem
534 2769 571 2831 ele
597 2765 832 2854 operationibus
855 2767 1027 2846 eucitaoit,·
1063 2766 1171 2830 eidem
1195 2768 1365 2853 respondit

244 2869 277 2934 S.
302 2869 485 2932 Maximus:
510 2867 575 2950 Epo
600 2889 640 2928 eu
663 2865 748 2928 omni
765 2873 860 2950 parte
875 2865 989 2942 nescio,
1014 2887 1107 2950 quam
1130 2866 1366 2929 excusationem

243 2991 298 3030 oos
323 2963 511 3053 prolaturos
543 2965 745 3049 suspectatur,
779 2964 834 3047 qui
856 2985 923 3025 oum
953 2963 1007 3048 qui
1039 2973 1131 3024 satra
1159 2959 1288 3050 culpam
1312 2973 1364 3040 est,

244 3075 309 3130 tam
322 3066 460 3152 pavita·
475 3062 696 3126 criminamini.
721 3061 784 3122 Die
798 3061 879 3123 enim
893 3061 970 3124 mihi
980 3083 1042 3146 por
1063 3061 1229 3124 veritatem
1252 3061 1363 3147 ipsam.
1443 3053 1444 3060 ἵ

245 3187 309 3241 oro,
334 3185 401 3225 cum
416 3160 543 3248 Sergius
562 3159 606 3224 acl
623 3157 818 3222 lheodorum
833 3159 1085 3222 Pharanitanum
1109 3159 1248 3244 scripsit,
1275 3159 1364 3222 misso

245 3263 339 3326 ctiam
363 3259 468 3324 libello
492 3281 580 3344 que-m
608 3281 671 3322 esse
695 3255 773 3320 dicit
796 3257 946 3335 Mennae,
967 3279 1029 3342 per
1052 3255 1194 3343 Seruium
1220 3255 1363 3318 Macaro-

243 3383 319 3424 narn
351 3360 528 3443 episcopum
561 3355 721 3433 Arsinois,
755 3355 884 3419 hortans
907 3377 985 3433 erem,
1014 3365 1050 3418 ut
1073 3353 1149 3440 quial
1173 3351 1362 3417 sentiretis

243 3481 309 3521 cena
333 3458 367 3520 in
391 3479 425 3520 co
451 3453 555 3518 lihello
589 3455 787 3539 operatione,
812 3463 842 3516 ct
873 3475 939 3516 una
962 3451 1133 3530 uoluntate,
1159 3453 1311 3540 aperiret,
1332 3461 1361 3512 et
1443 3493 1444 3496 η

244 3555 409 3641 rescripsit
424 3553 605 3639 approbans
620 3573 683 3628 eas,
707 3551 762 3614 uhi
785 3561 852 3614 erat
876 3549 1093 3638 Sophronias?
1115 3559 1172 3614 aut
1186 3571 1254 3613 cum
1271 3547 1360 3612 Theo·
1443 3527 1444 3569 ³

246 3651 405 3738 ‹losiopoli
428 3651 471 3714 orl
494 3650 629 3714 Paulum
655 3649 849 3713 monoculum
876 3660 906 3712 et
929 3645 1037 3713 Seueri
1062 3657 1246 3711 sectatorem
1268 3645 1360 3730 serip-

245 3753 300 3829 sit,
324 3753 418 3813 misso
443 3751 537 3812 ctiam
561 3747 605 3811 acl
627 3771 695 3811 eum
718 3745 823 3811 lihello
848 3747 984 3810 Mennae
1011 3757 1041 3809 et
1068 3745 1226 3810 Theodori
1247 3743 1359 3808 Phara-

245 3849 352 3913 mitani
374 3869 441 3910 cum
465 3869 524 3911 sua
547 3845 802 3933 approbatione?
825 3855 881 3908 aut
898 3845 968 3930 (uhi
990 3843 1074 3928 erat)
1098 3843 1224 3928 quando
1248 3841 1289 3905 arl
1301 3836 1358 3902 Ge·

246 3948 366 4034 orgium
389 3954 586 4030 coynomento
611 3944 725 4007 Arsam
740 3943 1009 4007 Paulinianistanr
1033 3941 1159 4026 scripsit
1182 3961 1302 4024 royano,
1323 3947 1360 3998 ut

246 4127 458 4135 -—--—--·

324 4247 345 4312 ¹)
363 4245 394 4296 V.
414 4243 505 4298 Lohbe
524 4243 571 4298 Vl.
592 4243 639 4296 col.
659 4244 719 4298 918.
