2936 4814
245 451 280 502 20
535 451 574 504 De
593 451 686 506 histor.
706 451 767 504 eccl
787 455 848 503 ortu
867 465 899 502 ac
916 463 1067 516 progressu.

244 593 419 657 eventibus
434 592 582 677 dispersa
598 595 633 657 in
649 591 795 678 antiquis
805 592 1026 656 monumentis
1037 599 1069 678 et
1085 587 1300 674 scriptoribus
1313 589 1359 651 in-

245 692 345 772 vonit,
357 689 544 754 incredibili
555 690 729 754 sedulitate
744 701 776 754 et
790 690 975 754 eruditione
989 689 1153 772 congessit
1167 697 1265 772 atque
1280 685 1358 750 adu·

243 789 346 851 navit.
362 786 500 870 Singula
510 789 611 870 igitur
625 789 705 872 ipsis
715 790 926 873 antiquorum
936 797 1108 850 auctorum
1118 785 1230 848 verbis
1247 783 1358 866 tradit,

243 905 384 970 suasque
407 885 450 948 ad
473 884 724 950 illustrationem
755 895 787 949 et
810 885 1066 970 explicationem
1089 882 1205 968 adjicit
1228 879 1359 966 amplis·

243 984 343 1046 simas
367 993 471 1048 notas.
510 983 607 1046 Unde
632 983 793 1068 ejusmodi
819 1005 901 1068 opus
924 983 1073 1046 omnium
1096 981 1179 1044 forte
1202 1000 1288 1065 quae
1311 1000 1359 1040 re·

242 1083 328 1145 centi
352 1089 499 1165 tempore
528 1081 649 1164 scripta
682 1091 758 1144 sunt
789 1081 1058 1160 eruditissimum,
1093 1099 1241 1142 summae
1273 1074 1359 1138 utili·

242 1180 317 1242 tatis
341 1188 390 1241 est
412 1179 549 1259 cunctis,
575 1181 631 1264 qui
655 1179 924 1264 profundioribus
934 1178 1090 1242 historiae
1114 1173 1359 1239 ecclesiasticae

243 1275 360 1339 studiis
384 1276 591 1342 incumbunt.
637 1277 894 1342 Observandum
926 1287 1038 1340 tamen
1071 1284 1130 1357 est,
1155 1275 1189 1338 in
1213 1295 1273 1336 sua
1297 1271 1358 1334 cri-

242 1375 308 1436 tica
330 1373 578 1437 Tillemontium
601 1375 767 1438 interdum
782 1375 882 1438 luisse
893 1375 993 1439 nimis
1016 1393 1179 1453 severum,
1203 1370 1358 1434 nimium-

242 1493 306 1555 que
339 1472 438 1534 etiam
472 1493 547 1534 eum
584 1472 686 1536 fuisse
720 1473 919 1537 Jansenistis
952 1473 1107 1536 amicum.
1146 1507 1189 1514 —
1226 1467 1359 1550 Magnis

76 1573 228 1616 Balaam
241 1569 294 1631 his
318 1567 446 1631 Galliac
473 1569 663 1634 auctoribus
692 1571 747 1634 hic
775 1572 885 1634 statim
909 1570 1130 1654 adjungamus
1152 1566 1259 1648 Belgii
1284 1563 1358 1628 Bol-

242 1665 411 1747 landistas,
436 1668 493 1751 qui
520 1668 592 1752 jam
617 1668 746 1732 duobus
780 1691 821 1731 ex
850 1667 999 1746 saeculis,
1024 1666 1168 1750 ingentis
1191 1663 1300 1728 meriti
1325 1670 1358 1724 et

242 1763 392 1828 utilitatis
420 1787 502 1848 opus
535 1788 663 1829 summa
697 1789 771 1830 cum
795 1765 894 1830 laude
923 1772 1176 1849 prosequuntur,
1206 1769 1244 1823 ut
1265 1759 1357 1824 vide-

241 1860 318 1924 licet
341 1862 423 1925 Acta
447 1861 642 1943 Sanctorum,
667 1873 736 1928 arte
760 1865 875 1928 critica
897 1863 981 1928 bene
1010 1859 1171 1940 adhibita,
1198 1861 1233 1922 in
1257 1858 1357 1942 majo-

240 1980 310 2021 rem
347 1960 412 2022 Dei
458 1971 490 2023 et
526 1960 695 2026 Ecclesiae
736 1961 874 2045 gloriam
920 1958 1131 2026 conscribant
1176 1966 1208 2020 et
1244 1955 1355 2018 edant.

242 2055 366 2135 Quanti
391 2079 468 2120 vero
503 2060 660 2121 momenti
693 2061 736 2121 sit
768 2058 930 2143 ejusmodi
964 2067 1154 2142 susceptum
1186 2053 1356 2136 negotium

240 2155 340 2216 etiam
363 2175 421 2238 pro
454 2153 599 2238 generali
632 2155 769 2220 historia
801 2155 981 2236 Ecclesiae,
1015 2155 1152 2219 evidens
1179 2150 1278 2236 plane
1306 2160 1357 2212 est

240 2249 459 2336 omnibusque
481 2262 701 2340 perspectum.

92 2357 133 2398 Alii
148 2357 215 2409 sevir
329 2349 381 2412 ⁶24.
406 2349 540 2412 Praeter
563 2350 708 2413 sunimos
732 2351 805 2414 illos
833 2352 1007 2435 scriptores
1031 2347 1169 2428 Galliae,
1194 2367 1275 2432 quos
1299 2365 1356 2407 no-

120 2419 185 2460 toros.

239 2447 451 2526 minavimus,
485 2446 610 2510 ibidem
643 2448 774 2512 saeculo
798 2449 900 2512 XVII
923 2450 1022 2512 etiam
1055 2445 1150 2510 multi
1178 2443 1234 2508 alii
1258 2442 1356 2506 floru-

239 2553 335 2605 erunt
371 2543 552 2607 doctissimi
585 2546 648 2608 viri
660 2595 667 2626 ,
700 2548 758 2630 qui
786 2545 922 2630 speciali
955 2545 1099 2631 quadam
1130 2543 1266 2624 ratione,
1301 2538 1357 2604 vel

239 2639 337 2703 editis
361 2639 607 2705 collectionibus
632 2642 870 2722 Consiliorum,
904 2643 957 2708 vel
981 2644 1104 2727 scripta
1127 2640 1264 2704 historia
1288 2659 1354 2702 mo-

238 2741 464 2821 nasteriorum,
482 2740 635 2804 ordinum
649 2740 876 2824 religiosorum
891 2751 923 2804 et
936 2741 1083 2804 virorum
1098 2739 1284 2817 illustrium,
1300 2734 1355 2798 vel

238 2834 526 2919 disquisitionibus
550 2840 708 2902 institutis
722 2841 757 2903 in
767 2841 981 2924 antiquitates
1005 2838 1212 2918 christianas,
1237 2833 1355 2898 aliisve

238 2932 404 2997 similibus
414 2935 578 3019 operibus,
603 2937 638 2999 in
662 2937 778 3000 eodem
788 2937 851 3000 hoc
875 2947 1005 3001 nostrae
1028 2933 1224 3020 disciplinae
1235 2951 1354 3016 campo

236 3028 480 3097 laboraverunt.
533 3031 630 3096 Tales
662 3034 796 3098 fuerunt
819 3036 1041 3098 Maosnorson
1073 3033 1157 3096 varii
1187 3027 1354 3110 monachi,

237 3129 285 3190 uti
309 3128 478 3206 Mobilloo,
502 3132 657 3208 Murteae,
681 3133 880 3218 Martiaaay,
909 3132 990 3196 tales
1014 3132 1170 3206 Mortem,
1195 3127 1354 3204 Petaciao,

237 3223 644 3308 &mendcaHarduioaa
671 3229 812 3293 Lobbeaa
839 3230 961 3316 aliique
985 3251 1067 3315 quos
1091 3246 1262 3292 recensere
1285 3223 1355 3288 lon·

236 3343 315 3405 gum
339 3332 396 3387 est.
444 3323 618 3390 Accedunt
650 3329 750 3390 ctiam
772 3337 923 3392 auctores
937 3385 940 3393 .
955 3327 1002 3392 illi
1026 3325 1211 3411 complures
1240 3343 1355 3408 quam-

237 3441 337 3504 quam
361 3422 470 3484 minus
494 3421 583 3504 clari,
608 3426 666 3508 qui
682 3424 812 3487 saeculo
822 3427 998 3509 praeterito
1014 3435 1046 3488 et
1070 3433 1180 3488 nostro
1205 3431 1355 3504 tempore

236 3515 326 3579 haud
359 3519 429 3580 sine
462 3521 576 3583 merito
610 3521 781 3585 historiam
803 3522 973 3588 Ecclesiae
997 3525 1207 3607 scripserunt
1253 3515 1355 3582 Tales

235 3611 369 3677 fuerunt
400 3636 428 3679 e.
460 3637 491 3698 g.
516 3619 666 3681 Daorem
699 3629 731 3682 et
762 3619 1084 3697 motat-Boream,
1118 3627 1151 3682 ct
1182 3619 1238 3702 qui
1272 3637 1354 3700 prae

236 3713 374 3774 caeteris
397 3735 552 3797 magnam
581 3715 713 3779 laudem
742 3728 886 3782 meretur
916 3718 1118 3782 clarissimus
1142 3713 1352 3782 Robrboclser.

236 3807 317 3892 Ejus
350 3811 437 3872 enim
471 3812 618 3876 Historia
651 3813 874 3879 ecclesiastica
906 3814 997 3878 fideli
1024 3835 1135 3878 rerum
1164 3811 1354 3876 narratione

237 3915 269 3966 et
292 3907 380 3968 sanis
404 3909 576 3992 principiis
591 3932 662 3974 sese
672 3912 890 3994 commendat,
906 3933 1011 3997 eoque
1034 3912 1140 3995 magis
1163 3907 1246 3972 illud
1269 3928 1355 3992 opus

236 4003 479 4068 aestimandum
503 4015 560 4087 est,
586 4007 675 4092 quod
698 4017 808 4072 nostra
827 4018 934 4072 aetate
948 4031 1045 4072 nemo
1069 4031 1152 4093 opus
1174 4016 1242 4070 tam
1266 4026 1354 4070 com-

237 4096 360 4182 pletum
385 4110 417 4161 et
439 4103 586 4186 amplum
602 4105 799 4169 universalis
808 4106 964 4170 historiae
988 4106 1139 4172 ediderit.
1164 4101 1354 4167 Fatendum

236 4204 346 4258 tamen
370 4205 432 4280 cst,
457 4200 492 4262 in
524 4200 772 4283 quaestionibus
795 4203 1021 4268 subtilioribus
1044 4212 1114 4268 arte
1137 4199 1252 4264 critica
1274 4219 1354 4262 eum
