2852 4826
246 479 306 535 200
588 473 629 544 De
647 472 732 543 Opere
749 473 1034 544 Philosophoumcucn

254 643 313 686 suo
336 619 408 686 loco
432 627 614 686 manerent.
638 618 927 686 Pseudo-Isidorus
952 643 1030 686 vero
1054 621 1236 707 desumpsit
1257 620 1355 686 decre·

253 729 324 786 tum
348 719 527 786 confictum
560 715 687 782 Callisti
717 739 759 782 ex
790 717 928 803 epistola
963 720 1027 784 185
1055 719 1089 788 S.
1113 719 1299 805 Augustini,
1329 729 1357 780 et

253 817 342 902 quod
374 817 408 884 S.
441 817 567 880 Ductor
598 815 639 880 de
681 817 844 900 episcopis
875 814 1096 882 schismaticis
1117 818 1355 882 Donatistarum

252 915 367 997 habet,
400 917 434 979 in
458 912 606 998 regulam
629 912 815 996 generalem
840 915 940 978 vertit
961 916 1096 980 omuino
1121 917 1242 1000 inepte,
1264 935 1356 999 quum

252 1037 295 1078 ex
319 1014 400 1100 ipsis
422 1011 534 1076 verbis
557 1009 589 1076 S.
614 1011 793 1095 Augustini
818 1013 1020 1076 contrarium
1044 1012 1227 1097 colligatur.
1258 1013 1356 1076 Dcua·

252 1112 329 1176 tista
352 1109 509 1174 videlicet
531 1110 661 1195 quaerit
683 1130 712 1172 a.
737 1107 770 1174 S.
790 1107 994 1192 Augustino:
1022 1107 1183 1182 Quomodo
1201 1122 1275 1198 post
1291 1131 1357 1196 pcc

251 1211 419 1274 nitentium
441 1207 529 1294 aprcd
551 1230 605 1272 cos
637 1207 745 1270 clerici
765 1206 815 1270 vel
844 1208 939 1270 ctiam
965 1209 1106 1294 episcopi
1130 1207 1358 1294 persuaseram!

252 1306 442 1394 Respondet
473 1305 506 1372 S.
530 1305 753 1388 Augustinus:
788 1305 856 1368 Hoc
879 1327 942 1368 eoo
956 1305 1065 1388 fleret,
1089 1309 1239 1392 quoidam
1261 1328 1357 1372 reocrc

253 1405 352 1492 (qaod
366 1403 540 1491 fatendum
562 1404 623 1488 est)
637 1403 715 1486 fieri
730 1426 794 1466 aaa
810 1402 944 1480 deberet,
967 1405 1032 1466 uisi
1049 1405 1145 1488 pacis
1166 1407 1269 1491 ἱρείας
1291 1427 1358 1469 coes-

247 1505 436 1589 pcusatiouc
468 1512 645 1565 sanaretur.
696 1501 737 1564 Ut
769 1502 851 1564 euim
882 1503 1122 1566 resumeretur
1153 1504 1189 1568 in
1219 1503 1358 1576 Ecclesia,

252 1625 291 1666 cc
313 1609 477 1687 quisquam
502 1610 579 1686 post
605 1599 740 1688 aiicujus
772 1600 912 1662 sidrunis
938 1601 1168 1685 poeniteutiam
1193 1600 1358 1666 clericatum

253 1701 400 1786 corrpiet,
433 1697 482 1764 cel
514 1697 557 1762 ad
579 1697 760 1760 clericam
790 1697 909 1775 redeat,
933 1697 982 1760 cel
1004 1699 1038 1760 ia
1061 1697 1213 1764 clericatu
1234 1707 1359 1771 maneat

252 1821 316 1864 coa
347 1797 565 1884 desperatione
597 1795 823 1881 indulgentiae,
856 1795 911 1858 scd
941 1797 1044 1881 ripere
1059 1795 1188 1881 sactum
1211 1808 1256 1860 cet
1278 1796 1360 1860 dirci-

247 1897 377 1984 plinae;
408 1893 552 1981 alioquin
578 1905 687 1958 contra
710 1893 812 1958 clocca
836 1893 930 1957 datar
953 1893 1112 1958 Ecclesiae
1143 1894 1359 1981 disputabitur,

253 1996 416 2080 dequibus
430 1993 547 2058 dictum
569 2003 630 2056 cst:
656 1990 744 2064 Quae
768 1991 925 2056 solveritis
946 1993 982 2056 ia
1006 2003 1092 2056 terra
1115 2005 1169 2058 etc.
1204 1994 1312 2057 Verum
1332 1993 1359 2052 ia

251 2093 429 2183 hujususodi
438 2093 542 2156 causis
553 2139 559 2154 .
572 2139 580 2154 .
592 2139 600 2153 .
611 2090 836 2154 detrahendum
846 2100 891 2152 est
901 2089 1026 2175 aliqrcid
1036 2091 1208 2170 caecitati,
1220 2103 1255 2155 ut
1273 2093 1359 2178 majo-

251 2191 339 2256 ribus
357 2189 451 2254 malie
474 2189 629 2252 aeneadis
644 2190 763 2254 caritas
777 2189 901 2252 decora
914 2187 1086 2252 suhveaiat.
1142 2187 1251 2254 Sicuti
1260 2197 1359 2252 autem

252 2297 359 2352 aetate
383 2287 416 2352 S.
441 2286 631 2370 Augustini,
655 2288 702 2350 ita
725 2287 825 2350 etiam
848 2295 948 2350 autea
969 2307 1099 2372 semper
1121 2287 1233 2370 viguit
1255 2307 1293 2350 ea
1313 2283 1359 2346 ler

253 2386 288 2450 in
315 2383 484 2464 Ecclesia,
509 2393 546 2446 ut
577 2385 722 2469 episcopi
755 2385 908 2467 gravium
942 2385 1118 2448 criminum
1134 2385 1278 2474 juridice
1300 2403 1360 2444 coa-

252 2484 337 2564 cicti,
362 2505 404 2547 ex
428 2482 588 2566 dignitate
620 2503 679 2546 sua
711 2481 877 2546 caderent.
923 2481 1067 2546 Proinde
1089 2481 1223 2548 admitti
1246 2479 1359 2566 nequit,

253 2581 286 2646 S.
321 2578 493 2646 Callistum
526 2579 695 2644 decretum
728 2578 862 2666 aliquod
899 2581 1100 2644 contrarium
1137 2582 1304 2662 emisisse,
1334 2588 1361 2638 st

253 2688 425 2767 propterea
447 2677 490 2742 ab
513 2677 702 2742 adversario
727 2699 785 2742 suo
809 2679 968 2743 accusari.

340 2777 394 2844 44.
419 2776 486 2842 Sed
509 2777 537 2840 si
560 2775 845 2858 animadvertitur,
877 2775 967 2841 hunc
990 2776 1222 2842 adversarium
1245 2775 1360 2864 perfide

252 2899 292 2940 ac
316 2875 426 2941 dolose
442 2873 569 2940 Callisti
596 2873 762 2938 doctrinas
786 2884 818 2938 et
831 2874 919 2938 sacta
943 2874 1146 2960 detorquere,
1170 2874 1258 2940 alius
1279 2894 1360 2962 prae·

252 2984 362 3040 textus
386 2973 606 3038 accusationis
639 2971 710 3057 ejus
741 2971 832 3036 haud
860 2971 1039 3036 difficulter
1070 2973 1252 3039 iuvenitur.
1298 2969 1361 3036 Cal·

252 3072 356 3156 listus,
378 3073 502 3159 inquit,
520 3071 727 3157 dogmatizat·
750 3068 898 3155 adeoque
921 3069 1011 3134 haud
1035 3069 1076 3134 de
1090 3071 1235 3135 Decreta
1259 3069 1361 3155 aliquo

252 3173 379 3256 agitur,
419 3170 476 3234 sed
514 3168 555 3233 de
593 3168 745 3234 doctriua
776 3167 956 3233 Poutificis.
1011 3167 1053 3232 lu
1085 3168 1360 3236 confirmationem

252 3278 362 3334 autem
395 3269 565 3333 doctrinae
598 3267 711 3351 ipsius,
746 3265 845 3347 dicit,
878 3265 1001 3330 adduci
1037 3289 1058 3330 a
1090 3264 1226 3332 Callisto
1261 3267 1362 3330 ramas

253 3366 436 3453 parabolas.
482 3367 583 3432 Porro
608 3367 690 3430 istae
703 3363 880 3449 parabolae
897 3363 938 3427 de
961 3365 1090 3428 zizania
1114 3373 1147 3428 et
1167 3363 1362 3430 animalibus

253 3465 386 3530 mundis
411 3474 443 3528 ct
465 3461 647 3528 immundis
666 3461 757 3526 haud
773 3471 923 3548 spectant
936 3470 1125 3547 peccatores
1150 3463 1361 3548 poenitentes,

253 3561 310 3628 sed
323 3571 513 3649 peccatores
536 3583 602 3626 non
626 3561 840 3647 poenitentes,
865 3560 922 3645 qui
946 3562 981 3625 in
995 3559 1146 3626 Ecclesia
1169 3563 1269 3626 mixti
1292 3581 1361 3624 oum

246 3661 346 3746 justis
379 3661 604 3726 inveniuntur.
651 3658 795 3724 Eosdem
827 3667 937 3722 textus
969 3657 1066 3744 paulo
1096 3667 1172 3744 post
1193 3661 1362 3746 scriptores

251 3757 405 3823 catholici
429 3757 641 3845 opponebant
663 3755 859 3820 Novatiauis
883 3765 915 3820 et
938 3757 1131 3838 Donatistis,
1155 3758 1212 3842 qui
1238 3765 1362 3822 conteu-

251 3857 392 3940 debant,
424 3879 483 3943 per
506 3865 695 3942 peccatores
718 3863 925 3919 remanentes
949 3857 984 3920 in
1007 3854 1158 3920 Ecclesia
1180 3855 1270 3922 hanc
1293 3873 1362 3918 con·

250 3957 404 4022 tamiuari
438 3978 477 4020 ac
509 3955 705 4039 dignitatem
738 3975 879 4038 sponsae
911 3950 1035 4018 Christi
1066 3953 1233 4035 amitterc3
1263 3971 1363 4018 sacra·

251 4063 362 4121 menta
394 4076 471 4120 vero
505 4051 623 4118 abhis
654 4051 884 4116 administrata
912 4051 1061 4116 invalida
1083 4071 1164 4118 csse.
1210 4049 1362 4116 Vulorem

250 4150 380 4218 illorum
413 4160 693 4218 sacramentorum
725 4147 876 4212 Ecclesia
913 4147 1074 4213 catholica
1106 4169 1236 4234 semper
1272 4147 1362 4213 firma

250 4248 316 4316 fide
340 4250 537 4334 vindicarit,
561 4259 660 4335 atque
683 4245 881 4332 Anonymus
904 4246 1026 4328 saeculi
1049 4245 1101 4326 ΠΙ
1122 4245 1363 4334 rebaptizantes
