2806 4848
498 489 641 544 Enarratio
660 490 736 546 laeti.
1119 489 1169 542 139

89 635 243 698 l‘anksun
277 635 380 714 18283
419 671 462 682 -·
499 634 625 699 Natalis
649 635 847 711 Alexander,
870 635 1005 698 Dissert.
1031 634 1065 696 in
1088 656 1167 698 saec.

87 734 129 796 lll.
149 733 231 796 Dira.
269 732 394 810 VI-X,
425 734 460 796 in
492 757 571 797 saec.
596 734 681 796 XIII
685 757 697 812 ,·
724 733 811 797 Diss.
835 733 928 797 XIV.
954 769 993 778 -
1019 731 1170 796 Valesius

86 833 109 893 in
129 831 205 894 notis
228 830 271 894 ad
294 830 437 895 Socratis
461 829 503 894 H.
527 831 566 895 E.
592 832 631 895 V.
659 832 708 896 19.
742 869 785 878 -
816 831 939 911 Palma,
964 831 1169 894 Dissertatio·

84 951 132 1006 aes,
152 929 242 992 Tom.
265 928 292 992 I.
315 928 351 992 P.
385 927 428 992 Π.
463 927 499 992 Ο.
534 929 626 994 XVI.
659 967 702 976 -
725 929 758 994 J.
788 929 958 1009 Schwane,
982 929 1169 1013 Dopmenpe·

83 1027 190 1090 altolto
213 1026 252 1092 B.
276 1025 320 1090 H.
344 1029 395 1107 ἐξ.
422 1027 494 1092 102.
521 1028 593 1092 103.
626 1065 669 1074 -
702 1028 740 1092 F.
763 1027 807 1092 X.
831 1027 949 1108 Kraus,
974 1024 1169 1111 ideal-Escy-

82 1124 199 1210 elopedie
223 1125 280 1188 der
302 1125 497 1188 christliche
520 1125 739 1202 Altertlsttmer,
763 1125 833 1188 Art.
857 1125 965 1188 Busae.
998 1159 1040 1170 -—
1070 1122 1168 1186 wou-

82 1234 140 1302 ters,
160 1223 417 1300 Dicaea-tationes,
433 1221 525 1288 Tom.
550 1222 576 1286 I.
600 1222 671 1286 Dis.
688 1221 804 1286 XLIX
828 1229 860 1286 et
888 1221 926 1302 L,
951 1220 1072 1305 aliique
1096 1242 1169 1283 auc—

81 1333 157 1400 tores,
179 1341 261 1406 quos
285 1319 420 1384 inferius
445 1319 629 1386 citabimus.

597 1645 633 1712 1.

234 1781 498 1848 Errat-ratio
522 1785 566 1844 et
587 1779 846 1860 empltcatto
866 1779 999 1858 sacti.

148 1911 178 1976 3.
202 1911 369 1996 Imprimis
402 1914 563 1997 integram
595 1913 815 1976 narrationem
850 1921 920 1974 tum
953 1933 995 1973 ex
1032 1909 1166 1975 Socrate

77 2022 132 2070 tom
164 2030 206 2072 ex
231 2007 411 2074 Sozomeno
436 2011 552 2074 aliene
586 2019 805 2096 opportunum
838 2010 913 2091 erit3
946 2029 1047 2094 quum
1079 2009 1167 2071 enim

77 2127 127 2169 ron
149 2107 283 2171 aliunde
306 2109 369 2172 nisi
394 2129 436 2171 ex
459 2110 499 2172 iis
516 2119 669 2172 eventum
685 2107 777 2172 illum
794 2107 834 2171 de
857 2129 921 2193 quo
945 2107 1073 2190 agimus
1096 2125 1167 2187 cog·

18 2250 25 2271 .
77 2223 245 2286 noscamus,
270 2207 389 2269 summi
423 2208 578 2270 momenti
612 2216 669 2287 est,
694 2216 730 2269 ut
761 2227 846 2291 quae
870 2206 931 2291 ipsi
956 2203 1104 2268 scribunt
1126 2224 1168 2265 ex

76 2300 186 2386 integro
211 2302 254 2366 ob
279 2303 390 2368 oculos
422 2315 596 2389 ponantur.
642 2304 791 2370 Socrates
814 2303 857 2367 H.
881 2303 920 2367 Ε.
944 2303 983 2368 L.
1007 2301 1049 2366 V.
1072 2324 1100 2364 c.
1128 2301 1167 2364 18

74 2409 207 2482 enarrat,
242 2401 405 2486 quomodo
442 2403 624 2488 Imperator
656 2402 859 2466 Theodosius
891 2401 1014 2464 Romae
1046 2397 1168 2482 degens

75 2499 153 2561 varia
177 2501 211 2562 in
237 2499 410 2563 utilitatem
435 2500 525 2564 urbis
545 2501 748 2586 disposuerit,
765 2508 797 2564 et
820 2498 1018 2586 quibusdam
1041 2495 1168 2579 legibus

74 2591 146 2657 bono
179 2596 312 2682 publico
345 2601 558 2684 prospexerit.
613 2596 784 2684 Ejusmodi
824 2599 884 2660 iter
915 2597 1099 2660 Romanum
1136 2603 1168 2656 et

74 2694 272 2758 commoratio
288 2693 464 2760 Theodosii
489 2697 523 2760 in
546 2699 609 2760 ista
624 2697 767 2776 civitate,
784 2695 903 2760 incidit
926 2696 960 2758 in
983 2714 1086 2758 annos
1102 2693 1167 2756 390

73 2802 97 2850 et
117 2789 189 2872 391,
213 2791 361 2878 adeoque
385 2793 447 2857 hac
468 2795 669 2859 indicatione
693 2792 928 2858 determinatur
949 2803 1079 2876 tempus
1102 2813 1166 2876 quo

72 2907 102 2948 ea
122 2889 322 2972 aeciderunt,
347 2913 431 2978 quae
455 2891 574 2958 deinde
598 2893 747 2959 Socrates
776 2892 883 2956 refert.
929 2889 1093 2953 Videlicet
1116 2911 1167 2952 ca-

9 2978 16 3053 i
72 2985 127 3067 pite
150 2989 209 3052 19⁰
227 2989 297 3073 ipse
320 2990 444 3074 pergit:

146 3086 177 3150 4.
205 3085 294 3168 ,Sub
318 3086 407 3151 idem
421 3097 550 3175 tempus
566 3098 772 3174 presbyteros
787 3088 997 3152 ecclesiarum
1012 3090 1068 3173 qui
1092 3109 1166 3172 poe·
1245 3107 1297 3180 aa

71 3181 216 3247 nitentiae
239 3196 413 3269 praeerant
436 3185 522 3273 (τοῦς
545 3183 600 3250 ἐπὶ
624 3191 678 3272 τῆς
700 3181 869 3268 μετανοίας
893 3237 900 3250 .
926 3237 933 3250 .
958 3237 965 3250 .
990 3183 1165 3270 supendere-
1201 3181 1228 3210 ”¹¹
1274 3181 1294 3209 ¹⁰

71 3301 133 3356 porr·
162 3285 226 3344 τῶν
258 3277 443 3370 ἐκκλησίαν)
475 3284 600 3369 placuit
631 3284 764 3366 aboleri,
789 3284 888 3372 idque
911 3285 952 3349 ob
976 3283 1164 3369 hujusmodi

70 3397 201 3443 canem.
238 3380 414 3466 Postquam
438 3382 615 3445 Novatiani
640 3405 673 3446 se
696 3382 738 3447 ab
763 3383 912 3447 Ecclesia
935 3383 1163 3468 sejunxissent,

71 3495 102 3537 eo
124 3477 210 3562 quod
235 3499 310 3542 eum
335 3477 398 3542 illis
422 3481 478 3564 qui
511 3482 735 3565 persecutione
758 3481 908 3545 Dacians
929 3481 1012 3568 lapsi
1036 3481 1166 3544 fuerant

69 3577 301 3640 communicare
331 3576 520 3661 noluissent,
552 3601 593 3641 ex
625 3579 679 3643 illo
709 3589 855 3664 tempore
887 3581 1032 3664 episcopi
1055 3580 1165 3664 poeni·

69 3673 247 3736 tertiarium
288 3674 514 3759 presbyterum
556 3675 630 3740 albo
664 3677 882 3742 ecclesiastico
914 3678 1087 3763 adjecrunt
1118 3672 1167 3762 (οἳ

68 3764 234 3833 ἐπίσκοποι
257 3776 303 3855 τῷ
327 3769 575 3860 ἓκκλησιαστίκῳ
592 3773 772 3838 adversaria
794 3775 1008 3858 πρεσβύτερον
1030 3773 1086 3838 τὸν
1108 3772 1163 3838 ἐπὶ

69 3869 115 3950 τῇς
143 3863 313 3949 μετανοίας
344 3869 579 3958 προσέθεσαν),
613 3883 649 3936 ut
681 3875 736 3958 qui
760 3883 832 3959 post
858 3873 1058 3959 baptismum
1081 3873 1162 3960 lapsi

68 3974 167 4028 essent
199 3989 309 4031 coram
341 3968 532 4054 presbytero
565 3970 607 4034 ad
640 3993 712 4035 eam
744 3993 813 4035 rem
846 3974 1019 4035 constituto
1044 3971 1163 4036 delicta

69 4081 119 4124 soa
153 4063 393 4130 confiterentur.
441 4066 507 4133 Soli
544 4089 620 4132 vero
648 4069 865 4134 Homousiani
901 4065 950 4156 (οἳ
969 4073 1025 4132 τοῦ
1049 4067 1163 4152 orreoc-

69 4153 132 4222 σίου
155 4159 379 4248 φρονήματος),
404 4166 515 4250 etqui
540 4187 614 4230 eum
639 4167 702 4232 illis
725 4168 759 4232 in
784 4166 848 4232 fide
872 4169 1078 4232 consentiunt
1101 4168 1163 4232 No-

70 4258 187 4323 ratiani
219 4260 445 4346 presbyterum
480 4266 698 4350 poenitentiae
735 4267 937 4353 propositum
970 4269 1162 4353 rejecerunt,
