2876 4814
240 473 293 528 246
578 467 619 525 De
637 467 723 538 Opere
741 465 1024 537 Philosophoumenon.

240 615 375 702 poribus
398 611 584 699 Hippolyti,
609 615 655 678 ita
678 621 715 676 ut
744 612 827 676 haec
849 609 1026 698 appellatio
1054 619 1151 676 antea
1174 633 1244 676 non
1268 610 1375 675 adhi—

239 713 310 778 bita
337 713 446 777 afferri
477 718 620 797 nequeat
654 711 690 774 in
712 709 941 796 probationem
971 711 1179 796 episcopatus
1201 709 1375 776 schisma·

239 811 307 894 tici,
345 832 444 897 quem
472 807 673 894 Hippolytus
712 809 863 872 tenuerit.
918 807 1031 872 Potuit
1067 809 1245 893 provenire
1278 805 1373 872 haec

239 909 415 996 appellatio
426 905 481 971 vel
490 929 534 970 ex
543 928 651 970 errore
661 904 826 987 historico,
838 904 892 968 vel
902 905 990 991 quod
999 906 1072 991 jam
1086 915 1166 970 tunc
1179 903 1375 970 haberetur

239 1018 276 1070 ut
301 1007 475 1093 episcopus
492 1003 610 1068 Portus
625 1003 765 1068 Romani
790 1011 823 1066 et
846 1003 1038 1070 confusione
1061 1003 1150 1068 facta
1172 1011 1231 1067 aut
1265 1003 1370 1068 brevi

238 1106 336 1170 effato
368 1105 516 1170 dicerent
537 1103 729 1188 episcopum
743 1101 940 1181 Romanum,
965 1099 1018 1165 vel
1042 1101 1120 1166 inde
1134 1101 1224 1187 quod
1249 1101 1373 1188 appel·

238 1202 315 1267 latio
346 1205 510 1288 episcopas
533 1203 696 1265 Romanus
727 1198 834 1263 latiori
870 1197 969 1264 modo
1000 1197 1213 1263 adhiberetur
1237 1199 1284 1264 ad
1311 1199 1371 1264 de-

238 1301 439 1385 signandum
472 1300 664 1384 episcopum
687 1297 858 1363 Romanae
890 1298 1086 1381 provinciae
1109 1296 1163 1361 vel
1185 1295 1369 1362 Latinum.

160 1447 163 1456 ,
238 1397 270 1466 S.
295 1397 516 1485 Hippolytum
548 1397 649 1461 fuisse
673 1397 868 1481 episcopum
891 1395 1109 1460 Portuensem
1140 1394 1275 1482 (Portus
1301 1397 1369 1461 Rc-

238 1495 358 1582 mani),
383 1497 495 1580 opinio
519 1504 568 1560 est
597 1516 681 1580 quae
714 1503 827 1579 postea
849 1493 1044 1579 praevaluit.
1091 1491 1267 1577 Dttllinger
1292 1497 1369 1581 qui·

238 1593 313 1658 dem
337 1592 477 1678 probaro
506 1593 597 1658 nisus
627 1603 686 1676 est,
719 1601 866 1678 tempore
897 1590 930 1658 S.
956 1590 1130 1678 Hippolyti
1154 1592 1189 1657 iu
1212 1612 1254 1656 ea
1279 1595 1368 1657 civi-

237 1699 303 1755 tate
327 1690 474 1756 nondum
507 1689 607 1755 fuisse
631 1691 832 1776 episcopum,
864 1712 966 1775 quum
990 1689 1088 1754 valde
1112 1690 1233 1776 exigua
1258 1703 1367 1764 essen

237 1788 295 1854 sed
327 1789 528 1856 contrarium
557 1787 610 1852 De
634 1788 728 1853 Rossi
759 1786 912 1854 ostendit.
959 1787 1060 1852 Haud
1088 1788 1221 1852 omnino
1247 1797 1367 1853 certus

235 1896 347 1952 tamen
380 1897 428 1952 est
460 1885 515 1950 ille
547 1887 756 1972 episcopatus
787 1887 978 1952 Portuensis
1002 1885 1035 1953 S.
1059 1883 1254 1972 Hippolyti3
1279 1909 1365 1951 nam

236 1987 423 2050 testimonia
453 1987 663 2072 antiquorum
695 1984 822 2067 desunt,
854 1994 886 2048 ct
911 1985 944 2050 S.
968 1985 1194 2070 Hieronymus
1217 1983 1365 2062 indicat,

237 2105 271 2148 se
294 2087 377 2150 scire
407 2105 475 2148 non
504 2083 663 2169 potuisse,
697 2082 792 2169 cujus
825 2082 912 2147 sedis
945 2081 1147 2169 Hippolytus
1179 2081 1364 2169 episcopus

235 2181 380 2268 fuerit.¹)

325 2279 377 2344 85.
401 2277 461 2342 lllo
491 2277 703 2363 Hippolytus,
734 2277 790 2362 qui
825 2298 901 2341 cum
932 2277 965 2343 S.
989 2278 1150 2342 Pontiano
1174 2299 1205 2343 a.
1229 2278 1299 2344 235
1327 2281 1361 2344 in

236 2376 377 2442 insulam
401 2375 589 2442 Sardiniam
614 2375 803 2461 deportatus
827 2383 885 2458 est,
911 2377 1074 2462 expressis
1097 2374 1209 2440 verbis
1232 2375 1362 2442 dicitur

230 2474 407 2562 presbyter,
439 2471 518 2538 dum
543 2474 576 2540 S.
599 2474 782 2538 Pontianus
806 2475 970 2561 episcopus
997 2471 1191 2560 appellatur.
1228 2473 1358 2541 Audax

235 2573 336 2656 igitur
359 2581 408 2636 est
431 2571 630 2658 conjectura,
656 2571 823 2654 designari
846 2569 881 2636 S.
906 2567 1126 2658 Hippolytum
1159 2574 1357 2661 episcopum

235 2679 267 2734 et
300 2669 462 2734 celebrem
495 2671 594 2734 istum
626 2667 797 2734 Ecclesiae
831 2669 1008 2736 doctorem.
1055 2668 1197 2755 Reliqua
1229 2674 1358 2758 pariter

234 2791 319 2854 quae
352 2777 583 2854 supponuntur
622 2765 663 2831 de
695 2766 963 2832 reconciliatione
995 2767 1171 2854 Hippolyti
1208 2791 1288 2834 cum
1322 2771 1356 2838 S.

233 2866 406 2950 Pontiano,
431 2865 472 2929 de
496 2866 653 2950 martyrio
678 2863 765 2928 illius
798 2866 833 2928 in
862 2864 969 2930 insula
993 2865 1159 2948 Sardinia,
1185 2867 1226 2932 de
1250 2879 1356 2935 nans·

232 2962 354 3029 latione
378 2963 522 3049 corporis
545 2963 616 3050 ejus
639 2983 714 3028 oum
740 2984 874 3048 corpore
889 2963 921 3030 S.
945 2965 1110 3048 Pontiani,
1134 2964 1355 3033 fundamento

233 3061 412 3126 admodum
446 3061 576 3126 infirmo
610 3060 664 3125 vel
696 3059 785 3126 nullo
810 3061 970 3126 nituntuu.
1017 3061 1121 3128 Multo
1146 3063 1355 3149 probabilius

233 3181 418 3245 supponere
442 3181 626 3245 possumus,
651 3156 872 3244 Hippolytum
904 3158 997 3224 illum
1025 3159 1256 3246 presbyterum
1281 3175 1356 3250 post

231 3259 493 3343 persecutionem
517 3255 646 3322 finitam
669 3278 712 3320 ex
735 3255 843 3321 insula
856 3256 1011 3324 Sardinia
1033 3279 1214 3343 reversum,
1239 3270 1353 3348 postea

232 3353 399 3438 incidisse,
415 3364 451 3418 ut
470 3354 527 3420 alii
550 3352 687 3440 quidam
708 3353 918 3438 confessores,
943 3356 978 3421 in
1002 3356 1145 3422 schisma
1159 3357 1353 3442 Novatiani,

232 3453 290 3517 sed
314 3461 491 3540 antequam
524 3476 553 3517 a.
578 3452 643 3517 258
674 3453 709 3516 in
732 3454 900 3517 teterrima
923 3453 1093 3521 Valeriani
1123 3459 1353 3542 persecutione

233 3560 359 3636 martyr
381 3550 600 3632 occumberet,
626 3549 669 3614 ad
683 3549 868 3616 Ecclesiam
890 3551 1036 3619 rediisse.
1061 3553 1225 3618 Accidere
1240 3565 1352 3620 autern

356 3697 442 3704 —.--

307 3767 327 3832 ¹)
348 3761 457 3830 ,Neque
475 3777 539 3816 varo
558 3769 606 3827 est,
626 3760 720 3816 scribit
739 3761 889 3826 Armellini
915 3777 962 3818 cur
979 3779 1142 3832 magnopere
1160 3765 1291 3824 mireum
1308 3767 1352 3823 ob

231 3845 389 3900 scuritatem
408 3857 477 3909 quae
495 3842 637 3911 Hippolyti
662 3841 750 3896 sedem
779 3843 858 3911 tegit.
895 3841 1032 3897 Similibus
1051 3849 1149 3914 quippe
1168 3847 1290 3904 mnebris
1309 3849 1351 3904 ob

231 3927 328 3978 ductim
347 3929 411 3978 sunt
430 3921 574 3977 memoriae
598 3921 773 3989 complurium
800 3923 975 3990 scriptorum,
995 3923 1041 3992 qui
1068 3941 1120 3979 non
1139 3927 1232 3992 procul
1251 3927 1350 3998 Hippo

231 4004 284 4073 lyti
303 4009 395 4058 aetate
413 4001 576 4067 claruerunt,
595 4001 741 4070 Magnetis,
752 4001 951 4070 Athenagoras,
971 4004 1037 4070 Gaii,
1057 4003 1193 4070 Hermiae,
1212 4008 1350 4078 Agrippae
1427 4045 1428 4048 η

232 4084 359 4147 Castoris,
378 4081 522 4145 Rhodonis,
541 4081 662 4148 Maximi,
679 4081 822 4150 Apollonii,
842 4081 967 4138 aliorum:
985 4099 1034 4140 nce
1052 4089 1143 4140 umen
1162 4085 1262 4142 idcirco
1281 4089 1349 4158 quis·

231 4178 310 4230 quam
330 4163 449 4217 animum
467 4161 588 4224 induxit,
614 4167 646 4216 ut
665 4161 752 4216 labem
770 4162 854 4218 ullam
873 4163 953 4218 claris
978 4163 1044 4219 adeo
1062 4163 1215 4221 nominibus
1234 4166 1348 4238 impone

232 4247 298 4296 ret.“
319 4244 359 4296 lle
377 4243 464 4310 prisca
483 4242 648 4295 refutatione
667 4248 717 4295 etc.
737 4259 758 4297 c.
778 4243 839 4296 XII.
