2766 4836
208 455 212 462 '
239 447 274 500 66
490 443 530 498 De
547 442 693 498 manuari
712 442 777 498 fatis
795 459 827 498 ac
845 445 878 499 ds
895 445 971 514 lapsu
990 446 1099 502 Liberti.

102 613 210 666 sinuas
240 589 372 654 clusisse
397 587 626 651 Athanasium.
651 587 851 674 —Reliquis
875 590 1020 675 epistolis
1044 591 1155 679 (Frag.
1169 595 1228 680 VI)
1248 595 1323 666 haec,

106 675 194 718 M·
239 689 286 752 uti
309 686 441 750 videtur
456 683 499 750 ab
514 695 647 748 auctore
662 687 780 770 operis,
796 688 1068 772 praemittuntur:
1097 692 1172 756 Post
1192 695 1259 756 lass
1278 716 1324 756 ou-

238 789 295 852 nia
325 809 404 872 qaae
433 783 482 848 vel
511 793 650 870 gesserat
680 782 729 846 cel
758 787 952 869 promiserat
983 786 1138 868 Liberius,
1173 793 1277 854 missus
1301 793 1325 854 ia

239 884 369 950 suillam
398 884 546 946 uniuersa
574 881 609 944 in
640 882 766 944 irritum
789 882 937 962 detumit,
961 884 1098 950 scribens
1115 890 1327 974 prmuariccto-

238 983 326 1048 ribos
348 981 491 1062 Arionis,
515 980 570 1064 qni
592 980 627 1044 in
650 989 791 1044 sanctam
809 980 1019 1046 Athanasium
1042 985 1244 1049 orthodoxam
1266 988 1327 1071 epis·

239 1105 347 1168 copam
372 1079 510 1144 tulerant
533 1079 727 1142 sententiam.
766 1116 809 1124 —
840 1078 995 1164 Sequitur
1018 1079 1096 1144 dein
1119 1083 1259 1146 secunda
1279 1083 1327 1168 epi·

240 1179 321 1244 stola
344 1179 405 1242 Pro
430 1176 537 1259 deifico
554 1177 661 1240 amne
676 1177 799 1259 pariter
811 1177 855 1240 ad
870 1179 1041 1263 episcopos
1065 1179 1240 1244 orientales
1260 1179 1328 1243 dats.

241 1279 279 1342 ln
302 1277 418 1341 eadem
440 1272 595 1339 Liberius
625 1274 744 1338 iterum
774 1272 898 1356 scribit,
923 1298 957 1340 se
988 1277 1067 1361 ipsis
1098 1279 1330 1351 communicare,

240 1375 418 1440 exclusisse
450 1394 527 1436 vero
560 1369 798 1453 Athanasium,
835 1383 1005 1456 praeterea
1037 1375 1181 1458 nuntiat,
1214 1399 1246 1439 se
1275 1373 1332 1437 sub-

241 1474 408 1559 scripsisse
440 1469 599 1534 formulas
632 1467 744 1534 Sirmii
777 1470 957 1535 confectae.
1009 1471 1172 1557 Adjectae
1204 1483 1275 1536 sunt
1301 1472 1333 1536 sb

241 1572 305 1638 elio
330 1570 582 1655 imprecationes
606 1569 641 1631 in
663 1566 848 1632 Liberium.
884 1568 997 1634 Amoto
1021 1569 1211 1650 Athanasio,
1234 1571 1337 1634 dicitur

241 1673 276 1736 in
299 1668 445 1755 epistola,
470 1690 491 1729 a
514 1667 723 1730 communione
755 1668 891 1730 onnam
920 1677 1069 1746 nostran,
1101 1674 1192 1758 cujas
1214 1670 1336 1753 accepi·

241 1769 337 1836 stolia
360 1793 381 1832 a
403 1790 449 1831 nse
473 1764 673 1850 mscipienda
696 1774 779 1842 sunt,
799 1765 869 1828 dico
891 1788 939 1828 nse
962 1787 1030 1829 anm
1052 1767 1197 1830 omnibus
1218 1766 1297 1830 cobis
1316 1775 1338 1826 st

242 1893 309 1934 casn
331 1866 485 1932 universis
516 1863 670 1948 episcopis
700 1861 907 1926 orientalibus
937 1886 990 1927 seu
1016 1886 1077 1948 per
1099 1867 1263 1930 universas
1279 1885 1339 1950 pro·

241 1969 362 2034 ancias
388 1985 500 2052 paoem
532 1971 562 2025 et
592 1961 745 2026 unitatem
767 1959 888 2025 babere.
943 1961 1030 2024 Nam
1052 1971 1087 2025 ut
1108 1963 1216 2026 verim
1238 1961 1340 2028 odeas
1367 1934 1368 2012 l

242 2091 288 2130 ose
311 2087 386 2129 cera
400 2061 468 2146 fide
486 2082 547 2144 por
569 2060 648 2122 banc
663 2057 828 2144 epistolam
849 2081 887 2122 ea
912 2059 1005 2144 loqui,
1021 2059 1179 2124 Dominae
1202 2071 1232 2124 et
1246 2059 1341 2146 flata
1368 2090 1369 2153 p

242 2187 326 2228 mens
349 2159 517 2226 commanis
538 2155 760 2243 Demophilus,
783 2157 837 2242 qni
860 2157 1009 2242 slipssatus
1036 2167 1081 2221 est
1098 2181 1163 2243 pro
1189 2179 1248 2222 saa
1270 2156 1341 2218 beu·

242 2262 380 2326 oolentia
393 2258 492 2342 fidem
514 2267 648 2319 restam
678 2265 708 2318 et
731 2253 915 2319 oabolicarn
945 2277 1117 2342 expauere,
1142 2277 1224 2341 qnae
1247 2251 1343 2318 Sinni
1369 2246 1370 2292 t

243 2384 264 2424 a
280 2357 430 2446 pluribus
445 2353 607 2441 fratribus
630 2363 659 2416 et
681 2354 873 2439 coepiscopis
894 2354 1012 2418 nostris
1035 2363 1187 2433 tractata,
1213 2353 1344 2440 suposita
1370 2402 1371 2458 ,

243 2470 273 2522 et
296 2464 439 2540 accepta
461 2464 507 2516 est
530 2451 657 2536 (,‚Haec
680 2462 726 2514 est
741 2450 882 2537 perfidia
896 2450 1032 2516 Ariana.
1066 2453 1136 2516 Hoc
1161 2475 1217 2539 epo
1240 2448 1344 2516 notan.

242 2579 306 2622 non
329 2561 488 2640 apostata.
513 2550 656 2614 liberius
679 2548 876 2634 sequentia“)
900 2549 940 2613 ab
968 2549 1109 2614 omnibus
1131 2553 1190 2636 qni
1212 2553 1248 2614 in
1263 2571 1344 2636 pras·

244 2652 484 2739 sentiscerent,
506 2649 585 2712 bano
600 2669 653 2731 epo
668 2646 779 2711 libenti
792 2648 897 2712 animo
911 2650 1042 2734 uucspi,
1062 2646 1280 2735 („Anatbema
1299 2643 1346 2718 tit·

244 2777 266 2816 a
295 2775 342 2815 nne
373 2751 489 2814 clintum
496 2797 505 2826 ,
538 2745 655 2824 Liberi,
679 2755 708 2808 et
740 2746 832 2810 sociis
856 2743 954 2832 asir)
987 2747 1023 2810 in
1048 2745 1136 2810 nollo
1162 2745 1345 2828 contradixi,

245 2871 424 2914 consensum
443 2843 674 2923 acconwdavi,
707 2845 787 2908 banc
819 2866 947 2928 sequor,
985 2845 1060 2908 baec
1092 2868 1113 2908 a
1145 2867 1194 2908 me
1230 2853 1345 2909 tenetur.

245 2948 264 3033 (
261 2949 398 3026 „Iterum
430 2943 489 3007 tibi
521 2942 687 3006 anatliema
719 2953 749 3005 et
786 2943 877 3005 tertio
887 2991 897 3021 ,
924 2943 1172 3028 praevaricator
1207 2939 1346 3024 biberit).

244 3043 328 3109 Sane
345 3042 517 3130 petendam
540 3038 662 3104 credidi
684 3039 882 3104 sanctitatem
903 3051 1047 3118 cernam,
1070 3040 1146 3124 qnia
1161 3043 1239 3129 jam
1255 3037 1343 3126 perri·

244 3143 326 3208 detis
348 3143 383 3206 in
406 3137 606 3203 omnibusne
628 3137 717 3200 cobis
730 3148 969 3202 consentaneam
983 3160 1058 3216 esse,
1083 3137 1262 3222 dipnernini
1283 3159 1348 3200 con·

243 3241 331 3304 mani
352 3236 483 3304 manilio
507 3261 544 3300 aa
568 3234 672 3300 stadio
687 3235 843 3314 laborare,
862 3247 1014 3320 quatenm
1037 3235 1076 3299 de
1098 3233 1201 3300 exilio
1219 3240 1291 3326 jans
1310 3232 1348 3296 cli·

242 3340 363 3416 mittar,
387 3346 417 3400 et
440 3335 484 3398 acl
506 3334 608 3398 sedem
630 3356 709 3420 qnae
728 3335 804 3396 mibi
817 3334 970 3399 diuinitus
992 3333 1113 3398 aedita
1136 3344 1185 3398 est
1208 3343 1347 3398 reuertar.

244 3437 331 3500 Dein
359 3434 565 3520 prosequitur
595 3440 727 3495 auctor:
764 3431 932 3514 Perfidiam
962 3442 1066 3496 uatem
1094 3432 1186 3518 apnd
1210 3430 1350 3496 Sirssiurn

245 3535 434 3619 desenptam
453 3553 546 3615 qaam
567 3530 645 3593 elicit
660 3528 803 3593 Liberius
824 3528 1022 3608 catholicam,
1046 3553 1066 3594 a
1084 3529 1276 3616 Demopbilo
1296 3525 1350 3590 sili

240 3633 390 3720 positam,
421 3630 454 3691 bi
483 3639 555 3692 sant
577 3630 631 3714 qui
653 3629 920 3714 mascripserunt:
957 3629 1139 3705 Narcissus,
1167 3627 1351 3700 masona,

245 3729 397 3806 Basilius,
423 3727 598 3805 Endoains,
621 3725 836 3812 Demophilus,
864 3725 1041 3813 Cecropius,
1073 3723 1237 3804 Siluanus,
1266 3725 1351 3789 Ursa·

246 3830 321 3907 cias,
348 3826 473 3907 Valens,
489 3825 655 3910 anprias,
672 3825 843 3910 Hyrenias,
858 3825 1108 3910 Eruperontias,
1138 3824 1352 3898 Terentianus,

245 3927 378 4003 Bonus,
407 3923 604 3990 Gaudentius
611 3972 620 4001 ,
645 3923 860 4005 Macedoniae,
894 3922 1049 4000 Martluss,
1073 3921 1213 4001 Actiass,
1237 3921 1351 3987 Jalisn.

246 4023 390 4104 basinus,
406 4021 589 4108 Simplicius
611 4032 641 4084 et
655 4021 774 4084 Junior
796 4019 1054 4108 (requirendam),
1079 4041 1183 4084 omnes
1197 4017 1351 4084 Mentiri

246 4159 290 4168 --
313 4119 425 4185 Tertia
448 4118 584 4205 epistola
608 4120 762 4202 dirigitur
784 4119 828 4182 ad
855 4119 1028 4197 Ursaciam,
1050 4118 1212 4182 Valentem
1235 4129 1267 4182 et
1283 4113 1353 4180 Ger

246 4221 389 4296 niniam,
414 4217 533 4306 quibus
556 4219 656 4282 etiem
684 4219 815 4282 nuntiat
836 4216 1007 4298 Liberius,
1039 4237 1073 4279 se
1102 4235 1174 4280 cnm
1203 4213 1354 4280 omnibus
