2766 4836
226 455 260 506 ro
477 451 517 506 De
535 449 680 505 Arianismi
699 449 765 505 fatis
783 467 815 504 ac
832 450 865 504 de
882 450 959 518 lapsu
978 449 1087 504 Liberti.

226 596 412 680 sequentia:
439 597 475 658 1⁰
501 593 686 679 Agnovisse
709 594 822 658 Patres
833 593 1058 674 sardicenses,
1082 592 1324 679 appellationem

226 691 314 756 illam
338 715 357 756 a
381 691 525 756 secunda
549 691 673 776 synodo
697 713 766 756 esse
790 692 1028 777 suspensivam.
1052 693 1092 755 2⁰
1112 691 1190 755 Dici
1214 690 1327 754 videta

225 789 400 876 depositas,
436 789 561 854 videtur
587 788 628 852 ob
657 789 957 874 praesumptionem
979 789 1128 875 justitiae
1157 789 1326 852 sententiae

220 887 292 973 jam
314 885 399 952 latae
423 887 457 950 in
481 885 609 950 duabus
633 885 784 970 synodis,
809 908 875 950 non
898 895 1009 952 tamen
1032 885 1226 972 simpliciter
1245 885 1326 972 depo-

225 986 314 1064 sitas,
342 985 420 1070 quia
443 983 697 1069 exspectabatur
718 983 858 1048 Romani
881 983 1052 1049 Pontificio
1076 985 1239 1051 sententia
1261 984 1327 1046 irre-

225 1082 405 1147 formabilis
422 1092 454 1146 et
472 1081 597 1147 ultima.
620 1119 664 1129 -
686 1083 725 1146 3⁰
751 1079 905 1146 Absurde
919 1081 1088 1164 affirmari,
1104 1089 1251 1167 tempore
1263 1080 1325 1145 Sar·

225 1179 366 1244 dioensis
394 1179 510 1264 synodi
543 1178 729 1244 inauditum
750 1179 860 1260 fuisse,
891 1180 1120 1264 episcoporum
1143 1201 1259 1243 causas
1281 1178 1325 1260 agi

223 1278 259 1343 in
281 1277 362 1342 urbe
385 1277 498 1360 Roma,
523 1277 557 1341 in
581 1285 673 1362 parte
703 1277 791 1340 enim
814 1276 971 1341 historica
1003 1279 1141 1341 canonis
1164 1276 1199 1341 id
1222 1297 1326 1361 suppo·

224 1377 323 1440 nitur.
339 1415 381 1423 -
396 1376 436 1439 4⁰
462 1374 617 1439 Absurde
640 1374 717 1455 dici,
743 1376 841 1438 etiam
856 1383 929 1460 post
952 1373 1130 1438 concilium
1145 1373 1327 1440 Sardicense

225 1495 358 1537 causam
389 1494 459 1537 esse
490 1472 712 1553 mactandam,
747 1473 942 1537 sententiam
979 1470 1159 1554 ferendam,
1193 1473 1229 1536 in
1259 1471 1328 1535 locis

225 1571 313 1656 ipsis,
332 1591 399 1634 non
413 1571 546 1634 Romae.
569 1570 698 1655 Legant
718 1571 827 1634 enim:
861 1571 939 1634 Nisi
951 1569 1162 1655 coaoafaait
1174 1569 1329 1659 injudicio

224 1670 376 1755 Episcopi
407 1669 545 1733 Romani
581 1668 809 1746 determinata,
852 1689 936 1753 quae
979 1667 1225 1752 conjungantur
1264 1687 1327 1730 cnm

227 1764 390 1851 prioribus
414 1787 455 1828 ex
479 1773 570 1850 parte
595 1764 769 1829 historica:
794 1775 824 1828 et
833 1766 1082 1852 proclamaverit
1105 1765 1258 1850 apeodam
1278 1763 1329 1828 riti

226 1865 381 1949 nepotiana
394 1864 429 1926 in
444 1863 519 1926 arbo
534 1865 644 1927 Roma.
669 1901 713 1909 -
731 1861 771 1926 5⁰
787 1862 852 1926 Per
864 1883 941 1926 eum
955 1882 1115 1926 canonem
1138 1860 1262 1926 nullam
1284 1881 1328 1946 po-

227 1970 379 2025 testatem
401 1960 523 2024 factam
546 1983 615 2024 esse
638 1960 676 2025 R.
699 1959 852 2024 Pontifici
884 1958 1066 2044 recipiendi
1089 1958 1327 2046 appellationes,

228 2057 291 2122 hae
314 2058 403 2121 enim
426 2066 654 2143 supponuntur
676 2079 696 2120 a
717 2056 901 2122 Patribus.“

187 2187 211 2216 nr
316 2157 369 2220 33.
393 2155 470 2221 Jam
485 2154 525 2218 de
540 2176 665 2218 canone
679 2155 711 2218 V
725 2153 830 2242 (VII).
856 2153 1067 2240 ,Duplicem,
1086 2155 1133 2218 ait
1149 2154 1190 2220 cl.
1205 2154 1327 2226 Auctor,
1366 2219 1367 2224 ,

97 2235 147 2277 ‘³²¹¹'
165 2236 187 2276 v·
226 2253 336 2318 ethic
359 2275 465 2318 canon
483 2263 609 2339 partem
632 2251 742 2334 habet,
766 2251 956 2316 historicam
970 2252 1122 2334 alteram,
1146 2260 1180 2316 et
1202 2250 1327 2316 alteram

227 2351 453 2436 disponentem
486 2373 525 2414 ao
552 2350 744 2436 juridicam.
789 2350 871 2414 Pars
903 2347 1061 2414 historica
1092 2348 1175 2414 haee
1200 2358 1264 2414 est:
1298 2347 1325 2432 a)

225 2447 409 2534 Episcopus
441 2447 616 2512 damnatus
649 2456 698 2511 est
729 2448 762 2510 in
795 2446 919 2531 synodo
953 2448 1104 2532 propriae
1139 2448 1327 2532 provinciae.

227 2544 262 2632 b)
285 2546 377 2610 Idem
400 2567 466 2609 non
489 2545 533 2609 ad
556 2544 688 2609 solitum
702 2544 847 2609 tribunal
871 2544 1030 2629 confugit,
1056 2555 1141 2610 esset
1164 2547 1251 2610 enim
1273 2544 1325 2606 hoc

227 2644 371 2728 synodus
387 2645 545 2725 finitimae
557 2644 760 2728 provinciae,
785 2642 842 2708 sed
866 2644 1021 2707 continuo
1041 2641 1186 2728 appellat
1206 2643 1243 2706 R.
1256 2642 1325 2705 Pon·

226 2742 379 2807 tilioem.“
427 2740 562 2828 (Agitur
585 2743 697 2826 itaque
721 2740 762 2804 de
786 2742 939 2826 episcopo
970 2741 1076 2826 primo
1095 2738 1234 2825 judicio,
1256 2739 1324 2824 opis
1365 2739 1366 2788 l

226 2861 382 2926 coporum
396 2862 474 2904 suae
488 2839 689 2924 provinciae,
706 2836 885 2925 damnato.)
896 2878 939 2887 -
957 2839 1056 2922 ,Pars
1072 2838 1249 2924 disponens
1263 2857 1323 2900 oon·

226 2947 289 3002 stat
312 2938 352 3001 iis
375 2936 536 3018 omnibus,
560 2957 645 3022 quae
667 2946 741 3022 post
755 2938 924 3022 supposita
938 2935 994 3000 illa
1017 2936 1176 3022 adjuncta
1200 2955 1323 3021 sequnn-

225 3043 287 3099 tur.
332 3035 372 3099 In
395 3056 434 3099 ea
457 3043 567 3099 autern
586 3034 650 3098 duo
666 3044 743 3099 sunt
757 3033 911 3116 notanda,
937 3033 1018 3100 illud
1033 3035 1121 3121 quod
1145 3033 1322 3119 disponitur.

226 3142 259 3196 et
281 3132 397 3197 modus
420 3155 484 3218 quo
508 3132 545 3196 fit
567 3132 749 3218 dispositio.
792 3131 879 3196 Illud
902 3132 991 3219 quod
1014 3132 1201 3218 disponitur
1221 3140 1274 3211 est,
1295 3141 1322 3189 ut

226 3229 265 3293 R.
288 3230 458 3294 Pontificio
481 3231 523 3293 sit
554 3230 677 3311 videre,
709 3252 752 3294 an
774 3230 983 3295 retractanda
1016 3232 1059 3296 sit
1082 3253 1191 3312 causa,
1223 3247 1320 3300 necne,
1364 3227 1365 3242 ¹

226 3326 365 3412 ideoque
399 3329 456 3390 1⁰:
484 3327 530 3393 Ut
562 3328 631 3412 ipse
663 3327 785 3410 videat,
816 3335 926 3392 utrum
959 3349 1063 3392 necne
1095 3327 1248 3414 expediat
1276 3343 1321 3409 per

226 3423 479 3509 appellationem
502 3424 610 3489 denuo
635 3427 786 3510 cognosci
818 3447 951 3490 causam
984 3425 1085 3489 semel
1112 3424 1275 3490 delinitam
1295 3423 1319 3482 in

227 3521 351 3606 synodo
384 3523 535 3607 propriae
569 3523 768 3606 provinciae.
814 3523 853 3587 2⁰
885 3523 919 3589 si
947 3532 1092 3608 putaret,
1117 3543 1248 3587 cansam
1268 3539 1319 3584 non

227 3641 296 3682 esse
329 3618 500 3703 indignam
532 3621 773 3701 retractatione,
812 3629 891 3684 tunc
928 3619 1102 3705 multiplex
1138 3615 1318 3706 exsequendi
1363 3693 1364 3698 ἵ

227 3717 343 3781 modus
366 3719 561 3802 proponitur
583 3717 620 3782 R.
645 3718 808 3801 Pontifici,
842 3717 895 3783 vel
933 3717 1168 3784 committendo
1205 3733 1317 3782 musam

228 3816 390 3900 episeopis
414 3814 574 3880 finitimae
606 3817 815 3902 provinciae,
840 3817 928 3902 quod
957 3825 1041 3881 esset
1063 3827 1249 3881 consuetam
1270 3813 1318 3876 dis·

227 3911 384 3997 ciplinam
403 3912 600 3977 servandam
610 3913 739 4000 jubere,
755 3914 808 3978 vel
819 3913 859 3978 de
873 3914 974 3979 latere
989 3937 1046 3980 suo
1062 3915 1220 3980 mittendo
1234 3931 1318 3978 unum

228 4008 1363 4099 vfflmwfflmwfflmmfflfflm,

227 4109 417 4192 provinciae
435 4108 589 4194 judicent
611 4132 686 4175 cum
709 4111 892 4192 autoritate,
916 4133 981 4197 qua
1004 4109 1039 4174 id
1062 4118 1171 4196 posset
1185 4105 1317 4173 Pontifex

227 4205 260 4268 in
285 4202 385 4270 Urbe.
409 4243 451 4252 —
475 4205 540 4270 Sed
563 4206 606 4272 ad
630 4207 764 4272 modum
787 4207 875 4295 quod
907 4216 1033 4294 spectat
1055 4229 1120 4295 quo
1144 4205 1315 4296 disponitor.
1362 4235 1363 4327 p
