2900 4800
418 499 458 554 De
476 497 595 554 concilio
613 499 782 556 oecumenico
800 505 885 556 sexto.
1159 499 1211 554 451

92 665 269 730 opponere.
316 643 473 708 Poterant
495 643 585 708 enim
609 653 723 708 contm
739 642 936 709 Pontificem
960 646 1069 730 urgeri
1094 643 1209 710 eadem

94 741 277 828 principia,
310 741 353 805 ad
386 761 471 827 quae
503 741 607 827 ipsios
642 741 907 828 praedecessores
948 750 1212 828 provocaverant

93 848 209 904 contra
222 838 395 920 Acacium,
419 847 456 902 ut
479 839 550 924 ejus
573 839 955 906 excommunicationem·
974 840 1163 904 tuerentur“
1173 837 1208 926 ¹).

185 936 238 1002 81.
262 935 423 1022 Pleraque
437 956 523 1021 quae
537 935 579 1000 ab
594 936 791 1000 adversariis
810 937 920 1001 afferri
939 937 1061 1019 solent,
1079 945 1116 1000 ut
1129 936 1213 1000 litte·
1223 963 1370 1006 nauseasse

94 1057 149 1098 ras
164 1043 196 1098 et
211 1033 457 1098 damnationem
471 1031 611 1098 Honorii
626 1043 741 1098 contra
754 1035 876 1100 summi
890 1034 1060 1100 Pontificis
1075 1035 1213 1100 auctori-

93 1141 197 1196 tatem
221 1141 254 1195 et
276 1129 544 1196 infallibilitatem
577 1140 733 1215 urgeant,
763 1141 872 1196 nostra
896 1134 1100 1219 expositione
1122 1153 1214 1219 prae·

94 1229 345 1314 occupavimus.
393 1225 727 1293 Commemorandnm
755 1239 885 1293 tantum
918 1238 1019 1294 restat
1042 1249 1213 1315 argumen-

93 1337 169 1390 tum
193 1324 272 1390 inde
293 1327 450 1411 petitum,
474 1325 562 1412 quod
580 1326 747 1391 Honorius
771 1329 870 1392 etiam
894 1349 914 1392 a
937 1325 1214 1414 subsequentibus

94 1421 314 1490 Pontificibus
337 1431 372 1486 et
389 1421 548 1489 Conciliis
567 1425 787 1488 oecumenicis
803 1425 979 1490 damnatus
1002 1433 1034 1490 et
1056 1434 1215 1510 tanquam

95 1521 282 1587 haereticus
305 1522 348 1584 sit
370 1520 607 1587 consideratus.
640 1559 685 1570 -
712 1521 765 1586 Ad
789 1523 955 1607 Pontifices
978 1521 1067 1610 quod
1091 1529 1217 1610 spectet

95 1617 385 1700 animadvertunt,
410 1617 656 1683 damnationem
680 1619 819 1684 Honorii
853 1621 1013 1685 contineri
1038 1622 1073 1685 in
1095 1620 1215 1707 profes-

96 1719 192 1783 sione
215 1716 311 1799 fidei,
335 1738 435 1801 quam
468 1719 613 1804 antiquis
636 1717 838 1802 temporibus
859 1717 1038 1782 Pontifices
1068 1719 1215 1782 emittere

96 1815 267 1896 solebant3
282 1813 492 1878 Hadrianum
507 1813 541 1878 ΙΙ
564 1814 692 1879 disertis
715 1814 827 1878 verbis
851 1837 1013 1898 asserere,
1030 1815 1216 1880 Honorinm

95 1923 234 2002 propter
255 1912 417 1976 haeresim
440 1923 641 1996 accusatum,
666 1935 706 1976 ac
728 1913 863 1998 praevio
882 1912 1011 1998 judicio
1035 1915 1138 2000 ipsius
1161 1913 1216 1979 Se·

97 2013 152 2078 dis
169 2009 379 2097 Apostolicae
400 2033 420 2074 a
434 2007 581 2076 Concilio
603 2011 813 2075 oecumenico
828 2009 877 2074 VI
889 2011 1082 2075 damnatum
1096 2012 1215 2092 fuisse3

97 2113 134 2175 in
168 2109 339 2182 Breviorio
372 2129 450 2172 vero
475 2107 637 2187 Romano,
661 2107 743 2172 festo
777 2107 809 2174 S.
833 2107 955 2173 Leonis
978 2109 1022 2192 II,
1046 2129 1150 2196 usque
1173 2109 1217 2174 ad

97 2209 234 2273 initium
258 2205 380 2270 saeculi
404 2203 523 2269 XVIII
546 2205 691 2272 adfuisse
720 2205 894 2270 lectionem
918 2204 960 2271 ab
981 2208 1061 2293 ipsis
1084 2206 1217 2272 Pontifi-

98 2305 197 2372 cibus
220 2305 398 2369 admissam
422 2313 455 2367 et
477 2304 667 2386 recitatam,
691 2326 758 2390 qua
781 2303 948 2369 Honorius
970 2305 1062 2391 Papa
1085 2315 1218 2392 propter

97 2403 264 2468 haeresim
284 2401 459 2466 damnatus
477 2397 723 2487 perhibebatur.
739 2439 782 2450 -
798 2401 896 2483 Quod
919 2403 961 2468 ad
982 2402 1125 2469 Concilio
1147 2404 1217 2468 atti·

95 2511 175 2584 net,
205 2509 388 2586 provocant
419 2499 462 2562 ad
487 2497 636 2564 Concilio
667 2502 879 2564 oecumenica
901 2499 969 2565 VII
1000 2511 1033 2566 et
1055 2501 1157 2584 VIII,
1182 2503 1217 2566 in

97 2597 222 2685 quibus
246 2596 413 2661 damnatio
439 2619 459 2660 a
484 2594 632 2662 Concilio
666 2595 714 2661 VI
738 2599 773 2661 in
798 2597 1036 2664 Monotheletas
1059 2607 1158 2685 atque
1182 2599 1216 2662 in

96 2697 287 2760 Honorinm
310 2695 537 2780 pronuntiata,
563 2693 755 2759 confirmata
778 2695 850 2760 fuit.

191 2793 244 2857 82.
268 2791 370 2856 Haud
402 2793 543 2857 arduum
574 2803 623 2856 est
645 2791 705 2856 has
735 2791 938 2878 objectiones
962 2791 1150 2859 dissolvere.
1175 2829 1218 2842 ·-

97 2891 365 2956 Commemoratur
389 2889 465 2955 fidei
490 2891 630 2954 formula
652 2892 856 2976 praescripta
878 2891 942 2954 fuit
964 2889 1159 2976 aGregorio
1174 2891 1219 2973 II,

97 2991 157 3077 qui
182 2987 415 3053 Pontificatum
439 2989 541 3072 gessit
564 2986 607 3052 ab
631 3011 717 3053 anno
744 2989 806 3052 7Ῑὸ
830 2987 873 3052 ad
897 3009 1021 3052 annum
1046 2991 1120 3055 731.
1153 2989 1219 3054 Ha-

96 3087 322 3174 beturantem
338 3085 420 3150 haec
434 3087 593 3171 professio
617 3085 695 3150 fidei
719 3087 753 3150 in
767 3085 868 3150 Libro
893 3085 1011 3151 diurno
1025 3087 1094 3153 BR.
1109 3087 1218 3152 Ponti·

97 3185 202 3249 ficum
213 3192 246 3246 et
255 3183 345 3248 hisce
356 3185 542 3247 continetur
554 3183 610 3247 illa
623 3183 806 3247 damnatio:
827 3183 978 3250 ductores
986 3207 1057 3248 uero
1066 3187 1142 3249 aovi
1150 3187 1219 3250 boe·

71 3281 192 3347 ·rett'cs'
209 3279 364 3368 deputatis
377 3280 532 3368 Serpiam,
550 3282 718 3368 Pyrrhum,
739 3281 873 3346 Paolum
886 3293 917 3345 ct
931 3283 1058 3347 Petrum
1076 3283 1219 3349 Ostanes

177 3547 197 3613 ¹)
214 3545 433 3616 Bergomates,
457 3547 492 3604 Κ.
521 3547 553 3602 G.
576 3547 608 3603 B.
634 3546 657 3604 1.
684 3562 708 3616 p.
727 3547 788 3602 369.
808 3545 863 3601 Otr.
888 3546 971 3602 etiam
989 3547 1020 3603 B.
1038 3547 1092 3604 ΙΙΙ.
1111 3565 1128 3618 p
1157 3549 1220 3608 teu.

100 3657 135 3668 -
155 3625 309 3680 Orientales
329 3633 448 3696 tempore
473 3627 624 3682 schismatis
650 3627 777 3681 Aeaciani
796 3627 887 3682 varias
905 3627 1073 3684 adducebant
1091 3629 1219 3694 rationes,

96 3721 149 3761 our
166 3720 263 3762 nomeu
282 3706 373 3762 Aeacii
392 3723 425 3761 ex
444 3705 578 3775 dyptichis
596 3707 706 3761 eradere
733 3723 786 3761 non
804 3706 968 3762 conveniret.
1005 3707 1083 3762 Inter
1100 3708 1158 3763 alia
1176 3709 1221 3762 sd·

97 3785 263 3851 vertebant,
283 3786 411 3841 Acacium
429 3787 500 3840 hand
519 3792 614 3840 contra
631 3786 710 3841 fidem
728 3786 919 3852 insurrexisse,
942 3787 984 3842 uti
1002 3787 1151 3855 Eutyches,
1171 3803 1220 3844 nec

96 3881 182 3921 semu
199 3866 307 3934 proprio
325 3879 384 3920 esse
401 3865 575 3923 haereticum.
611 3867 654 3920 Ad
681 3881 813 3922 summum
831 3881 892 3922 enm
916 3881 992 3935 posse
1011 3867 1170 3934 reprehendi
1189 3869 1221 3922 ob

97 3946 370 4002 communicationem
381 3946 545 4002 initamoum
555 3947 636 4002 Petro
647 3947 911 4016 liongo,sedhaoiu
929 3963 1027 4004 meum
1046 3949 1169 4004 excusari
1187 3949 1221 4006 ob

97 4026 269 4094 suppositam
282 4026 358 4082 Petri
367 4027 581 4082 emendationem
600 4033 629 4082 et
649 4028 682 4084 ob
700 4028 899 4085 necessitatem
917 4028 1062 4084 Pontifices
1073 4043 1136 4084 rem
1148 4029 1222 4090 iuter

97 4105 158 4160 alia
175 4104 204 4160 iu
223 4121 254 4160 eo
273 4105 443 4172 insistebant,
463 4107 532 4174 quod
551 4107 725 4162 conniventia
739 4107 833 4162 Aeacii
862 4124 935 4163 error
953 4110 1068 4164 maxime
1086 4115 1223 4176 promotus

97 4190 182 4242 esset.
218 4185 281 4240 Jam
300 4186 444 4241 citavimus
462 4187 560 4242 Felicis
579 4187 623 4241 III
640 4186 815 4256 principIum:
837 4187 935 4255 „Error
953 4187 996 4241 cui
1015 4203 1067 4242 nou
1086 4187 1224 4242 resistitur

99 4263 278 4333 approbatur,
298 4271 326 4320 et
343 4265 447 4320 veritas
466 4283 525 4321 cum
544 4267 652 4323 minIme
671 4267 828 4323 defensatur
845 4267 1030 4336 opprimimur!¹

1061 4357 1111 4410 29*
