2810 4846
475 475 587 531 Ooncilii
605 475 757 531 celebratio.
1120 483 1173 535 243

71 627 143 687 torte
165 631 234 687 arte
257 621 401 708 quadam
424 619 558 705 politica
588 619 689 683 veluti
721 619 884 702 ignorans,
909 621 1014 704 ipsam
1038 643 1171 706 praeve-

71 722 120 784 nit
165 717 369 784 coelestinus
392 739 470 781 vero
487 718 625 802 sapienti
648 716 870 780 moderatione
894 737 971 780 usus
994 729 1052 800 est,
1076 721 1175 784 simu}

71 819 214 882 tamenin
225 815 506 896 instructionibus,
522 835 603 900 quas
618 813 732 898 legatis
748 813 848 894 dedit,
862 815 1059 898 providitne
1069 816 1173 882 laede-

70 925 148 978 retur
168 915 346 978 auctoritas
378 912 473 978 Sedis
496 910 716 997 Apostolicae.
748 949 791 958 -
814 911 928 997 Neque
953 935 995 976 ex
1018 915 1172 980 omnibus

70 1011 111 1074 bis
140 1011 288 1090 infertur,
312 1009 482 1075 Pontificis
512 1010 707 1074 sententiam
729 1030 796 1072 non
825 1030 894 1073 esse
918 1011 952 1074 in
981 1033 1015 1074 se
1039 1014 1173 1077 omnino

69 1107 275 1189 definitivam,
310 1128 482 1192 supremae
504 1107 717 1186 auctoritatis,
742 1115 775 1170 et
797 1106 1066 1190 irrefragabilem.
1114 1109 1172 1174 Ce-

67 1205 194 1269 lebratio
220 1205 340 1289 synodi
365 1205 499 1290 ejusque
523 1205 685 1268 sententia
707 1202 797 1268 haud
819 1202 946 1289 aliquid
968 1206 1099 1272 addidit
1119 1233 1173 1274 oa-

67 1301 122 1365 lon'
142 1304 327 1368 sententiae
350 1299 531 1382 Pontificio,
563 1322 603 1365 ae
635 1302 662 1365 si
685 1299 783 1385 plena
805 1303 982 1366 auctoritas
1004 1325 1119 1389 perse
1143 1307 1172 1368 oi

67 1399 192 1466 deesset.
241 1399 306 1464 Sed
341 1400 465 1463 nemini
499 1398 636 1463 dubium
671 1407 728 1478 est,
762 1400 908 1462 omnium
944 1401 1170 1486 episcoporum

68 1497 303 1562 multitudinem
326 1495 388 1560 sub
398 1497 545 1560 Romano
561 1493 721 1560 Pontifice
736 1495 848 1579 ejusve
870 1495 986 1581 legatis
1009 1499 1044 1562 in
1068 1521 1170 1564 unum

66 1593 164 1657 locum
195 1604 446 1678 congregatam,
471 1603 502 1656 et
532 1594 702 1656 commin
730 1615 830 1656 unam
854 1591 953 1658 fidem
976 1617 1171 1660 consensum

66 1713 165 1755 coram
191 1692 346 1755 universa
369 1689 520 1754 Ecclesia
551 1689 767 1775 propalatum,
791 1692 901 1774 magni
925 1691 1079 1777 ponderis
1102 1715 1171 1758 esse

65 1789 99 1852 ed
130 1788 374 1853 confirmandos
404 1787 583 1851 titubantes
615 1797 647 1850 et
679 1787 792 1851 devios
823 1789 1025 1854 revocandos
1049 1790 1101 1854 vel
1124 1815 1172 1856 re-

66 1887 256 1971 primendos.
301 1886 353 1949 Ita
381 1884 542 1950 celebrato
575 1887 785 1948 oecumenico
811 1883 957 1950 Concilio
988 1891 1171 1954 sententiae

65 1983 226 2048 Pontificis
257 1981 384 2068 aliquid
418 1981 575 2048 accedere
597 1992 703 2068 potest
732 1983 842 2068 quoad
865 1993 1035 2049 externam
1059 1986 1170 2051 solem·

67 2083 206 2163 nitatem,
231 2081 339 2166 quoad
364 2081 491 2144 animos
514 2080 630 2146 fortius
660 2081 924 2162 commovendos,
949 2083 1057 2168 quoad
1080 2085 1169 2167 vigo-

65 2201 123 2242 rem
146 2179 355 2243 executionis
378 2179 412 2240 in
436 2177 616 2242 haereticos
639 2177 828 2242 obstinatos.

143 2277 198 2340 70.
222 2275 298 2341 Jom
332 2275 373 2338 de
405 2273 610 2338 celebratione
649 2273 789 2339 Concilii
825 2275 984 2361 Ephesini
1021 2299 1168 2362 agamus.
1184 2308 1276 2348 rann
1295 2311 1337 2349 rn-

66 2373 136 2438 Dies
158 2374 370 2438 Pentecostes
392 2395 450 2436 seu
474 2374 631 2458 septimus
653 2373 747 2437 Junii
771 2373 849 2437 anni
873 2373 935 2437 431
961 2375 1003 2439 ab
1028 2375 1169 2461 Impera·
1199 2369 1310 2410 “mm

63 2471 182 2536 toribus
215 2471 399 2536 Theodosio
432 2490 472 2533 ac
503 2469 678 2534 Pulcheria
709 2479 848 2534 statutus
880 2481 950 2536 erat
976 2495 1034 2558 pro
1059 2473 1169 2538 incho-
1274 2485 1291 2514 ⁸

1 2553 2 2566 ¹
62 2569 316 2653 ationeSynodi,
341 2579 438 2654 etque
463 2589 500 2631 eo
524 2579 669 2653 tempore
687 2569 759 2653 jam
783 2568 876 2632 multi
906 2571 1060 2656 episcopi,
1086 2573 1171 2635 inter

1 2719 2 2726 ,
63 2687 134 2750 qnos
158 2667 260 2730 etiam
283 2667 452 2730 Nestorius
467 2666 601 2750 ejusque
615 2664 766 2746 asseclae,
790 2665 915 2751 Ephesi
939 2667 1085 2732 aderant.
1109 2668 1169 2732 Di·

1 2757 2 2832 }
63 2761 155 2828 latum
181 2773 293 2828 tamen
318 2773 367 2826 est
390 2761 529 2827 Concilii
554 2764 693 2844 initium,
719 2783 756 2826 eo
780 2763 869 2850 quod
886 2764 1032 2828 Joannes
1055 2765 1169 2829 Antio-

1 2899 2 2938 ,
63 2859 181 2926 chenus
205 2883 279 2925 cum
313 2862 380 2924 suis
412 2861 575 2945 episcopis
606 2860 753 2924 nondum
786 2861 976 2926 advenerat.
1021 2863 1170 2927 Joannes

63 2957 230 3044 pluresque
255 2958 311 3024 alii
335 2958 449 3042 Syriae
473 2967 505 3020 et
520 2957 664 3022 Orientis
691 2957 862 3022 Praesules
884 2957 1042 3022 favebant
1057 2961 1169 3024 Nesto·

62 3057 112 3136 rio,
144 3057 310 3120 haeresim
343 3056 412 3141 ejus
444 3053 591 3118 nondum
614 3055 866 3139 perspiciebant,
895 3067 927 3119 et
951 3057 1070 3142 injuste
1093 3077 1170 3122 eum

1 3130 2 3158 ¹
60 3153 223 3238 aOyrillo
248 3153 405 3237 exagitari
437 3151 632 3234 censebant,
668 3149 827 3236 Oyrillum
851 3162 960 3216 autem
983 3155 1092 3238 potius
1119 3178 1169 3220 su-

60 3261 205 3334 spectum
228 3249 397 3313 habebant
419 3249 460 3313 de
474 3248 674 3334 Apollinaris
690 3249 864 3314 erroribus.
888 3251 998 3335 Atque
1020 3253 1054 3315 in
1078 3251 1172 3316 hunc

61 3369 186 3412 sensum
211 3348 320 3433 plures
347 3347 584 3432 propositiones
613 3346 960 3412 anathematismorum
994 3348 1026 3414 S.
1052 3348 1167 3432 Cyrilli

61 3445 363 3532 interpretabantur,
377 3445 553 3529 praecipue
577 3445 664 3529 quod
680 3441 793 3507 ἕνωσιν
815 3443 950 3532 φυσικὴν
972 3455 1169 3511 naturarum

61 3543 89 3604 in
112 3539 245 3606 Christo
268 3550 434 3623 assereret,
458 3551 490 3604 et
512 3536 588 3622 μίαν
611 3539 708 3628 φύσιν
730 3545 786 3604 τοῦ
812 3543 894 3606 Θεοῦ
917 3541 1030 3624 Λόγοι·
1053 3562 1168 3628 σεσαρ-

60 3637 204 3726 nops'mp,
228 3663 322 3703 unam
343 3650 492 3703 caturam
512 3639 604 3703 Verbi
618 3641 682 3704 Dei
695 3643 895 3704 inremotam
918 3641 1051 3704 diceret.
1076 3641 1169 3706 Hinc

0 3740 1 3817 ]
59 3733 201 3800 Joannes
223 3735 459 3818 Antiochenus,
483 3736 634 3801 Andreas
657 3737 901 3820 samosatenus,
926 3747 959 3802 et
981 3737 1168 3803 Theodore-

0 3838 1 3853 ’
59 3843 105 3896 tus
128 3833 294 3918 Cyrensis,
318 3835 372 3898 vir
393 3834 482 3898 fama
496 3833 642 3916 celebris,
662 3836 733 3921 jam
757 3834 901 3920 epistolis
924 3834 1038 3900 aliisve
1062 3838 1169 3921 serip-

60 3931 95 3993 tis
133 3930 252 4016 Oyrilli
281 3931 578 4020 ‘anathematismos
618 3943 899 4018 oppugnaverant.
939 3971 982 3980 —-
1017 3933 1169 3998 Joannes

60 4027 153 4112 igitur
186 4051 261 4092 cum
293 4031 360 4093 suis
394 4031 564 4115 episcopis,
597 4032 667 4094 sive
700 4031 788 4116 quod
810 4032 965 4095 Nestorio
989 4031 1105 4095 favens
1128 4031 1168 4095 de

61 4125 216 4191 industria
239 4148 345 4191 moras
368 4125 521 4208 traheret,
546 4137 582 4190 ut
604 4127 720 4192 dicunt
734 4129 847 4194 Patres
862 4128 1021 4214 Ephesini
1046 4130 1081 4192 in
1103 4151 1169 4193 sua

60 4225 190 4307 epistola
212 4224 256 4288 ad
288 4223 508 4290 Coelestinum
532 4225 741 4304 Pontificem,
775 4227 845 4290 sire
876 4225 964 4312 quod
987 4226 1162 4312 episcopos

1014 4329 1063 4385 16*
