2766 4836
240 487 275 540 38
472 485 510 540 De
530 483 675 539 Arianisrui
694 481 760 537 istis
780 499 811 537 ae
831 483 864 537 de
882 483 959 550 lapsu
978 481 1086 536 Liberii.

244 627 449 715 Gemiaiw).
497 629 652 714 Sequitur
675 628 831 713 professio
856 627 897 690 de
920 627 992 690 Deo
1016 625 1150 712 ejusque
1172 623 1326 690 FilioJesu
1367 637 1368 692 ζ

241 726 390 807 Christo3
428 725 504 790 dein
537 747 616 788 vero
640 725 806 789 haeretica
828 724 961 789 fraude:
997 721 1089 797 Quod
1110 747 1180 788 aero
1202 721 1328 810 aradam
1367 723 1368 730 ’

241 836 296 890 aut
319 823 431 888 multos
453 823 593 888 monebat
617 823 654 886 de
679 823 959 908 mortuaeaquae
981 843 1090 908 yraeoe
1114 814 1221 884 odoia
1242 815 1328 904 appel·

241 923 335 1000 latta,
359 921 395 985 id
417 933 464 985 ost
486 921 537 1006 (at
559 923 738 1006 expressius
751 918 963 1007 intelliqatur)
990 916 1171 1002 inaniores,
1195 929 1246 982 aut
1266 913 1330 1002 qrtod

240 1021 357 1085 dicitur
380 1015 579 1100 dirutoriorov,
602 1019 724 1083 nullam
747 1021 871 1083 omniao
885 1019 964 1103 fiori
994 1029 1135 1104 oportere
1162 1017 1330 1086 manaem,

240 1141 295 1181 nec
317 1139 498 1203 quemquam
516 1119 716 1204 praedicare,
741 1141 779 1180 aa
805 1117 843 1180 de
867 1137 964 1180 causa
986 1127 1017 1179 et
1038 1117 1172 1192 ratione,
1196 1112 1271 1199 qisod
1290 1133 1329 1172 aa

240 1218 275 1280 in
297 1217 416 1280 divinia
439 1213 614 1302 Smptarir
629 1216 838 1293 contineatur,
853 1225 883 1278 et
897 1213 981 1300 qaod
995 1235 1090 1298 saper·
1104 1213 1235 1276 bomirds
1255 1210 1328 1273 seira·

241 1314 318 1376 dam
341 1314 392 1390 sit,
415 1335 471 1376 noo
494 1314 656 1398 qaisquam
674 1313 778 1398 possit
807 1313 1007 1376 nativitatem
1030 1310 1109 1376 Filii
1132 1334 1285 1379 enarrare,
1303 1305 1331 1368 ds

240 1433 299 1496 quo
323 1411 472 1495 scriptum
495 1421 555 1474 ast:
584 1408 826 1474 Gener-ationem
838 1413 905 1499 ejas
928 1410 998 1495 qais
1012 1409 1185 1473 manabit.
1203 1459 1209 1474 .
1226 1457 1233 1471 .
1251 1403 1333 1470 Nulla

241 1507 429 1593 ambiqaitas
452 1517 506 1590 art,
530 1512 679 1597 majorem
708 1531 773 1572 erae
797 1508 931 1571 Patrem.
982 1506 1077 1570 Nulli
1102 1517 1207 1592 potest
1228 1503 1334 1568 dubium

241 1627 315 1683 eaeo,
340 1605 465 1668 Patrem
497 1607 620 1684 honora
654 1606 823 1692 diffiteare,
847 1604 1004 1683 claritate,
1035 1608 1211 1693 ntajestate,
1234 1613 1261 1665 et
1279 1602 1334 1684 ipro

241 1703 364 1766 nomiae
396 1703 504 1767 Patria
533 1707 683 1794 majorem
716 1727 780 1768 asae
804 1702 898 1784 litto,
931 1705 1000 1789 ipso
1025 1713 1179 1766 testante:
1226 1697 1283 1772 Qui
1300 1717 1335 1758 nt
1368 1761 1369 1776 ¹

241 1802 326 1864 misit
348 1805 450 1890 major
473 1811 527 1864 eat.
607 1827 615 1844 ·
1368 1885 1369 1892 ἵ

329 1897 383 1964 55.
406 1897 514 1964 Valde
546 1898 716 1986 probabile
748 1898 844 1962 nobis
876 1897 1017 1980 videtur,
1050 1897 1228 1962 formulam
1250 1917 1267 1960 a
1288 1892 1337 1954 Vt·
1368 1893 1369 1926 ³

240 1996 327 2060 lente
351 2005 383 2060 et
406 1996 542 2061 Ursaeio
567 2019 606 2060 aa
628 1997 788 2078 Potamio,
812 1995 895 2060 sorte
919 2017 995 2060 eum
1019 1996 1134 2081 paucis
1159 1991 1336 2082 quibusdam

241 2094 314 2158 aliis
346 2095 596 2178 concinnatam,
629 2096 778 2160 Potamio
812 2094 889 2159 dein
921 2103 958 2158 ut
995 2095 1121 2158 auctori
1155 2092 1338 2176 inscriptam.

241 2191 283 2256 ab
308 2213 411 2278 eoque
433 2191 624 2278 adoptatam
658 2203 690 2257 et
713 2201 927 2279 propagatam
960 2192 1071 2256 fuisse.
1117 2191 1153 2257 si
1180 2191 1294 2254 Hosius
1314 2187 1338 2247 in

242 2290 472 2355 concinnanda
494 2291 636 2356 formula
658 2301 785 2376 partem
816 2289 998 2372 habuisset,
1022 2311 1088 2354 non
1112 2287 1340 2372 intelligeretur.

241 2388 404 2474 quomodo
428 2390 497 2475 ipsa
520 2397 631 2454 anae
654 2389 859 2454 auctoritatis
883 2389 935 2452 vir
966 2387 1057 2451 haud
1080 2388 1276 2452 nominetur.
1315 2379 1340 2442 S·

240 2485 390 2551 Hilarius
436 2487 570 2574 quidem
620 2489 719 2552 etiam
769 2487 818 2550 De
866 2483 1002 2573 Synodis
1042 2507 1075 2550 n.
1124 2485 1156 2549 3.
1218 2481 1342 2569 loquitur

242 2583 283 2647 de
320 2585 379 2667 iis,
416 2586 471 2671 qui
508 2595 579 2650 arao
616 2585 704 2672 apud
738 2583 887 2649 Sirmium
923 2585 959 2648 in
999 2584 1188 2648 sententiam
1227 2577 1343 2645 Potarrii
1369 2615 1370 2650 r

242 2693 272 2745 at
308 2682 403 2746 Hoaii
436 2685 485 2747 ita
521 2693 551 2748 at
592 2685 658 2770 ipsi
693 2685 860 2747 sentientes
896 2682 1173 2768 confitendamque
1211 2697 1342 2744 conasse·
1369 2669 1370 2696 ¹

241 2778 356 2866 senff),
381 2780 439 2844 sed
472 2781 541 2866 ipse
573 2803 604 2845 a.
637 2779 701 2845 357
735 2779 812 2844 exul
837 2781 871 2844 in
900 2778 983 2843 Asia
1015 2779 1176 2864 degebat,
1210 2799 1250 2842 ac.
1277 2774 1343 2836 torta

241 2965 390 3020 Photidem
406 2968 493 3021 ooaeti
511 2967 594 3022 alm
611 2967 676 3032 fidei
693 2967 838 3034 famulam
856 2965 1030 3020 addiderunt.
1062 2965 1121 3032 Qua
1138 2961 1258 3018 farinula
1274 2958 1345 3014 sitm

241 3044 347 3100 scribit:
376 3045 430 3099 His
457 3047 579 3102 oamibas
604 3045 720 3113 rejectis,
745 3046 826 3116 quasi
847 3045 1055 3114 praestantiora
1073 3045 1278 3113 maritarat,
1294 3037 1344 3104 td*

242 3125 395 3179 doctrinam
410 3127 607 3196 tandemque
625 3129 761 3191 statuuat,
789 3129 814 3177 ct
839 3124 903 3178 boec
923 3123 1018 3179 Sirmii
1036 3125 1121 3178 latine
1138 3123 1273 3176 roduam.
1291 3130 1346 3184 qus!

241 3219 334 3272 aracos
357 3206 495 3258 translato
518 3211 590 3259 arat.
634 3203 704 3259 Dein
731 3203 816 3259 refert
840 3204 984 3258 secundam
1010 3203 1151 3258 formulam
1178 3199 1344 3256 sirmiensem:

242 3299 294 3350 quo
312 3281 385 3338 laeto
403 3283 574 3354 prosequitur
593 3283 703 3352 laquem
734 3285 766 3339 de
785 3283 901 3339 formula
918 3284 1014 3338 tertia:
1052 3283 1127 3337 Hoc
1149 3297 1212 3336 suar
1240 3273 1346 3344 scripsi

241 3365 537 3430 scitamentorum
548 3371 651 3420 mutato
665 3383 722 3419 ram
732 3365 995 3433 edidereformatom,
1005 3379 1085 3432 quom
1103 3379 1129 3416 s*
1148 3379 1212 3417 eum
1219 3356 1345 3414 malas

241 3443 356 3500 adua
369 3449 466 3512 posteo
483 3445 617 3500 nataae.
654 3445 722 3500 Fere
740 3445 848 3512 dixeris,
867 3447 923 3500 tres
942 3443 1070 3500 formulae
1088 3443 1174 3498 etiam
1193 3435 1344 3494 abdtbsut·

242 3523 282 3578 sio
299 3523 346 3578 uni
365 3525 465 3592 synodo
479 3525 618 3582 Sirmiensi
636 3525 765 3595 adscribi;
788 3526 886 3580 saltem
904 3541 958 3580 non
982 3524 1082 3580 diserte
1099 3521 1252 3590 distinguit
1267 3529 1347 3570 secu·

243 3603 304 3657 dam
332 3604 477 3660 tertiarum
506 3605 643 3673 synodum.
690 3607 732 3660 Ex
755 3622 807 3673 quo
831 3604 967 3676 probabile
994 3604 1132 3674 alligitur
1160 3605 1345 3672 argumentum·

242 3683 383 3774 secundam
410 3683 552 3740 termulam
573 3685 646 3741 haud
664 3687 693 3743 in
710 3703 816 3758 vinriguo
840 3685 929 3754 aliquo
947 3685 1058 3742 coneilio
1076 3685 1168 3740 Sirmii
1187 3682 1281 3738 babitu
1297 3691 1347 3732 cou-

317 3844 337 3916 ¹)
354 3845 405 3913 Ap.
424 3845 523 3902 Athen.
543 3846 560 3904 l.
580 3863 602 3903 e.
622 3847 731 3902 additur
748 3851 773 3899 et
791 3846 892 3902 aiau.

315 3925 334 3984 ‘r
353 3925 445 3979 Etiam
464 3927 507 3980 De
525 3927 644 3996 synodis
673 3943 699 3983 n.
721 3926 756 3980 63
774 3923 882 3981 scribit:
921 3925 1156 3996 „dpudssirmium
1186 3941 1237 3996 per
1267 3926 1347 3978 imma

242 4019 340 4058 morem
367 4009 505 4072 gestorum
531 4021 641 4061 snorum
658 4006 842 4072 dearumque
860 4005 972 4062 Hosirun
994 4021 1080 4061 norae
1102 4013 1131 4062 et
1150 4013 1243 4060 minen
1260 4015 1345 4070 euripo

242 4089 318 4138 ratae
333 4084 391 4152 jam
409 4084 456 4139 diu
474 4084 624 4154 impietatis
642 4085 765 4140 doetdna
786 4091 953 4156 proruperat.
972 4086 1024 4141 Sed
1041 4088 1074 4142 de
1091 4103 1122 4141 eo
1140 4086 1178 4141 nil
1198 4086 1290 4153 loquor
1307 4079 1344 4146 qui

243 4163 339 4217 ideireo
358 4169 401 4218 est
419 4171 579 4234 reservatus,
600 4181 634 4220 ne
658 4163 759 4234 jndicio
787 4165 904 4220 bumsrm
929 4166 1109 4235 ignoraretur,
1127 4167 1216 4234 qualis
1233 4169 1295 4219 ants
1312 4159 1345 4212 vi·

241 4242 352 4298 xissst.“
