2806 4848
278 473 330 528 116
448 473 488 527 De
507 473 652 528 Arianiemi
671 472 848 529 decrementis
866 489 898 526 ec
915 473 949 528 de
967 473 1045 528 Oeno.
1064 472 1174 528 CPteno
1195 481 1213 529 1.

279 615 378 701 idque
414 614 557 702 theologi
586 625 753 700 praestant
785 618 818 680 in
847 617 1003 680 Tractatu
1037 615 1078 680 de
1108 616 1188 686 Sus
1217 617 1357 680 Trinitate

278 711 344 778 Sed
368 733 452 797 quae
483 711 667 777 Concilium
699 713 869 778 OPtanum
902 713 964 778 hac
997 716 1030 779 in
1059 735 1094 778 re
1117 714 1198 778 fecit
1221 713 1358 799 aliquanto

278 813 463 875 accuratius
495 833 660 896 exponere
690 813 855 892 convenit,
891 823 927 876 ut
949 834 1034 900 quac
1056 822 1149 895 gesta
1172 822 1249 877 sunt
1269 810 1358 876 intelli-

278 919 398 992 gantur
420 919 452 973 et
475 908 751 994 sycophantarum
775 911 922 994 argutiae
946 909 1027 974 dilui
1051 913 1187 995 possint.

366 1007 420 1072 41.
444 1007 483 1072 In
498 1006 647 1070 doctrina
661 1008 761 1090 igitur
775 1006 1150 1072 Pneumatomucborum
1167 1007 1261 1094 plura
1276 1007 1360 1092 capita

280 1107 393 1170 merito
418 1105 575 1188 distingui
599 1115 744 1190 possunt.
775 1105 941 1189 Imprimis
964 1105 1219 1188 contendebant,
1237 1105 1376 1192 Spicum

281 1203 428 1268 Sanctum
460 1225 523 1266 non
555 1227 618 1266 esee
642 1201 754 1281 Deum,
787 1202 904 1266 etheo
936 1205 971 1268 iu
994 1225 1028 1267 re
1053 1203 1149 1289 plane
1174 1225 1250 1268 oum
1272 1200 1360 1284 rigidis

282 1301 413 1366 Arianis
437 1300 693 1381 conveniebant3
728 1302 789 1386 ipsi
822 1302 910 1364 enirn
942 1303 1064 1386 apertis
1086 1300 1199 1365 verbis
1224 1299 1360 1366 dicebant

280 1400 416 1486 Inpenitt'
447 1409 623 1464 creaturum
655 1399 791 1478 Filium,
830 1398 991 1485 Unigeniti
1025 1411 1203 1464 creaturum
1237 1399 1362 1486 Βρίνίιιιηι

282 1495 469 1580 Sanctum).
494 1534 537 1542 -
561 1496 789 1560 Macedoniani
807 1505 918 1560 autem
950 1498 989 1560 2⁰
1008 1507 1181 1582 propterea
1202 1495 1377 1590 statuebant,

281 1592 438 1679 Spiritum
468 1591 625 1658 Sanctum
658 1615 725 1658 non
755 1617 824 1658 cese
848 1597 968 1677 Deum,
1002 1596 1081 1680 quia
1103 1597 1170 1681 ipse
1193 1619 1258 1660 noa
1279 1607 1317 1658 est
1335 1593 1377 1654 eri

282 1695 375 1758 Putre
399 1695 496 1756 sicuti
520 1692 633 1756 Filius.
680 1691 730 1756 Ita
749 1693 820 1776 jam
844 1702 920 1758 ante
935 1692 1192 1758 Macedonianos
1216 1695 1365 1780 scripserat

282 1790 444 1856 Eusebius
468 1789 695 1854 Caesareensis
719 1793 771 1854 vir
794 1789 915 1855 dubiae
938 1790 1035 1855 fidei:
1060 1787 1154 1854 Solus
1176 1792 1295 1876 qnidam
1314 1793 1364 1876 ips

280 1913 361 1954 unus
384 1891 470 1954 Dens
494 1899 523 1952 et
546 1889 642 1952 Pater
663 1888 795 1951 Domini
819 1889 933 1952 Nostri
949 1887 1030 1954 Jcsu
1055 1886 1173 1954 Christi
1194 1890 1260 1953 dici
1279 1899 1364 1974 panau

281 1988 383 2052 Filius
406 2009 476 2050 vero
499 1988 678 2072 unigenitam
699 1987 796 2066 Dens,
830 1989 884 2072 qui
906 1997 952 2050 est
973 1988 1011 2052 in
1031 1988 1102 2052 sinu
1125 1987 1242 2052 Patris.
1287 1988 1364 2050 Paro·

281 2086 376 2150 cletus
399 2095 502 2149 antem
525 2083 665 2170 Spiritus
686 2109 782 2170 neque
799 2085 886 2148 Dens
908 2107 1004 2169 neque
1019 2083 1134 2162 Filias,
1158 2087 1299 2170 quonium
1319 2083 1378 2146 noni

282 2206 377 2268 neque
400 2207 437 2246 ac
461 2181 564 2246 Filius
587 2205 626 2244 ecc
641 2183 735 2246 Patre
757 2184 892 2268 genesim
914 2184 1044 2268 accepit,
1068 2183 1123 2246 sed
1144 2193 1191 2247 cst
1212 2205 1302 2248 msam
1322 2178 1363 2242 oti·

282 2281 363 2366 qrcod
387 2303 490 2344 eorunm
513 2303 591 2364 qnae
610 2303 671 2365 per
685 2279 804 2342 Filium
817 2279 917 2364 facto
938 2289 1019 2358 sunt,
1043 2283 1190 2364 quoniam
1213 2281 1311 2345 omnin
1322 2301 1364 2363 per

282 2379 383 2462 ipsum
407 2377 502 2463 facta
535 2390 607 2442 snat
630 2389 658 2441 et
689 2378 756 2442 sinc
779 2378 848 2462 ipso
864 2376 991 2462 facturn
1013 2389 1058 2442 est
1080 2378 1199 2464 attint
1225 2418 1266 2428 —
1285 2379 1379 2471 Porro,

282 2477 321 2538 3⁰
347 2474 506 2560 Spiritum
530 2475 688 2539 Sanctum
712 2497 754 2538 ex
775 2473 860 2538 Filio
885 2474 937 2539 vel
962 2496 1021 2559 per
1043 2474 1165 2542 Filium
1189 2499 1266 2558 esse,
1280 2477 1379 2540 Mace-1

283 2574 417 2638 doniaui
442 2573 654 2637 assurmebant
686 2595 728 2636 ex
751 2571 928 2657 Scripturis
956 2581 992 2636 ut
1023 2571 1157 2654 clarum,
1189 2575 1246 2638 sed
1267 2573 1320 2638 hoc
1340 2582 1365 2630 ut

283 2681 476 2756 congrueret
492 2693 570 2735 suae
589 2670 714 2734 haeresi
739 2670 949 2754 exponebant
971 2669 1012 2733 de
1030 2674 1229 2756 processimus
1251 2671 1365 2758 Spiritu

285 2769 395 2834 Sancti
417 2794 438 2834 α
461 2769 546 2832 titio
567 2793 626 2855 par
648 2769 844 2832 neomesiam.
891 2767 983 2832 Haec
1007 2769 1107 2852 igitur
1130 2771 1222 2834 varia
1245 2785 1363 2834 errorum

284 2871 393 2954 capitu
416 2870 515 2932 etiam
538 2867 651 2932 Patres
675 2867 856 2952 respiciunt
879 2868 913 2930 in
936 2888 995 2930 sua
1018 2866 1302 2932 Macedonianismi
1322 2884 1364 2946 op

285 2967 494 3052 pugnatione,
519 2966 671 3051 quamvis
701 2964 791 3028 haud
814 2985 856 3027 ex
888 2963 1003 3028 ordine
1027 2985 1065 3028 ea
1092 2965 1234 3030 refutare
1255 2963 1364 3028 soleant

371 3066 425 3130 42.
450 3065 630 3149 Praecipue
654 3071 803 3148 spectant
826 3063 888 3147 ipsi
904 3061 1214 3126 demonstrationem
1238 3071 1267 3126 et
1285 3079 1365 3124 aseer·

284 3166 405 3226 tionem
434 3163 613 3227 diuinitatis
636 3161 779 3246 Spiritus
802 3160 930 3240 Sancti,
960 3159 1046 3224 istud
1078 3161 1165 3224 enim
1196 3171 1243 3224 est
1269 3159 1364 3240 degum

284 3264 515 3348 praecipuum3
540 3259 636 3325 simul
651 3281 729 3322 vero
746 3260 846 3323 etiam
860 3257 1100 3343 processionem
1115 3257 1254 3343 Spiritus
1274 3251 1362 3318 Sancti

285 3383 327 3422 ex
341 3359 525 3423 substantia
535 3358 641 3421 Putris
657 3366 783 3441 turgent,
799 3359 877 3443 quia
892 3358 927 3420 in
942 3355 1068 3420 haeresi
1079 3355 1362 3420 Macedoniauomm

285 3459 414 3540 negatio
439 3455 537 3542 hujus
560 3457 775 3540 processionis
798 3477 839 3517 ex
862 3455 969 3518 Patris
992 3453 1176 3518 substantia
1197 3473 1267 3516 cum
1287 3468 1362 3529 negu-

285 3559 373 3620 tione
390 3556 520 3619 deitatis
536 3553 677 3639 Spiritus
692 3551 804 3617 Sancti
821 3550 1025 3616 cohaerebat.
1050 3549 1140 3615 Dum
1164 3571 1238 3614 vero
1260 3547 1293 3611 de
1312 3544 1362 3605 har

285 3655 491 3740 processione
513 3651 700 3738 loquuntur,
725 3649 912 3716 nullatenus
942 3657 1064 3734 negant
1086 3649 1308 3734 processionem
1327 3661 1361 3700 ex

285 3753 380 3834 Filio,
414 3753 479 3814 imo
511 3773 582 3814 eam
613 3759 650 3812 ut
679 3771 885 3814 communem
918 3748 1100 3812 doctrinam
1125 3751 1361 3831 supponentes

285 3849 348 3914 hoc
372 3851 442 3935 ipso
466 3851 588 3934 passim
612 3846 797 3928 ostendunt,
822 3847 980 3932 Spiritum
1005 3845 1104 3909 etiam
1128 3867 1170 3908 ex
1192 3845 1280 3908 Patre
1298 3859 1362 3900 esse.

286 3971 325 4011 nc
357 3946 477 4012 diserte
510 3967 639 4034 quoque
667 3953 831 4028 asserunt,
862 3943 1020 4030 Spiritum
1058 3941 1214 4006 Sanctum
1244 3960 1301 4003 esse
1327 3953 1364 3992 2²³²

360 4179 378 4244 ι)
397 4175 443 4230 Ite
461 4175 625 4230 nunominus
644 4191 686 4244 sp.
705 4174 844 4242 Basiliuur,
862 4175 893 4232 L.
913 4175 948 4232 11.
966 4191 983 4230 n
1012 4177 1053 4230 33.

359 4257 380 4330 ¹)
400 4257 438 4310 De
457 4257 547 4312 eccles.
567 4256 655 4322 theol,
675 4257 705 4310 L.
725 4256 773 4312 ΠΙ.
792 4273 813 4312 c.
833 4259 858 4312 6.
