2874 4812
246 469 299 526 tto
682 469 723 528 De
740 471 766 528 θ.
779 469 928 541 ‘cypriana

246 615 322 681 dato
354 615 537 702 preposito3
566 613 761 702 ‘Cyprianus
791 623 902 680 autem
919 609 1050 682 ‘dilecte
1080 617 1251 702 segonum
1282 614 1368 682 illud

244 715 401 778 tractavit
431 721 469 778 nt
500 714 726 799 quaestionem
748 715 929 800 practicam
961 712 1005 777 ad
1033 712 1244 800 disciplinam
1261 715 1369 801 perti-

245 820 389 876 nentem.
436 809 548 892 Qunm
572 829 679 896 penu,
703 812 752 874 uti
776 810 932 893 diximus,
956 809 1369 878 infallibilitas1R.Ponti·

246 910 319 974 ficis
347 918 385 972 nt
409 908 587 995 peculiaris
618 910 741 972 veritas
767 907 917 975 nondum
950 909 996 972 ita
1019 899 1172 973 distincte
1195 911 1369 996 proposita

246 1017 341 1091 esset,
365 1007 423 1072 sed
445 1005 705 1092 generalioribus
721 1006 895 1092 principiis
909 1007 1019 1091 potius
1034 1005 1163 1071 inclusa
1185 1015 1368 1082 teneretur,

245 1104 316 1168 fieri
339 1105 455 1191 potuit,
479 1113 517 1166 ut
532 1103 721 1190 Cyprianus
743 1103 787 1170 ad
809 1122 883 1167 eam
907 1123 973 1169 non
997 1103 1194 1187 adverteret,
1218 1105 1277 1170 vel
1301 1107 1370 1192 opi·

246 1211 389 1283 noratur,
412 1199 476 1266 hoc
499 1200 534 1266 in
557 1221 636 1266 casu
654 1217 723 1266 'aaa
738 1220 792 1265 aas
807 1201 917 1266 adesse
940 1202 1146 1282 omsdinooeo,
1163 1211 1207 1267 ³ut
1230 1205 1268 1268 in
1294 1204 1369 1268 doo-

245 1301 332 1365 trina
355 1319 432 1364 cum
448 1298 599 1364 Ecclesia
614 1299 764 1364 Romana
787 1300 964 1363 convenire
986 1302 1208 1366 necessarium
1234 1301 1368 1388 cased).

247 1398 356 1485 Atque
379 1397 536 1462 hocloco
561 1406 782 1484 opportunum
804 1407 854 1460 est
876 1417 916 1462 ea
938 1406 1062 1482 notare,
1087 1419 1172 1485 qnae
1192 1399 1369 1464 Bellarmi-

246 1517 308 1560 nus
322 1495 366 1561 ad
388 1517 457 1559 rem
481 1504 625 1560 nostram
649 1495 740 1559 dicit.
765 1495 962 1581 maleae,
986 1497 1104 1582 inquit,
1128 1497 1172 1561 ad
1187 1498 1369 1585 cuempiam

249 1593 417 1681 Cypriam,
454 1591 648 1680 Oppi-ianam
678 1593 804 1680 palaea
838 1615 903 1658 nco
926 1593 1033 1681 filista
1064 1596 1270 1674 luentem,
1307 1605 1369 1660 tum

245 1694 321 1779 qula
352 1715 408 1756 osec
438 1692 530 1756 modo
562 1689 722 1779 (tempore
754 1689 961 1779 Bellarmini)
1000 1702 1165 1757 comestas·
1195 1693 1369 1781 mansan

245 1792 403 1870 melici,
427 1791 481 1877 qui
503 1787 613 1854 dimmt
644 1789 823 1874 Pontificem
847 1811 944 1876 posse
968 1813 1084 1870 enare,
1110 1801 1173 1854 trau
1196 1793 1278 1876 pain
1303 1794 1369 1856 sim

246 1889 351 1968 dabie,
375 1887 553 1974 Stephanus
576 1887 668 1972 Papa
690 1911 754 1951 noa
777 1885 919 1970 deficio&
941 1897 1091 1974 lanqueum
1112 1887 1152 1952 de
1165 1887 1235 1970 fide
1261 1889 1369 1952 laee-

247 1985 323 2050 liooo
355 2009 419 2049 aaa
449 1985 708 2070 rebaptizandos,
742 1983 815 2049 licet
830 1986 966 2074 jessem
996 2005 1060 2050 noc
1090 1985 1308 2072 relapsam,
1336 1996 1371 2049 nl

240 2093 334 2169 patet
366 2105 406 2146 ee·
437 2105 482 2164 eo,
506 2082 589 2167 quod
611 2105 676 2146 aaa
698 2084 977 2147 manicavit
1001 2077 1195 2170 Cypriacam
1227 2093 1263 2147 et
1287 2084 1370 2148 alios

245 2181 437 2244 contrarium
459 2180 647 2261 tendentem·
677 2182 759 2245 aaut
780 2181 876 2244 etiam
899 2202 915 2244 e
937 2182 1096 2244 matrone
1125 2177 1313 2268 Cypriacam
1337 2183 1370 2245 in
1429 2185 1430 2188 ’

245 2277 375 2344 amaillo
408 2278 566 2364 octupinta
599 2279 814 2364 episcoporum
844 2277 987 2364 definivit
1017 2279 1189 2343 melicos
1224 2280 1368 2368 rebapti·
1429 2321 1430 2360 3

243 2375 372 2454 amedee,
406 2383 510 2438 tantm
540 2374 643 2440 noluit
673 2377 728 2439 loce
759 2375 868 2440 dederi
899 2385 1050 2462 mappam
1081 2377 1119 2440 de
1133 2377 1213 2460 fide,
1249 2377 1369 2442 diserte

239 2483 433 2559 protestans,
464 2495 529 2537 aon
546 2483 719 2558 propterea
748 2495 780 2536 ce
802 2470 880 2536 celle
903 2475 1052 2559 separari
1072 2474 1113 2537 ch
1139 2476 1191 2552 ito,
1217 2477 1277 2560 qai
1300 2499 1367 2540 coo·

245 2572 379 2635 numam
401 2569 585 2634 sentiebant.
612 2618 670 2634 ...
696 2571 770 2634 Fuit
787 2579 863 2656 poet
887 2570 1049 2654 Pooussoie
1071 2571 1290 2655 definitionem
1315 2574 1368 2636 ad-

244 2669 301 2732 lum
324 2667 455 2730 liberam
477 2667 573 2732 aliter
595 2669 719 2746 sentire,
743 2678 778 2732 ut
792 2667 987 2754 depastione
1009 2669 1098 2746 dicit,
1121 2670 1197 2756 pria
1212 2669 1370 2759 Ponts'foe

245 2765 349 2828 noluit
370 2787 435 2828 rem
457 2766 561 2851 ipsam
583 2767 621 2828 de
645 2765 713 2848 fide
729 2765 841 2852 facere
854 2767 932 2829 'sone
960 2765 1106 2852 -penerclo'
1132 2763 1290 2848 Concilio,
1316 2769 1370 2832 sed

320 2969 340 3040 ι)
359 2969 414 3023 Nec
431 2967 484 3024 dici
502 2971 601 3036 potest,
619 2983 637 3022 a
654 2968 680 3026 S.
703 2967 838 3036 Cypriane
856 2967 1079 3023 infallibilitatem
1098 2968 1173 3024 Sedis
1191 2971 1370 3038 apostolicae

245 3049 347 3106 directe
370 3047 522 3118 impetitam
545 3047 643 3114 luisse,
667 3053 802 3116 quatenus
825 3049 1000 3118 impugnavit
1022 3048 1181 3117 disciplinae
1199 3050 1369 3108 universalia

245 3130 392 3194 decretum,
417 3129 452 3184 sd
475 3129 544 3196 quod
569 3127 751 3184 infallibilitas
775 3129 889 3184 Romani
908 3129 1048 3184 Pontidcis
1075 3129 1158 3184 edam
1176 3143 1206 3184 se
1226 3133 1368 3188 extendet.

245 3210 354 3264 Etenim
378 3209 480 3264 directe
505 3207 655 3276 Cyprianus
680 3209 810 3276 Stephani
836 3209 981 3264 Pontifiois
1008 3215 1185 3278 praeceptum
1216 3225 1369 3280 aggressus
1428 3231 1429 3250 ι

245 3295 295 3356 eet,
314 3295 446 3357 quamnus
464 3287 611 3353 contendit,
631 3287 775 3344 arbitrario
794 3289 870 3343 modo
889 3305 906 3342 a
924 3284 1056 3344 Pontifice
1074 3287 1232 3343 libertatem
1252 3291 1368 3346 admini-

245 3369 387 3425 strationis
406 3367 587 3439 cpiscoporum
605 3365 634 3422 in
652 3383 702 3422 sna
720 3369 834 3424 dioecesi
851 3361 975 3436 coerceri,
1004 3367 1123 3424 etlrisce
1137 3367 1183 3436 J'us
1201 3377 1368 3438 conpetere,

245 3455 278 3504 ut
304 3465 369 3504 naus
396 3454 426 3504 et
443 3448 648 3503 consuetudines
676 3449 839 3504 allemanie
858 3449 978 3504 diversos
995 3453 1196 3503 conservarent
1237 3449 1369 3518 Adeoque

246 3531 327 3584 talem
345 3529 530 3586 extensionem
548 3533 577 3584 et
601 3529 812 3596 applicationem
831 3530 1005 3584 auctoritatis
1022 3528 1178 3597 pontificiae
1195 3545 1248 3597 per
1264 3546 1299 3586 ee
1319 3531 1369 3598 Cy·

245 3609 356 3677 prianus
375 3607 554 3677 impugnavit
591 3608 631 3661 llo
659 3607 716 3676 ipso
734 3607 804 3674 quod
822 3608 969 3673 statuebat
997 3607 1027 3664 in
1045 3608 1106 3662 aliis
1126 3608 1289 3676 regionibus
1308 3625 1368 3664 mu·

245 3689 414 3744 suetudinem
433 3705 485 3742 non
505 3685 690 3757 rebaptizandi
712 3702 789 3756 posse
808 3687 920 3754 senari,
939 3687 1071 3756 seqnitur,
1090 3694 1258 3744 momentum
1277 3707 1368 3744 essen-

246 3769 312 3824 tiale
330 3769 527 3824 coutroversiae
545 3780 599 3823 non
617 3768 646 3822 in
665 3767 873 3834 mancatione
891 3768 1010 3835 positum
1029 3767 1120 3834 imme,
1140 3767 1367 3839 quodsuephani

245 3851 382 3905 deomtun
398 3849 478 3904 tidem
504 3847 626 3903 {moeret
643 3848 687 3902 vel
705 3845 852 3903 universali
872 3847 1008 3902 Eodesiae
1033 3848 1157 3903 nocivum
1174 3855 1257 3915 esset,
1288 3851 1368 3906 adse

245 3945 297 3998 que
314 3929 398 3985 etiam
415 3928 465 3984 sub
483 3928 533 3982 hoo
549 3932 674 3996 respectu
692 3941 740 3995 per
757 3941 786 3981 se
802 3941 856 3982 non
875 3926 1063 3996 impugnatum
1080 3925 1164 3982 luisse
1181 3927 1368 3984 inerrantium

245 4009 320 4064 Sedis
330 4008 507 4079 Apostolicee
524 4007 799 4064 Animadvertendum
811 4011 954 4076 praeterea
966 4013 1016 4074 est,
1029 4020 1110 4073 quun
1124 4007 1281 4078 meratim
1300 4007 1367 4062 hoec

245 4089 396 4144 inerrantia
415 4105 447 4144 ea
464 4093 556 4144 aetate
580 4087 667 4143 adhuc
684 4087 774 4156 potius
799 4085 850 4141 fide
869 4085 982 4157 simplici
1001 4085 1076 4142 etin
1095 4085 1272 4158 generalibus
1292 4089 1366 4158 prin·
1427 4107 1428 4112 ¹

245 4169 322 4237 cipiis
340 4186 420 4236 quum
438 4167 566 4237 explicite
583 4167 706 4222 doctrina
725 4172 927 4235 agnosceretur,
952 4165 979 4219 id
998 4179 1030 4220 eo
1048 4166 1136 4236 magis
1155 4167 1248 4220 valere
1266 4169 1302 4222 de
1322 4187 1365 4221 ex·
1427 4159 1428 4208 l

246 4247 367 4302 unione
386 4247 464 4316 hunius
482 4244 687 4302 infallibilitstis
706 4248 740 4301 ad
758 4246 925 4314 disciplinam
944 4243 1133 4300 universalem.
