2874 4812
237 467 291 520 378
549 465 589 519 De
608 461 758 520 antinno
777 481 808 520 se
825 466 858 522 de
877 463 1098 525 Conc'Nieaeno.

238 611 408 674 constituti
432 607 538 672 tribus
562 618 712 672 constant
734 609 891 694 partibus,
907 613 1065 676 nimirum
1088 635 1225 704 corpore
1248 639 1269 682 e
1294 640 1365 682 ma·

237 710 320 770 teria
344 727 448 792 prava
471 706 630 776 coniecto,
655 708 766 770 anima
796 711 956 772 sentiente
979 713 1092 795 pravis
1115 714 1365 798 cupiditatibus

238 804 336 890 plena
359 815 391 868 et
414 825 434 868 a
457 801 595 868 diabolo·
612 803 848 885 descendente,
873 817 905 868 et
928 809 1039 871 anima
1062 811 1216 875 rationali
1241 833 1260 875 e
1284 812 1364 878 luce

239 902 356 966 divina
378 900 529 980 oriunda,
554 921 639 985 quae
653 899 920 984 semperbcnum
945 904 1025 982 vult,
1049 915 1082 968 et
1105 929 1172 972 non
1196 911 1262 973 nisi
1288 933 1364 995 pra-

238 1002 291 1063 uis
326 1001 457 1064 animae
496 999 666 1062 sentientis
706 998 944 1084 cupiditatibus
975 1003 1185 1067 assentiendo
1230 1019 1363 1090 peccat.

239 1095 399 1165 Christus.
424 1117 522 1180 quem
537 1095 628 1160 Deus
652 1097 685 1158 in
710 1105 812 1160 terras
837 1099 933 1178 misit,
959 1111 1007 1162 est
1031 1100 1195 1184 quaedam
1220 1103 1363 1166 luminis

239 1195 388 1258 coelestis
404 1193 587 1258 substantia
610 1193 645 1256 in
660 1193 726 1256 sole
743 1194 906 1274 residens3
932 1197 965 1258 in
987 1207 1108 1260 terram
1134 1199 1277 1263 veniens
1293 1221 1364 1264 um·

240 1292 331 1356 bram
356 1301 485 1355 tantum
509 1293 654 1375 corporis
677 1294 864 1375 assumpsit.
896 1303 927 1356 et
951 1315 1014 1356 non
1040 1297 1103 1358 nisi
1126 1299 1239 1380 specie
1264 1310 1365 1361 tenus

240 1411 352 1475 passus
376 1401 433 1454 est.
468 1389 609 1472 Spiritus
630 1388 771 1453 Sanctus
794 1392 893 1452 etiam
917 1391 1066 1454 coelestis
1089 1393 1278 1458 substantia
1304 1407 1364 1474 est,

239 1487 296 1550 sed
321 1485 450 1550 Christo
489 1488 612 1565 minor3
646 1487 679 1548 in
709 1486 796 1549 bono
819 1497 902 1550 ae're
918 1487 1052 1552 *habitat
1075 1497 1107 1551 et
1131 1491 1164 1552 in
1189 1493 1364 1555 terrestris

239 1605 375 1668 corpora
399 1584 573 1646 salubriter
596 1583 715 1647 influit..
762 1585 877 1648 Manes
901 1595 949 1648 est
971 1589 1156 1670 paracletus
1180 1609 1200 1649 a
1227 1587 1363 1652 Christo

239 1686 427 1767 promissus,
451 1691 484 1744 et
508 1681 697 1744 immediate
721 1681 763 1743 ab
787 1701 825 1745 eo
849 1685 969 1746 missus
996 1683 1038 1746 ad
1063 1684 1225 1758 homines,
1252 1697 1290 1749 ut
1316 1690 1363 1750 eis

239 1799 369 1843 omnem
394 1778 563 1842 doctrinae
595 1777 796 1852 thesaurum,
828 1799 935 1864 neque
963 1801 981 1842 a
1015 1779 1144 1844 Christo
1176 1803 1289 1867 neque
1320 1784 1363 1848 ab

238 1877 417 1960 apostolic
438 1897 480 1938 ex
513 1878 639 1958 integro
671 1875 848 1955 traditum,
886 1879 1155 1942 communicaret.
1214 1881 1363 1945 Animae

239 1973 415 2038 electorum
440 1995 496 2036 seu
516 1973 784 2036 Manichaeorum
804 1975 1017 2059 perfectorum
1040 1985 1113 2059 post
1137 1989 1278 2040 mortem
1304 1999 1364 2063 per

239 2070 351 2135 lunam
376 2081 407 2132 et
430 2069 531 2134 solem
554 2080 735 2150 transeunt,
760 2080 792 2133 et
807 2073 952 2155 ‘penitus
974 2081 1135 2156 purgatae
1159 2075 1192 2136 in
1218 2095 1362 2158 regnum

238 2169 321 2232 lucis
337 2170 555 2252 recipientem
571 2169 702 2231 animae
717 2169 899 2232 auditorem
914 2189 971 2230 seu
985 2168 1258 2234 Manichaeorum
1275 2183 1362 2236 cate·

239 2266 477 2330 cltumenorum
497 2264 550 2328 vel
567 2265 843 2349 imperfectorum,
863 2267 897 2328 in
913 2263 978 2328 alia
993 2267 1064 2328 sive
1087 2265 1263 2330 hominum
1289 2271 1362 2332 sive

239 2363 433 2426 animalium
457 2383 595 2447 corpora
627 2361 755 2426 mmdiu
779 2365 937 2446 migrent,
963 2362 1068 2428 donec
1096 2363 1264 2448 perfectae
1290 2365 1362 2430 red·

240 2461 328 2525 ditae
352 2469 438 2524 sunt.
485 2458 699 2546 Reliquorum
723 2458 896 2523 hominum
928 2462 1060 2524 animae
1092 2463 1126 2524 in
1157 2463 1235 2545 igne
1261 2462 1361 2542 malo,

239 2566 384 2622 attamen
415 2559 589 2642 purgative
623 2555 828 2642 aliquamdiu
859 2560 1064 2640 cruciantur,
1089 2558 1210 2622 deinde
1235 2561 1270 2624 in
1298 2559 1363 2624 alis

240 2675 378 2740 corpora
400 2655 630 2735 detruduntur,
655 2663 688 2718 et
711 2655 738 2718 si
753 2675 815 2718 nec
829 2663 909 2718 turm
933 2655 1103 2719 doctrinae
1117 2651 1261 2720 Manetis
1286 2679 1363 2720 con-

240 2754 387 2816 formiter
419 2753 577 2834 vixerint,
612 2754 646 2816 in
679 2752 794 2816 eodem
827 2754 904 2835 igne
936 2761 1147 2817 asservantur
1178 2773 1286 2838 usque
1321 2753 1363 2818 ad

240 2851 339 2914 linem
365 2849 491 2914 mundi.
537 2850 616 2914 Post
644 2849 759 2913 mundi
790 2850 890 2912 tinem
914 2869 1051 2934 mgnum
1083 2849 1166 2914 lucis
1190 2850 1291 2936 plane
1319 2873 1363 2914 se·

241 2947 411 3033 parabitur
432 2967 452 3010 a
475 2967 576 3030 regno
606 2947 816 3011 tenebrarum
841 2967 916 3012 eum
948 2949 1016 3011 scis
1039 2945 1166 3028 incolis,
1192 2948 1362 3014 daemoni·
1423 2970 1424 2993 ¹

241 3044 471 3110 brtsuidelieet
494 3054 526 3108 et
549 3045 725 3109 animabus
740 3043 1036 3128 incortigibilibus3
1060 3045 1123 3109 hae
1148 3047 1181 3110 iu
1197 3044 1363 3110 limitibus

240 3145 332 3228 regni
356 3141 567 3207 tenebrarum
591 3142 743 3207 custodes
776 3144 1031 3223 constituentur,
1056 3163 1097 3206 ne
1122 3142 1305 3207 daemones
1330 3145 1361 3206 in

240 3261 377 3325 regnum
402 3239 486 3304 lucis
510 3242 724 3325 irruptionem
749 3241 857 3304 facere
881 3241 1032 3332 possint.¹

330 3337 382 3404 28.
409 3338 579 3417 Quiantum
611 3337 655 3402 ed
683 3339 861 3423 practicam
893 3339 1152 3401 Manichaeorum
1181 3337 1364 3402 doctrinam

241 3444 385 3522 spectat,
420 3459 458 3500 ea
492 3436 664 3520 speciatim
698 3457 835 3520 eorpus,
859 3444 1019 3521 tanquam
1051 3436 1233 3498 ematcria
1257 3455 1363 3520 prava

240 3537 426 3615 formatum,
439 3533 740 3598 duretractandnnt
751 3533 941 3598 mandabat
966 3530 1227 3613 Praescribebat,
1245 3533 1361 3597 crebm

234 3631 467 3719 jejunandum,
491 3631 725 3695 abstinendum
759 3630 801 3694 ab
834 3631 988 3694 omnibns
1020 3629 1250 3715 blasphemiis,
1279 3631 1362 3694 inter

239 3751 321 3816 quas
354 3729 540 3793 referebant
572 3739 708 3792 cunctos
740 3749 906 3793 sermones
930 3728 1100 3792 doctmnae
1127 3747 1209 3790 suae
1231 3739 1360 3792 contra·

239 3830 314 3909 rios',
339 3827 498 3914 (sigillum
522 3825 618 3912 oris);
644 3825 733 3890 nulla
755 3825 912 3890 animalia
936 3845 1006 3889 esse
1030 3823 1229 3906 occidenda,
1255 3824 1358 3910 (sigil
1420 3841 1421 3909 ,

238 3925 307 3989 lum
345 3923 492 4010 manus),
538 3923 709 3988 vitandam
747 3923 847 4008 pmlis
883 3924 1160 4008 procreationem,
1198 3920 1358 4008 (sigillum

239 4022 363 4110 sinus),
387 4023 448 4086 etsi
472 4023 663 4086 commixtio
688 4019 829 4085 carnalis
852 4021 1106 4106 permitteretur.
1131 4020 1225 4084 Haec
1249 4029 1358 4084 tamen
1419 4099 1420 4110 ἵ

240 4129 416 4206 praecepta
449 4120 593 4184 maxime
625 4117 820 4204 spectabant
837 4117 1022 4202 periectos,
1054 4116 1222 4185 auditores
1255 4117 1300 4182 ad
1324 4139 1358 4180 ea
1419 4151 1420 4215 p

241 4239 306 4283 non
338 4217 656 4302 constringebantur.
680 4213 804 4280 Electis
833 4235 894 4279 seu
925 4215 1083 4300 perlectis
1111 4219 1284 4300 praeterea
1308 4213 1360 4278 ab·
