2902 4824
544 495 570 548 S
590 495 717 552 Clemens.
1135 502 1186 554 129

25 653 26 660 ’
98 639 226 704 bennam
255 649 287 704 et
314 640 483 706 Eusebius
518 639 644 704 dicunt.
691 639 877 706 Arbitreria
907 643 1009 726 igitur
1040 651 1090 707 est
1113 665 1185 729 sup-

96 738 191 820 positio
212 759 308 824 quom
332 747 508 824 promovet
538 735 658 817 Grttne,
689 737 861 822 epistolam
893 741 1048 824 scriptam
1072 761 1186 806 essee

96 832 246 917 Clemente,
271 836 405 922 quando
428 836 582 902 nondum
605 845 674 900 erat
691 837 856 918 Pontifex,
882 837 939 902 sed
963 837 1049 902 Lino
1073 840 1107 904 iu
1131 839 1185 904 nd·

95 933 284 1000 ninishnndu
305 933 458 999 Ecclesia
482 933 607 999 aderet.
615 933 640 1019 ¹)

161 1031 208 1096 27.
232 1031 297 1112 Qui
322 1031 547 1112 contendunt,
577 1030 748 1116 epistolam
771 1033 928 1116 scriptam
950 1033 1052 1098 fuisse
1076 1036 1185 1100 statim

93 1137 150 1211 post
166 1133 424 1214 persecutionem
457 1130 610 1211 Neronis,
644 1128 777 1216 probari
809 1128 874 1196 hoc
905 1131 1098 1198 existiment
1121 1131 1186 1198 illis

94 1225 180 1290 verbis
201 1250 226 1292 e.
248 1229 312 1294 41:
339 1229 418 1294 Non
439 1228 565 1314 sibique
572 1227 707 1314 fratres,
722 1226 897 1313 offeruntur
919 1227 1077 1312 somfloia
1091 1233 1187 1319 jaspin

94 1321 129 1384 rel
144 1327 249 1405 sotira,
270 1327 323 1392 cel
341 1349 405 1413 pro
425 1335 559 1412 peccato
591 1337 620 1390 et
651 1324 776 1404 delicto,
809 1324 864 1390 ssd
885 1325 1094 1412 Jsrssotymts
1117 1339 1185 1396 tun·

93 1431 147 1482 ura
187 1422 235 1487 Ex
268 1424 321 1490 his
346 1421 496 1488 Grabius
526 1432 559 1486 et
586 1421 702 1488 Helela
735 1431 822 1489 certo
856 1431 1007 1490 constare
1039 1435 1184 1510 censent,

93 1517 221 1603 templum
252 1522 576 1606 ierosolymitanum
609 1530 679 1586 tum
702 1523 848 1600 stetisse;
876 1519 1024 1607 alioquin
1047 1545 1114 1590 non
1138 1527 1183 1612 of—

87 1613 211 1692 senatis·
240 1622 275 1684 in
309 1622 491 1706 praesenti,
527 1619 583 1684 sed
607 1619 683 1684 olim
706 1618 917 1704 offerebantur
949 1619 1050 1688 fuisse
1075 1623 1184 1692 dicen·

93 1707 162 1777 lun.
201 1715 326 1782 Verum
363 1740 428 1784 nou
462 1719 545 1782 satis
575 1717 753 1784 attendunt
783 1718 846 1782 viri
879 1717 1000 1784 eruditi
1024 1723 1184 1788 sermonis

93 1827 175 1890 uun,
197 1835 260 1898 qno
283 1839 343 1880 res
365 1817 560 1901 praeteritas
583 1814 686 1880 veluti
717 1829 905 1900 praesentes
929 1817 970 1882 ob
995 1817 1107 1883 oculos
1129 1839 1183 1903 po-

93 1919 186 1974 uersat
204 1931 263 1997 per
275 1935 437 2000 praeseus
451 1923 583 1997 tempus
597 1915 769 1980 enuntiare
784 1919 931 1983 narranti
954 1915 1041 1981 licet.
1072 1915 1184 1982 Verba

92 2003 137 2065 itt·
164 2007 239 2074 nihil
267 2011 366 2077 aliud
395 2010 587 2096 significant
615 2014 678 2078 nisi
709 2012 760 2076 id:
807 2013 861 2078 Ex
883 2017 1084 2102 praescripto
1107 2014 1184 2100 lepis

93 2104 314 2175 cornetanos
344 2112 494 2174 inomni
524 2107 609 2191 loco,
634 2109 692 2174 sed
715 2110 932 2198 Jerosolymis
955 2121 1084 2178 tautum
1108 2111 1183 2176 offe

92 2211 199 2281 untur,
221 2217 324 2294 atque
349 2209 595 2293 comparatione
618 2207 704 2274 facta
729 2207 881 2274 Clemens
906 2209 1094 2276 Corinthios
1117 2229 1182 2276 mo·

92 2309 139 2364 ret
164 2315 196 2364 ut
221 2315 253 2368 et
282 2307 352 2392 ipsi
383 2315 543 2370 statutum
574 2304 615 2370 ab
639 2306 807 2390 Apostolis
831 2307 1035 2374 oblationum
1058 2317 1091 2373 et
1113 2307 1182 2373 offi-

92 2395 189 2462 ciorum
219 2404 374 2468 ordinem
406 2413 598 2468 reverenter
628 2406 795 2489 accipiant
824 2415 857 2468 et
879 2405 1052 2492 servent⁸)
1099 2403 1181 2471 Con·

92 2489 211 2562 lrnstm
232 2498 321 2568 haee
343 2500 522 2588 explicatio
538 2521 580 2569 ex
604 2503 647 2566 iis
669 2523 754 2588 quae
778 2513 974 2588 sequuntur:
1024 2501 1088 2578 Qut
1110 2526 1180 2591 erpo

89 2605 190 2668 meter
210 2597 244 2662 id
266 2599 356 2686 quod
376 2599 536 2665 voluntati
558 2603 625 2690 ejus
646 2612 886 2666 consentaneum
909 2613 955 2670 est
978 2600 1109 2687 aliquod
1124 2600 1180 2686 sa·

92 2685 165 2766 “inb
185 2708 276 2761 morte
300 2697 490 2762 multantur.
526 2695 621 2760 Certe
641 2699 729 2762 euim
753 2719 815 2761 nec
840 2697 932 2763 brevi
957 2707 1033 2764 ante
1056 2717 1181 2762 annum

92 2781 129 2850 l0.
149 2811 204 2876 quo
226 2817 318 2860 anno
341 2794 502 2880 templum
533 2816 684 2859 eversum
718 2804 776 2876 est,
805 2797 867 2861 ista
889 2795 1000 2882 legum
1024 2795 1181 2859 severitas

93 2881 269 2957 subsistebat
294 2931 342 2940 —-
365 2893 475 2957 Possit
496 2891 580 2956 forte
602 2893 715 2958 mirari
739 2895 827 2980 quis,
853 2893 942 2982 quod
967 2889 1128 2974 Clemens,
1154 2893 1180 2958 si

92 2981 186 3068 cripta
216 3003 263 3055 est
297 2990 438 3076 epistola
471 2999 545 3076 post
576 2993 837 3076 persecutionem
869 2993 1063 3071 Domitiani,
1089 2991 1180 3058 aab

92 3081 156 3144 Μ
183 3091 287 3170 potins
324 3099 559 3156 commemoret
594 3091 855 3176 persecutionem
887 3090 1047 3170 Neronis,
1081 3109 1179 3174 quam

93 3171 256 3268 Domitiani,
281 3185 435 3273 nihilque
460 3186 549 3256 dieat
573 3186 614 3250 de
638 3183 755 3250 illustri
780 3197 928 3251 matrona
951 3185 1180 3254 Romansno-

92 3273 191 3358 nitur
214 3307 315 3370 quum
340 3295 505 3371 proponat
527 3285 713 3370 passionem
727 3283 920 3349 Danaidum
944 3293 976 3349 et
992 3283 1179 3351 Dircarum.

91 3368 141 3435 Sed
177 3381 418 3449 advertendum
463 3393 525 3462 est,
570 3381 774 3448 Clementem
818 3381 962 3448 voluisse
997 3405 1180 3469 proponere

91 3475 249 3558 exemplum
272 3481 331 3548 SS.
355 3478 592 3566 Apostolorum
616 3481 704 3544 Petri
735 3489 768 3544 et
789 3477 898 3562 Pauli,
923 3480 966 3544 ob
988 3479 1178 3546 relationem

92 3570 239 3646 tpecislem
266 3577 361 3642 Pauli
396 3577 442 3642 ed
470 3577 667 3644 Corinthios.
700 3577 764 3642 Per
791 3577 941 3643 incidens
965 3577 1053 3660 dein,
1078 3601 1179 3667 quum

92 3655 122 3722 de
141 3669 320 3853 mulipribus
344 3675 510 3762 loquatur,
535 3677 736 3742 mentionem
759 3675 838 3740 facit
851 3673 1044 3740 Danaidum
1068 3675 1180 3742 etDir-

92 3775 207 3832 carum)

149 3933 165 3998 ¹)
182 3937 437 4008 Pspstoeschichoe
455 3941 479 3995 C
499 3943 541 3994 27.
725 3941 744 4007 ²)
765 3939 819 3994 Cir.
838 3939 978 3994 Constant.
997 3940 1015 3994 l.
1034 3957 1055 3992 c

113 4085 117 4098 ¹
147 4011 326 4080 'lCnleleriul
345 4027 377 4076 et
394 4019 556 4076 Oolomfflluo
582 4022 639 4076 loeo
658 4021 794 4079 Δανάιδες
820 4022 864 4072 καὶ
883 4022 988 4088 Alpem,
1009 4019 1106 4088 legunt
1124 4027 1178 4074 Λα.

95 4101 133 4178 'tq
145 4109 167 4147 u
183 4103 325 4174 ιαΑίρκη,
346 4115 416 4168 quus
433 4099 553 4156 illustres
571 4101 685 4156 feminee
703 4100 786 4158 luisse
804 4104 911 4169 putent,
930 4097 980 4153 sub
988 4093 1094 4156 Nerone
1112 4117 1180 4158 usr-

94 4175 147 4256 ‘1¹30
171 4189 310 4240 numus
350 4181 402 4237 eso
430 4180 526 4238 nullibi
552 4181 581 4236 in
598 4180 801 4250 martyrologiis
824 4180 959 4236 habentur
981 4179 1048 4240 hoec
1063 4182 1179 4240 nomina

96 4242 176 4306 ΜΝ
199 4263 324 4330 malicie,
369 4261 512 4332 legendnm
548 4277 619 4318 esse:
662 4260 777 4328 Propter
820 4260 907 4315 selum
953 4275 1047 4327 passas
1088 4263 1181 4319 mulis-

133 4359 243 4420 ſtrnue.
258 4373 437 4415 murationes.
1058 4353 1074 4400 9
