2876 4814
246 469 300 524 tot
681 467 722 524 De
740 469 767 526 S.
786 470 928 538 Cypriam.

248 612 399 698 opuscula
431 635 550 699 semper
581 615 616 677 ia
647 637 743 678 mauu
775 624 888 678 amat.
935 613 968 678 S.
992 611 1145 676 Gelasius
1178 633 1256 676 veru
1287 633 1366 676 cum

247 733 420 776 numeroso
451 712 680 796 episcoporum
709 710 845 776 consilio
878 711 913 774 in
937 711 1079 774 Dect-eto
1103 707 1144 772 de
1167 708 1263 774 libris
1286 711 1367 774 r'eci·

246 807 377 892 piendis
400 819 433 872 et
456 829 521 872 non
545 807 745 894 recipiendis
768 809 891 890 statuit,
922 807 955 871 S.
975 805 1130 894 Cypriani
1153 807 1309 892 opuaeah
1332 807 1367 868 ia

247 905 388 970 omnibus
410 928 475 970 aare
498 905 727 992 recipieudn.¹)

110 992 225 1093 ’μ’
335 1003 365 1066 2.
389 1003 443 1066 Ex
467 1002 557 1066 hisce
582 1002 686 1084 vides,
710 1013 835 1088 quanta
856 1005 898 1066 sit
921 1001 1020 1087 hujus
1035 1003 1139 1064 sancti
1163 1001 1273 1064 Patris
1296 999 1366 1082 dig-

172 1082 189 1093 ..
247 1103 333 1164 nitas
356 1111 456 1186 atque
476 1102 666 1166 auctoritas.
713 1102 829 1186 Neque
843 1111 955 1164 tamen
979 1099 1015 1163 id
1038 1097 1134 1162 nohis
1158 1100 1365 1183 propositum

246 1208 305 1279 est,
330 1209 366 1260 nt
389 1200 571 1262 universim
600 1197 642 1262 de
665 1197 699 1265 S.
724 1198 884 1284 Cypriani
911 1199 988 1276 vita,
1013 1195 1175 1276 doctrina,
1198 1197 1305 1279 gestis
1328 1217 1366 1260 ac

246 1296 397 1379 passione
420 1316 568 1380 agamus,
593 1295 650 1359 sed
683 1296 762 1360 utile
787 1297 895 1360 visum
919 1305 968 1358 est
997 1315 1037 1357 ea
1060 1294 1231 1378 speciatim
1257 1293 1367 1358 discn-

245 1403 323 1474 tere‚
348 1415 432 1478 quae
455 1395 491 1457 in
513 1394 618 1478 ipsius
642 1393 800 1458 doctrinis
823 1403 856 1456 et
876 1394 977 1476 gestis
1000 1392 1182 1476 respiciunt
1201 1391 1367 1456 Romano·

246 1511 318 1552 rum
351 1491 550 1556 Pontificum
582 1494 811 1556 auctoritatem
843 1501 942 1576 atque
970 1491 1160 1576 primatum.
1205 1489 1296 1554 Nota
1320 1501 1368 1550 est

246 1587 470 1651 controversia
494 1589 579 1652 inter
602 1589 634 1654 S.
660 1589 865 1676 Stephanum
889 1611 928 1652 ac
952 1589 985 1653 S.
1010 1585 1216 1671 Cyprianum
1240 1589 1366 1671 agitata

246 1682 287 1746 de
312 1683 557 1770 rebaptizandis
587 1685 762 1751 haereticis
785 1685 828 1750 ad
852 1684 1048 1750 catholicam
1078 1683 1266 1748 Ecclesiam
1293 1705 1366 1748 eon-

247 1784 367 1864 versis3
392 1795 491 1868 atque
515 1782 549 1846 id
573 1783 662 1870 apud
686 1805 741 1848 eos
766 1785 822 1870 qui
847 1783 888 1846 de
912 1783 1048 1848 historia
1070 1783 1228 1867 antiquae
1253 1780 1367 1846 Eccle-

246 1881 313 1944 siae
346 1891 450 1964 agunt
483 1882 598 1944 merito
632 1903 761 1966 semper
793 1883 827 1944 in
859 1879 1007 1944 moribus
1039 1881 1182 1965 positum
1216 1879 1299 1960 fnit,
1334 1889 1368 1940 ut

248 1999 332 2062 quae
365 1975 421 2040 illa
455 1979 487 2040 in
522 2000 556 2040 re
593 1979 758 2064 utrimque
790 1987 865 2041 acta
900 1976 1118 2062 perhibentur
1150 1975 1366 2042 discuterent.

249 2074 316 2139 Sed
338 2075 458 2138 nostris
482 2073 599 2138 dicbus
621 2077 775 2160 graviora
790 2084 861 2138 orta
874 2085 952 2138 sunt
975 2077 1099 2138 motiva
1121 2083 1259 2160 propter
1283 2095 1366 2159 quae

246 2174 412 2253 convenit,
437 2193 502 2235 uon
527 2172 631 2236 solum
655 2172 696 2238 de
719 2173 1028 2238 haccontrouersia
1050 2195 1157 2258 agere,
1181 2171 1242 2236 sed
1266 2173 1365 2236 etiarn

246 2271 432 2332 accuratius
466 2269 638 2333 ostendere
671 2269 780 2356 quoad
813 2267 879 2333 alia
912 2269 999 2334 facta
1032 2269 1191 2355 Cypriani
1227 2270 1365 2355 ejusque
1429 2319 1430 2356 p

247 2366 425 2448 doctrinas,
451 2367 583 2433 hunos.
607 2368 739 2432 Patrem
762 2377 878 2432 testem
902 2389 973 2432 esse
997 2367 1202 2454 praeclarum
1227 2369 1367 2432 auctori·
1429 2360 1430 2375 ¹

245 2465 322 2527 tatis
345 2475 377 2528 et
401 2466 561 2549 primatus
585 2465 623 2530 R.
648 2465 827 2530 Pontificio.
874 2465 925 2530 Ea
957 2463 1114 2530 videlicet
1142 2465 1204 2528 fuit
1229 2461 1366 2529 haereti·

247 2583 359 2626 corum
383 2565 565 2626 recentium
590 2564 905 2648 neoprotertantium
929 2563 1071 2626 audacia
1101 2581 1240 2643 vesana,
1267 2571 1305 2626 nt
1326 2561 1365 2626 ad

247 2659 484 2730 vindicandam
518 2681 611 2724 suam
645 2659 857 2725 rebellionem
890 2671 923 2723 et
954 2659 997 2725 ad
1030 2659 1260 2724 defendendos
1295 2681 1367 2722 suos

246 2779 370 2822 errores
402 2769 621 2842 provocarent
652 2758 695 2822 ad
729 2758 762 2824 S.
788 2757 1005 2844 cyprianum.
1052 2757 1199 2823 Maxime
1222 2757 1366 2822 Pseudo·
1428 2813 1429 2850 ζ

246 2856 419 2940 episcopus
451 2857 597 2942 ipsorum
629 2855 798 2920 Reinkens
830 2855 918 2920 edito
951 2855 1118 2942 opusculo,
1150 2857 1313 2922 Docta-iao
1336 2855 1365 2918 S.

250 2949 404 3038 Cypriani
427 2954 465 3016 de
487 2956 609 3018 unitate
633 2953 845 3040 Εοσίιείαοὶ),
868 2955 1062 3039 emissioque
1084 2952 1201 3018 litteris
1223 2953 1367 3040 publicis

246 3049 417 3114 ostendere
440 3053 532 3115 nisus
563 3061 620 3132 est,
652 3054 756 3116 sancti
790 3049 877 3115 illius
901 3052 1045 3116 doctoris
1067 3053 1168 3136 gestis
1192 3059 1224 3114 et
1249 3051 1366 3116 doctri·

246 3149 298 3210 nis
334 3157 456 3232 patere,
494 3149 536 3212 ab
574 3151 645 3234 ipso
678 3149 866 3213 nullatenus
903 3152 1039 3234 agnosci
1077 3169 1153 3213 eum
1185 3151 1364 3236 primatum

241 3244 491 3330 jurisdictionis,
516 3267 614 3331 quem
638 3255 748 3310 nostro
773 3257 920 3332 tempore
939 3249 1096 3313 Summus
1120 3247 1279 3312 Pontifex
1304 3249 1363 3311 sihi

246 3341 422 3408 adscribat.
788 3341 792 3350 “

335 3441 366 3505 3.
392 3439 503 3520 Quum
528 3461 606 3504 vero
630 3443 818 3524 conveniat,
840 3451 877 3506 ut
892 3442 933 3506 de
957 3451 1043 3506 statu
1067 3463 1177 3506 rerum
1201 3443 1237 3506 in
1254 3443 1365 3508 Eccle-

247 3538 296 3600 sia
320 3541 511 3602 continuata
535 3539 651 3602 notitia
666 3537 838 3623 habeatnr,
854 3561 1022 3626 quumque
1042 3550 1181 3605 eventus
1206 3541 1240 3604 in
1266 3541 1364 3605 eecle-

247 3636 295 3698 sia
319 3635 468 3700 Romana
492 3635 588 3699 valde
613 3634 810 3701 cohaereant
843 3659 919 3701 cum
943 3639 984 3702 iis
1007 3659 1092 3724 qnae
1117 3641 1150 3702 in
1175 3639 1293 3704 Africa
1317 3661 1363 3704 ac·
1426 3709 1427 3722 χ

247 3731 409 3810 ciderunt,
443 3732 541 3796 simul
574 3733 614 3797 de
645 3734 803 3798 Romanis
838 3735 1057 3800 Pontificibus
1090 3735 1177 3801 illius
1209 3739 1364 3825 temporis

249 3829 447 3894 disseremus
471 3851 510 3896 ac
534 3830 575 3894 de
599 3833 639 3895 iis
664 3853 748 3916 quae
777 3832 838 3897 sub
864 3831 1032 3920 Cypriano
1057 3835 1091 3898 in
1116 3835 1256 3900 eeclesia
1281 3835 1362 3900 Afri-

324 3989 342 4058 ¹)
362 3987 403 4044 Of.
423 3989 526 4044 Hurter
544 3989 639 4058 Opusc.
658 3989 772 4044 Petrum
789 3997 853 4048 tom.
873 3992 894 4048 Ι.
914 3993 1069 4050 Admonitio
1087 3995 1116 4050 in
1134 4009 1222 4063 optuc.
1237 3993 1362 4064 Cypriani

160 4159 166 4168 '
249 4084 274 4136 p.
294 4069 343 4216 82ἱ)
362 4147 413 4202 Dic
432 4147 518 4202 Lehre
541 4147 587 4202 des
612 4149 637 4202 h.
657 4149 775 4217 Cyprias
799 4167 851 4205 von
875 4153 923 4206 der
942 4152 1052 4206 Eiuheit
1070 4153 1119 4208 der
1139 4153 1250 4211 Kirche:
1269 4153 1360 4206 Wtrz-

248 4225 325 4294 burg,
344 4227 436 4281 Stahel
459 4230 534 4282 1873.
