2790 4812
221 481 277 540 ns
503 483 543 540 De
562 483 714 542 Arianismo
732 503 764 541 aa
781 481 813 542 de
832 483 910 542 Gonu
929 480 1055 541 Nlcseno.

1379 589 1380 630 l

223 632 376 694 tentiones
385 632 541 716 proprios
556 631 785 709 omttradicaut
797 632 937 694 obtineat
951 633 1108 695 sententio
1118 629 1328 716 plurimorum
1379 635 1380 730 l

222 726 373 791 Celusius
408 725 593 812 Cyzicenus
624 735 657 792 et
688 728 835 792 Isidorus
866 727 1031 792 Mercator
1062 729 1179 793 eadem
1212 729 1329 793 ratione
1379 755 1380 792 1

222 825 312 888 hunc
335 845 496 888 canonem
519 825 675 890 referunt.
705 827 751 889 At
762 823 902 890 Rufinus
926 826 961 889 in
985 847 1044 889 sua
1066 826 1216 891 Historia
1239 825 1329 890 eccle·

222 924 355 986 siastica
378 923 416 988 L.
440 923 484 987 H.
510 945 537 988 c.
562 923 583 987 6
606 925 747 1008 primam
779 931 907 1009 partem
940 921 1039 1009 hujus
1063 925 1201 988 canonis
1225 925 1329 1009 paucis
1379 939 1380 1012 l

222 1021 268 1083 ita
290 1022 426 1083 recitat:
451 1021 494 1084 Et
515 1031 550 1083 ut
574 1021 662 1106 apud
677 1020 922 1100 Alceaudrium,
947 1031 977 1084 et
998 1021 1034 1085 iu
1056 1021 1131 1086 arbe
1155 1023 1268 1100 Ronw,
1288 1043 1316 1085 oe
1379 1023 1380 1106 l

223 1127 309 1182 tusto
340 1119 528 1182 consuetudo
561 1129 708 1197 seruetur,
731 1129 767 1182 ut
798 1119 848 1183 uel
869 1119 924 1183 ote
947 1117 1093 1206 Aepypti,
1124 1119 1175 1184 vel
1197 1119 1246 1182 itio
1271 1117 1329 1184 utb-
1379 1119 1380 1184 ζ

221 1217 454 1281 articarius-um
485 1217 685 1280 ecclesiarum
714 1215 959 1281 sollicitudinem
989 1228 1087 1304 perat.
1127 1215 1167 1281 In
1193 1213 1330 1280 Concilio
1379 1211 1380 1260 l

223 1323 333 1379 autem
344 1313 616 1395 Chalcedonensi,
642 1335 743 1399 quum
767 1313 989 1378 Paschasinus
1012 1315 1108 1380 Sedis
1132 1313 1330 1399 Apostolicae
1379 1282 1380 1364 l

223 1412 350 1496 legatus
374 1412 545 1476 ostendere
574 1410 687 1494 vellet,
717 1413 909 1498 episcopum
938 1409 1329 1497 Constantinopolitanum

224 1509 314 1574 haud
337 1509 605 1594 anteponendum
629 1531 700 1572 esse
720 1509 947 1574 Alexandrino
972 1520 1004 1574 et
1027 1509 1247 1591 Antiocheno,
1271 1529 1331 1594 pro·

225 1609 359 1670 vocavit
381 1607 424 1670 ad
448 1607 537 1670 hunc
561 1627 737 1689 canonem,
769 1627 867 1694 quem
898 1628 939 1672 ex
969 1607 1084 1671 codice
1108 1624 1220 1671 secum
1245 1605 1331 1670 allato

222 1703 302 1788 legit
333 1704 396 1767 hac
428 1705 542 1786 forma,
576 1725 661 1790 quae
690 1705 829 1790 proinde
861 1728 899 1770 eo
932 1715 1079 1790 tempore
1109 1705 1235 1769 Romae
1266 1714 1333 1768 nom

224 1813 311 1867 erat:
338 1801 430 1874 Quod
453 1803 583 1866 ecclesio
599 1803 748 1866 Romano
761 1804 1004 1889 semperhabait
1022 1803 1219 1890 primatum
1241 1809 1334 1866 teneat

146 1954 147 1958 ,
224 1911 328 1966 autem
351 1911 380 1964 et
401 1900 571 1986 Aeppptas,
594 1911 630 1963 ut
645 1903 811 1988 epiecopus
825 1899 1047 1966 Aleeaudriae
1071 1902 1210 1965 omnium
1231 1899 1333 1964 tabeat

219 2009 419 2086 potestatem,
443 2001 591 2082 quonium
615 2009 645 2060 et
660 2000 804 2062 Romano
822 2000 966 2086 episcopo
980 1999 1055 2062 laec
1071 2010 1116 2063 cet
1140 1997 1331 2063 maurusio.
1354 1997 1357 2011 '
1379 2017 1380 2084 l

225 2098 461 2162 Constantinus
484 2115 562 2160 vero
596 2099 791 2162 secretarius
815 2095 955 2160 Concilii
988 2097 1034 2160 ita
1060 2095 1141 2182 legit
1165 2119 1209 2160 ex
1232 2091 1334 2160 codice
1379 2101 1380 2164 l

226 2194 608 2280 Constantinopolitano:
666 2194 825 2280 Antipaac
866 2193 1105 2258 consuetudines
1146 2203 1273 2257 teneant
1306 2193 1334 2252 iu

225 2293 380 2381 Aepypto,
413 2302 449 2356 ut
480 2291 723 2356 Aleaeondrinue
757 2295 922 2378 epiecopus
953 2291 1090 2356 omnium
1121 2291 1239 2356 tabeat
1255 2300 1332 2377 pote·

225 2401 347 2470 statem,
371 2391 519 2475 quonium
542 2400 572 2453 et
595 2391 739 2453 Romano
763 2389 907 2476 episcopo
932 2391 1007 2454 leaeo
1030 2391 1222 2453 masuetuclo
1245 2400 1296 2453 eet.

102 2489 163 2589 sap
204 2508 215 2518 ·
317 2489 389 2552 112.
415 2487 594 2566 Quaeritur
616 2487 725 2572 quoad
749 2485 839 2550 hunc
871 2507 1031 2551 canonem
1055 2487 1231 2572 imprimis,
1253 2509 1334 2574 paue-

225 2609 299 2650 uam
327 2585 499 2672 prfaatepta
539 2595 569 2648 et
592 2589 673 2674 jura
705 2587 842 2670 antiqua
875 2583 990 2649 eodem
1019 2587 1174 2671 episeopo
1204 2585 1333 2650 Alexan

226 2685 320 2749 drino
345 2684 590 2748 confirmentur.
636 2682 752 2769 Inepte
785 2683 1027 2748 contenderunt
1056 2679 1240 2749 Salmasius
1269 2683 1334 2747 Pro·

224 2791 358 2864 testens,
391 2781 577 2865 Beveridge
607 2779 826 2865 Anglicanus,
860 2791 892 2844 et
923 2779 1105 2866 Launoyus
1142 2777 1334 2846 Gallicanus.

226 2880 341 2944 eodem
368 2878 596 2942 tantummodo
627 2887 783 2943 consueta
810 2877 888 2964 jura
920 2879 1161 2965 metropolitica
1193 2880 1334 2965 episcope

227 2977 453 3042 Alexandrino
479 2975 684 3059 confirmari3
713 2978 887 3042 manifeste
911 2979 1000 3042 enim
1025 2979 1059 3041 in
1084 2997 1121 3042 eo
1146 2981 1255 3064 agitur
1278 2993 1333 3039 non

227 3077 268 3140 de
292 3075 523 3140 communibus
546 3074 826 3160 metropolitarum
845 3074 992 3160 juribus,
1017 3073 1076 3139 sed
1098 3075 1140 3139 de
1164 3071 1335 3160 majoribus

226 3173 410 3260 privilegiis
432 3173 598 3238 Praesulis
613 3171 843 3238 Alexandrini.
869 3168 967 3254 Quod
991 3173 1017 3237 si
1042 3173 1263 3236 certissimum
1285 3175 1334 3238 est

227 3272 351 3358 duplex
373 3281 484 3336 tamen
508 3273 688 3358 suppositio
713 3271 776 3334 hac
800 3273 834 3336 in
858 3293 893 3334 re
916 3271 987 3334 fieri
1011 3277 1129 3356 posset.
1162 3269 1335 3334 Potuerunt

227 3372 386 3456 Aegytus,
411 3370 530 3454 Libya,
555 3369 700 3434 Thebais
724 3378 756 3433 et
776 3369 968 3455 Pentapolis
989 3377 1130 3454 quatuor
1152 3365 1335 3452 provinciae

227 3469 342 3533 civiles
366 3489 468 3532 unam
491 3470 689 3531 constituere
718 3467 926 3552 provinciam
957 3466 1228 3544 ecclesiasticam,
1252 3463 1332 3547 cujus

227 3566 433 3652 metropolita
465 3587 551 3629 unus
587 3574 672 3629 esset
704 3567 877 3650 episcopus
900 3563 1165 3645 Alexandrinus,
1202 3563 1249 3626 uti
1272 3581 1334 3623 cen·

228 3667 294 3730 suit
316 3665 391 3728 Van
415 3663 569 3750 Espen¹).
617 3663 679 3727 Vel
701 3663 821 3747 Libya,
845 3661 990 3727 Thebais
1013 3669 1046 3726 et
1068 3660 1259 3746 Pentapolis
1281 3657 1334 3720 siu-

227 3764 320 3850 gulos
344 3763 476 3849 quidem
501 3761 670 3825 habebant
702 3759 935 3845 metropolitas,
966 3757 1023 3824 sed
1053 3759 1248 3844 provinciae
1270 3753 1333 3818 illae
1379 3735 1380 3820 l

228 3861 470 3926 ecclesiasticae
494 3881 569 3923 cum
594 3858 745 3945 Aegypte
778 3876 880 3921 unam
904 3856 1150 3922 constituebant
1172 3855 1333 3920 massa

224 3958 481 4048 patriarchalem,
506 3958 600 4042 cujus
632 3956 820 4043 patriarcha
850 3966 921 4020 erat
948 3957 1122 4042 episcopus
1152 3949 1333 4018 Alexandri·

228 4081 300 4138 nus,
324 4057 461 4142 ejusque
478 4057 557 4142 jura
579 4053 812 4140 patriarchalia
839 4053 903 4118 hoc
926 4075 1054 4118 omens
1076 4053 1288 4117 vindicantur
1307 4057 1334 4110 et

230 4203 307 4211 ——a-
321 4201 443 4210 ..ι-ὴ·-

305 4267 327 4339 ¹)
347 4267 453 4322 Scholia
470 4267 498 4323 iu
517 4267 581 4322 Can.
600 4265 641 4320 VI
658 4267 813 4323 Nieeenum.
