2806 4848
258 449 309 505 138
670 461 710 516 De
728 462 800 516 lacto
818 461 945 517 Nectarii

256 597 381 662 ratione
404 601 482 664 moti
508 611 592 684 sunt,
610 613 645 666 ut
661 605 742 670 illud
756 605 796 670 de
811 607 1014 672 confessione
1038 606 1240 692 explicantes
1262 627 1347 693 quarn

256 693 298 758 ad
322 707 528 779 peccatorum
560 703 691 766 veniam
725 704 987 789 consequendam
1021 705 1171 770 Ecclesia
1202 705 1347 769 catholica

256 797 472 860 necessariam
495 820 565 862 esse
589 799 692 882 docet,
717 803 887 866 ostendere
919 825 953 868 se
976 825 1070 888 posse
1093 804 1346 889 praetenderent:

256 893 491 958 consessionem
516 897 610 961 istam
630 897 808 964 humanam
823 900 1000 987 quamdam
1024 923 1082 965 seu
1106 901 1345 966 ecclesiasticam

254 990 505 1075 institutionem,
539 997 586 1058 uti
619 1000 811 1062 auctoritate
843 998 988 1064 humana
1020 1001 1171 1084 usurpari
1202 1009 1345 1085 coeptam.

255 1087 300 1151 ita
323 1090 421 1152 etiam
445 1088 587 1157 humano
613 1095 742 1160 decreto
766 1105 834 1160 tum
849 1097 958 1188 'luisse
981 1097 1184 1181 abrogatam.

342 1188 372 1252 2.
396 1189 589 1255 Paucissimi
615 1194 749 1279 quidam
782 1195 933 1258 catholici
963 1204 1121 1276 auctores,
1147 1197 1193 1258 uti
1217 1195 1344 1260 Thomas

255 1285 297 1348 W
300 1284 472 1374 aldensis1)
504 1299 536 1353 et
563 1289 722 1356 Melchior
755 1291 906 1379 Canusl),
936 1295 1060 1378 opinati
1094 1303 1179 1375 suut,
1203 1313 1343 1357 reveraa

253 1383 415 1466 Nectario,
445 1395 478 1449 at
517 1409 702 1474 perperam,
742 1390 978 1456 confessionem
1015 1390 1207 1475 abrogatam
1239 1389 1343 1459 luisse3

252 1482 413 1546 Beronius
436 1493 545 1548 autem
569 1488 780 1570 existimavit,
804 1487 839 1553 id
863 1489 996 1575 quidem
1021 1487 1128 1573 colligi
1154 1509 1195 1550 ex
1216 1486 1344 1552 Socratis

252 1583 431 1664 naratione,
456 1583 513 1648 sed
544 1587 574 1648 ei
608 1608 672 1650 non
697 1609 765 1651 esse
797 1587 896 1651 fidem
920 1587 1144 1651 adhibendam
1168 1594 1277 1670 utpote
1298 1582 1342 1646 ho·

252 1680 332 1742 mini
352 1677 537 1746 Novatiano
558 1693 590 1747 et
604 1687 727 1769 passim
741 1685 904 1750 mendaci.
927 1685 1080 1770 Plerique
1104 1705 1182 1748 vero
1206 1679 1341 1746 catholici

251 1785 399 1841 auctores
430 1782 639 1863 conveniunt,
674 1783 708 1847 in
740 1785 927 1847 narratione
960 1783 1016 1848 illa
1040 1782 1185 1848 Socratis
1208 1791 1238 1844 et
1260 1779 1342 1845 Sozo-

252 1876 338 1939 meni
362 1875 547 1942 nullatenus
570 1881 623 1965 agi
648 1880 689 1944 de
703 1881 915 1966 abrogatione
939 1881 1152 1945 confessionis
1177 1897 1341 1944 sacramen·

250 1973 340 2056 talis,
365 1974 422 2039 sed
450 1975 529 2040 dum
561 1979 654 2042 varia
680 1978 778 2064 hujus
811 1981 1006 2044 narrationis
1035 1981 1144 2065 capita
1177 1985 1340 2062 exponunt.

250 2073 388 2138 multum
404 2074 489 2138 inter
512 2097 581 2140 sese
605 2075 811 2143 dissentiunt.
848 2079 993 2142 Maxime
1018 2079 1118 2161 igitur
1137 2085 1339 2161 opportunum

249 2193 318 2235 esse
342 2173 482 2255 videtur,
506 2173 592 2240 hanc
615 2178 840 2262 quaestionem
863 2175 1030 2262 aliquanto
1054 2173 1195 2253 {uberius
1218 2183 1340 2257 pertrac-

249 2279 318 2333 tare
342 2280 373 2334 et
396 2281 556 2357 quantum
587 2274 656 2337 lieri
687 2283 792 2360 potest
822 2274 997 2339 elucidare.
1045 2271 1143 2354 Quod
1168 2279 1203 2334 ut
1224 2289 1338 2332 accurs·

185 2419 191 2436 .
248 2368 313 2430 tius
333 2371 434 2453 possit
454 2373 620 2455 praestari,
643 2373 863 2436 necessarium
885 2374 947 2436 erit
960 2373 1055 2436 varia
1077 2370 1292 2433 intermiscere
1305 2363 1338 2426 de

249 2465 423 2551 disciplina
438 2469 662 2553 poenitentiali
677 2471 821 2556 priorum
837 2469 1041 2534 saeculorum
1056 2491 1096 2533 ac
1116 2467 1279 2553 speciatim
1303 2460 1336 2524 de
1384 2515 1385 2543 ,

248 2564 460 2630 confessione.
506 2566 559 2630 Ex
584 2567 673 2632 hisce
703 2570 790 2632 enim
826 2567 1075 2632 illustrabuntur
1105 2589 1161 2646 ea,
1194 2584 1271 2650 quae
1303 2557 1335 2620 dt

248 2661 332 2726 facto
357 2661 500 2728 Nectarii
525 2665 707 2730 enarranda
730 2676 915 2731 occurrunt.

337 2759 484 2826 Conferri
499 2773 635 2848 possunt
658 2763 699 2828 de
713 2764 766 2828 his
785 2764 1031 2851 quaestionibus
1055 2763 1217 2848 imprimis
1230 2754 1332 2824 Frank.

248 2859 308 2921 Dia
332 2859 564 2946 Bussdiscipliu
588 2863 644 2926 der
673 2863 785 2927 Kirclzc
817 2887 876 2928 uon
908 2863 965 2927 dar
994 2861 1187 2948 Apoatclzeit
1218 2859 1261 2921 bis
1278 2873 1332 2916 zum

247 2955 403 3020 sicdeateu
425 2959 649 3038 Jahrhucdert,
673 2959 793 3043 Mainz,
826 2960 1020 3024 Kirchheim
1047 2959 1143 3024 1867.
1167 2957 1263 3036 Idem,
1283 2951 1330 3014 Die
1381 2981 1382 3001 ¹

247 3056 527 3141 ocrhdupoisauolle
540 3057 648 3122 Beicht
662 3083 699 3122 zu
718 3055 977 3144 Constantinopel
990 3069 1080 3122 uerter
1095 3056 1255 3122 Pae-tarel
1270 3053 1330 3117 Nec·
1380 3126 1381 3154 ,

248 3155 367 3232 tarius;
399 3153 511 3220 Theol.
546 3155 769 3236 Quartulschr.
797 3157 890 3222 1867.
922 3194 965 3202 —
988 3155 1154 3234 Zacearia,
1179 3155 1226 3218 De
1243 3147 1329 3238 poeni·

247 3252 346 3316 tentia
374 3250 469 3316 CPoli
492 3253 616 3318 sublato
640 3279 660 3320 a
684 3257 845 3320 Nectario.
889 3253 1046 3318 Thesaur.
1070 3252 1169 3318 theol.
1192 3261 1263 3315 tom.
1284 3241 1328 3310 Χῖ.
1379 3295 1380 3307 .

246 3374 277 3437 p.
302 3351 377 3414 290.
407 3389 449 3398 ——
483 3351 755 3439 (Scheffmacher)
788 3353 909 3416 Lettres
938 3351 1014 3416 d'un
1045 3351 1173 3414 docteur
1195 3337 1328 3412 albmand

247 3449 284 3511 de
304 3447 507 3513 l'Uuiversitd
527 3451 697 3536 catholiqua
736 3451 773 3515 de
798 3449 987 3536 Strosdourp
1019 3453 1039 3512 d
1071 3473 1115 3512 aa
1143 3444 1323 3534 paulumne
1378 3447 1379 3459 ¹

241 3557 433 3633 prolectant,
459 3548 632 3612 deuxibme
659 3550 780 3634 partie,
810 3549 922 3612 Lettre
949 3547 1008 3612 IV.
1033 3546 1227 3628 Strasbourg
1252 3535 1323 3604 1730·
1377 3593 1378 3613 .

245 3683 288 3691 —
320 3645 485 3726 hlorinus,
517 3647 566 3709 Dc
599 3647 872 3710 administratione
903 3645 1101 3710 Sacramenta·
1127 3637 1322 3731 poenitentioe·

245 3741 283 3806 L.
307 3741 351 3805 ΙΙ.
376 3765 403 3807 c.
427 3743 466 3806 L.
492 3743 531 3807 V.
556 3767 584 3809 c.
609 3745 638 3808 8.
685 3783 725 3792 -
763 3743 991 3824 Bellarminus,
1015 3743 1063 3806 De
1081 3737 1276 3828 poenitentia,
1296 3729 1322 3792 L·
1376 3725 1377 3765 l

244 3839 305 3904 III.
331 3862 358 3905 c.
385 3841 435 3905 14.
460 3879 502 3887 -
526 3841 710 3919 Tillemont
727 3843 830 3918 ulem„
851 3843 934 3906 Tem.
950 3843 988 3906 X.
1015 3839 1059 3905 St.
1086 3839 1250 3912 Ambroise,
1270 3831 1321 3894 hn.
1375 3871 1376 3917 i

245 3938 394 4022 LXVII,
411 3978 454 3986 —
467 3939 638 4022 Baronius,
656 3941 807 4022 Annales,
832 3963 861 4004 a.
886 3941 960 4004 390.
977 3978 1020 3988 —
1034 3939 1127 4022 Klee,
1151 3939 1209 4001 Die
1230 3927 1321 3998 Beicll·

1374 4043 1375 4071 l

321 4184 338 4241 ¹)
356 4180 486 4233 Doctrina
504 4179 565 4233 fidei
583 4179 656 4234 Tem.
677 4181 726 4234 111.
746 4197 768 4236 c.
789 4182 847 4236 141.

319 4259 340 4328 Ι)
360 4259 459 4313 Releet
478 4260 511 4314 de
529 4259 717 4316 Poeniteutise
735 4261 804 4316 Sur.
824 4261 854 4316 P.
873 4263 897 4316 2.
