2900 4800
60 663 124 707 lintis
139 661 213 704 estut-

52 727 86 769 tto
101 723 213 828 effetha

222 423 276 478 sle
596 427 636 482 De
653 443 735 482 cansa
752 428 865 484 Honorii
883 428 917 484 R.
936 429 966 484 P.

222 575 322 648 ratur,
347 591 390 632 on
413 567 636 653 infallibiliter
659 571 798 636 Bouiani
830 572 991 655 Pontificis
1023 595 1064 636 aa
1087 573 1199 637 iisdem
1221 575 1344 660 imparq-

221 666 297 728 uam'
313 668 432 752 possit,
466 666 575 753 quoad
608 668 695 732 hano
717 691 786 733 rem
820 668 902 734 haec
925 668 1223 736 animadvertenda
1246 683 1344 736 sunt:

222 763 362 828 Honorii
386 763 542 850 epistolae
575 776 663 830 certo
697 767 811 832 haberi
845 790 911 832 non
939 777 1077 853 possunt
1100 789 1160 832 ceu
1185 768 1345 834 solemnia

225 859 335 948 aliqua
350 862 428 926 fidei
453 863 618 947 definitio,
643 865 697 928 cui
720 865 948 930 tantummodo
978 864 1198 930 infallibilitas
1221 865 1265 930 ab
1282 865 1345 931 Ec·

224 957 324 1024 alesia
336 959 502 1026 tribuitur.
527 961 573 1026 Ut
596 963 684 1026 enim
707 963 838 1046 egregie
859 963 1003 1028 ostendit
1020 961 1206 1029 Cardinalis
1222 963 1299 1030 Orsi
1308 964 1345 1051 ¹),

225 1058 278 1122 isti
302 1065 379 1122 sunt
402 1055 619 1140 characteres,
642 1059 763 1146 quibus
786 1081 824 1124 eo
841 1069 988 1145 tempore
1012 1061 1169 1146 insignire
1193 1061 1348 1126 solebant

223 1155 365 1220 Romani
397 1155 576 1222 Pontifices
598 1156 790 1222 Decretales
823 1167 855 1222 et
878 1156 1040 1224 solemnes
1064 1159 1106 1224 de
1128 1157 1239 1245 aliquo
1264 1159 1345 1223 fidei

225 1253 378 1338 dogmate
415 1251 682 1322 Constitutiones.
728 1256 768 1320 In
804 1256 931 1340 synodo
967 1257 1195 1342 episcoporum
1225 1255 1347 1322 Italiae

225 1361 282 1416 aut
301 1350 416 1416 saltem
440 1354 626 1418 vicinarum
649 1355 911 1440 provinciarum,
936 1353 990 1418 vol
1014 1355 1049 1418 in
1073 1353 1268 1418 clericorum
1284 1353 1347 1418 Ro-

225 1470 343 1514 manae
366 1449 524 1515 eeclesiae
548 1462 715 1518 conventu
746 1453 912 1537 proposita
936 1453 1084 1538 quaestio
1108 1450 1346 1516 ventilabam.

225 1547 372 1612 Litterae
403 1547 614 1634 Apostolioae
643 1549 687 1614 ad
710 1549 915 1635 patriarchas
938 1559 996 1614 aut
1018 1551 1175 1635 primates
1198 1559 1257 1612 aut
1281 1569 1348 1613 me

225 1645 440 1731 tropolitanos
463 1646 692 1730 mittebantur,
716 1657 754 1712 ut
777 1669 831 1712 eas
860 1649 1000 1712 caeteris
1023 1649 1189 1733 episcopis
1213 1647 1348 1711 intima-

226 1751 307 1808 rent.
354 1742 442 1808 Illud
465 1746 564 1809 etiam
588 1744 782 1830 plerumque
806 1746 840 1808 in
855 1766 945 1810 more
968 1747 1112 1830 positum
1136 1755 1216 1826 erat,
1241 1753 1280 1808 ut
1303 1744 1347 1808 ad

227 1863 341 1906 earum
364 1841 640 1928 subscriptionem
655 1844 801 1929 episcopi
823 1842 1053 1926 adigerentur,
1077 1852 1136 1907 aut
1158 1841 1275 1908 saltem
1302 1843 1349 1906 ita

227 1940 368 2025 scriptae
393 1950 500 2024 erant,
524 1950 561 2004 ut
582 1942 835 2006 assertissimam
853 1949 1048 2026 potestatem
1072 1949 1105 2004 et
1122 1939 1348 2026 jurisdicendi

227 2038 452 2124 principatum
475 2059 554 2123 prae
577 2061 611 2102 se
635 2038 775 2121 ferrent,
809 2048 907 2124 atque
937 2038 1021 2104 adeo
1044 2038 1183 2124 parendi
1207 2041 1348 2104 necessi·

227 2143 328 2200 tatem
352 2138 568 2222 imponerent.
614 2137 707 2202 Haec
730 2159 773 2201 ex
797 2137 855 2218 iis,
889 2157 974 2222 quae
1005 2136 1046 2201 de
1070 2135 1212 2200 decretis
1237 2134 1349 2202 Coele·

228 2235 320 2314 stini,
344 2235 480 2316 Leonis,
509 2235 719 2318 Hormisdae,
753 2234 868 2318 Vigilii
892 2233 1055 2316 vidimus,
1079 2237 1160 2298 satis
1184 2233 1349 2298 illustran-

228 2341 289 2396 tur.
315 2371 358 2380 -
381 2332 485 2418 Atqui
508 2332 541 2420 a)
565 2355 672 2418 neque
695 2335 730 2397 in
754 2333 881 2417 synodo
902 2331 1051 2396 Romana
1075 2331 1157 2396 haec
1182 2353 1284 2395 causa
1307 2331 1349 2395 de

229 2452 294 2515 qua
317 2430 484 2496 Honorius
517 2431 631 2516 Sergio
655 2431 802 2516 scripsit,
833 2431 957 2515 agitata
984 2429 1064 2511 fuit,
1095 2451 1156 2494 nec
1180 2431 1347 2516 quispiam

229 2529 300 2592 sive
309 2527 529 2594 Orientalium
544 2531 615 2594 sive
625 2528 892 2594 Occidentalium
906 2529 1046 2594 Honorii
1064 2527 1347 2615 epistolashabnit

229 2626 461 2711 utsynodicas.
477 2667 520 2675 —
533 2627 568 2710 b)
585 2627 680 2692 Adeo
696 2649 773 2692 vero
793 2627 912 2692 missae
933 2649 999 2692 non
1015 2625 1150 2690 fuerunt
1164 2625 1209 2690 ad
1225 2629 1347 2712 episco-

229 2747 288 2811 pos
303 2747 426 2808 omnes,
442 2728 527 2790 utin
543 2725 679 2790 Oriente
694 2723 828 2810 quidem
845 2724 976 2808 ignotae
988 2724 1232 2810 permanserint
1245 2745 1347 2810 usque

230 2823 274 2888 ad
290 2823 430 2888 Honorii
449 2833 481 2887 st
501 2823 607 2907 Sergii
627 2823 764 2905 obitum,
786 2824 821 2888 in
838 2821 1020 2888 Occidente
1037 2842 1115 2886 vero
1132 2819 1225 2884 velnt
1241 2842 1346 2886 novae

230 2921 429 3004 acciderint,
453 2944 556 3008 quum
589 2943 644 2986 eas
666 2919 815 3006 Pyrrhus
843 2923 987 3007 primum
1006 2920 1157 3005 jactaret.
1204 2919 1246 2984 ld
1271 2919 1347 2983 satis

231 3019 397 3104 colligitur
419 3042 462 3085 ex
485 3021 544 3102 iis,
569 3041 654 3106 quae
677 3017 842 3084 habentur
876 3019 909 3082 in
940 3017 1104 3102 Apologia
1134 3017 1279 3082 loannis
1301 3017 1347 3082 Il'

230 3139 289 3204 pro
312 3118 460 3184 Honorio
485 3128 518 3184 et
540 3121 575 3182 in
599 3117 737 3203 epistola
760 3117 793 3184 S.
817 3117 957 3182 Maximi
981 3115 1025 3180 ad
1048 3115 1227 3180 Marinum.
1251 3115 1348 3182 Joan·

231 3238 290 3282 nes
313 3217 470 3282 videlieet
492 3218 587 3282 initio
612 3215 768 3303 epistolae
787 3216 852 3280 ait:
880 3212 1039 3288 Quantum
1062 3236 1101 3278 aar
1123 3213 1259 3278 &versis
1284 3237 1349 3300 sap·

230 3314 421 3399 parionibus
445 3338 523 3400 quoe
547 3315 591 3378 ad
613 3337 669 3378 nos
697 3314 880 3378 cateruatim
901 3322 1067 3388 venerunt,
1096 3313 1235 3398 quinimo
1260 3325 1291 3378 ct
1313 3335 1351 3376 m:

232 3415 302 3500 ipso
319 3413 432 3477 auditu
447 3413 630 3490 didicimus,
646 3435 751 3476 ommes
770 3408 979 3476 occidentales
987 3419 1099 3496 partes
1113 3410 1350 3474 secumdum

233 3511 418 3590 trabuntur,
434 3511 547 3596 fratre
569 3521 675 3574 metro
699 3509 818 3596 Hprrltc
836 3507 1026 3595 patriarcha
1044 3529 1105 3593 per
1128 3506 1255 3572 litteras
1279 3529 1350 3573 sum

232 3611 290 3674 huc
313 3621 404 3696 atquc
428 3607 505 3674 illoc
537 3609 740 3674 transmissas
772 3629 854 3670 uoco
877 3605 1031 3692 quosdam
1062 3615 1092 3668 et
1109 3615 1244 3690 practer
1267 3627 1350 3690 repo·

234 3707 298 3772 hm
312 3707 395 3792 fidei
412 3707 621 3795 praedicante
631 3756 641 3785 ,
666 3715 695 3770 et
718 3705 762 3768 ad
775 3705 943 3792 proprium
964 3725 1087 3768 sonsum
1108 3703 1202 3788 prosi
1224 3712 1350 3766 suadae

234 3807 400 3870 meritos-im
434 3806 611 3869 Heraclium
643 3805 767 3889 Papam
802 3801 992 3866 daoeaaorem
1023 3809 1163 3864 nostrum
1194 3800 1350 3864 aramus

225 3903 425 3987 festinante,
449 3902 532 3990 quod
564 3925 584 3966 a
608 3912 706 3964 mna
738 3897 884 3964 cotlsolioi
906 3899 1014 3962 Patria
1036 3909 1105 3962 crat
1123 3898 1253 3982 pertitus
1277 3895 1349 3962 olia-
1441 3935 1442 3940 κ

312 4125 331 4194 ¹)
351 4125 391 4180 De
409 4126 485 4180 Rom.
505 4123 584 4178 Pont.
612 4121 777 4176 auctoritate
795 4121 824 4176 in
842 4119 1000 4174 definiendis
1024 4118 1086 4174 fidei
1104 4117 1303 4180 mntroversiir,
1319 4114 1347 4170 1.

236 4203 638 4274 tensaurum.
