2900 4800
557 461 682 518 monus
700 463 779 522 varii.
1175 459 1227 520 415

109 605 168 668 vit.
215 601 282 668 Sed
305 613 379 689 post
401 624 461 670 sex
484 623 612 698 menses
628 604 698 690 ipse
711 606 880 692 depositus
904 615 962 688 est,
987 607 1228 692 imperiumque

108 701 255 788 suscepit
281 699 457 782 Constans,
488 699 576 766 filius
600 699 825 787 Constantini,
857 706 914 791 qni
946 725 1006 790 per
1027 704 1147 788 viginti
1170 723 1229 768 sex

109 820 215 864 annos
239 797 444 886 (642-668)
474 801 663 886 imperavit.
708 802 769 866 Vir
796 812 867 868 erat
894 821 1019 888 provee
1050 798 1171 866 indolis
1197 807 1230 864 et

109 895 390 962 Monotheletismi
422 907 536 982 postes
568 909 811 986 propugnatum
848 909 994 971 rhomen
1024 898 1149 965 Jounni
1180 896 1229 962 IV

109 995 228 1058 amicis
241 993 352 1060 verbis
374 995 554 1084 respondit,
580 1019 614 1062 se
628 997 848 1064 orthodoxum
872 1019 958 1078 esse,
981 1019 1021 1062 ec
1045 995 1228 1075 mundasse,

111 1101 147 1154 ut
163 1091 400 1158 documentum
420 1093 616 1158 oPcntifice
636 1094 849 1182 reprobatum
860 1094 1040 1182 (Ecthesis)
1056 1092 1229 1160 doleretur.

200 1191 256 1256 44.
279 1190 428 1275 Pyrrhus
457 1190 662 1277 patriarche,
687 1193 775 1281 quod
808 1195 899 1260 necis
929 1190 1137 1258 Constantini
1158 1210 1230 1274 por·

111 1289 218 1374 ticeps
241 1298 450 1374 argueretur,
484 1289 618 1357 interim
647 1313 665 1354 e
697 1289 775 1356 sede
798 1313 858 1356 sun
881 1290 1029 1376 dejectus
1049 1297 1110 1371 est,
1135 1289 1230 1372 eique
1250 1313 1343 1366 synna·
1363 1315 1385 1356 u

112 1386 271 1450 successit
285 1383 407 1450 Paulus
430 1396 462 1452 et
485 1387 554 1474 ipse
577 1386 810 1454 Monotheleta.
855 1385 1004 1473 Pyrrhus
1026 1395 1173 1468 testatus,
1197 1373 1262 1448 ses·
1282 1373 1392 1418 mm·

111 1485 147 1547 vi
173 1482 291 1548 cedere
314 1505 421 1570 neque
444 1485 637 1572 episcopatu
659 1485 825 1568 abdicare,
849 1495 973 1552 secreto
996 1485 1126 1569 aufugit
1149 1482 1232 1548 Con·

113 1581 328 1671 stontinopoli
351 1593 385 1646 et
408 1583 442 1648 in
455 1581 603 1650 Africam
627 1605 661 1648 se
674 1585 810 1670 recepit.
856 1583 908 1648 Ibi
930 1603 1018 1648 enno
1042 1582 1118 1663 645,
1142 1601 1232 1666 prce·

113 1678 265 1746 sentibus
287 1677 497 1766 Imperatoris
529 1680 695 1768 praefecto
719 1679 879 1766 Gregorio
911 1679 1088 1765 multisque
1111 1680 1232 1764 episco-

113 1778 184 1864 pis,
216 1777 463 1846 celeberrimam
492 1777 610 1846 habuit
638 1776 897 1868 Disputationcm
928 1801 998 1844 nrm
1027 1775 1060 1844 8.
1090 1777 1234 1845 Monimo
1349 1827 1361 1836 ‚.

114 1873 239 1940 Attae
263 1873 304 1940 de
328 1875 478 1942 doctrino
501 1876 765 1962 monotheletiotg
789 1878 825 1942 in
848 1898 914 1963 quo
937 1877 1037 1942 etium
1061 1875 1101 1942 de
1124 1873 1233 1940 Hono·

114 1973 156 2037 rii
182 1972 321 2058 epistola
344 1984 455 2040 sctum
479 1983 537 2040 est.
578 1974 612 2043 S.
634 1976 810 2057 Maximus,
835 1983 932 2042 natus
955 1995 1042 2062 enno
1064 1971 1149 2054 589,
1172 1971 1235 2039 tuit

115 2071 313 2136 secretarius
343 2071 489 2141 Heraclii
521 2094 625 2158 usque
647 2072 690 2138 sd
712 2094 839 2138 sunum
863 2073 949 2154 630,
982 2081 1063 2136 tunc
1085 2091 1164 2136 vcro
1188 2089 1235 2134 re-

114 2167 196 2233 licta
219 2168 296 2233 aulo
313 2165 509 2255 chrysopoli
528 2169 686 2258 (scauri)
710 2171 892 2238 monachus
912 2169 1020 2236 fectus
1051 2177 1111 2250 est,
1134 2177 1167 2232 et
1188 2187 1236 2232 or·

116 2265 285 2332 thodoxae
308 2267 477 2334 doctrinae
500 2267 623 2334 exinde
645 2268 709 2334 fuit
732 2271 818 2336 inter
833 2265 1018 2334 Orientales
1039 2266 1237 2352 proecipuus

116 2373 354 2452 propugnator.
403 2365 516 2446 Quum
548 2365 752 2452 Sophronius
783 2390 814 2434 u.
832 2366 904 2442 ι633
927 2367 1072 2452 primum
1094 2361 1238 2429 Aietou·

120 2461 215 2526 drioe
237 2461 562 2531 Monothelctismum
585 2465 814 2550 impugnaret,
838 2465 1005 2530 Maximus
1035 2462 1106 2548 ejus
1128 2481 1238 2528 comes

119 2569 210 2641 erat,
224 2561 272 2625 uti
296 2561 366 2646 ipse
389 2561 506 2628 asserit
528 2583 588 2626 sua
611 2559 655 2626 ud
667 2561 805 2628 Petrum
826 2562 974 2649 epistchu
999 2558 1126 2626 videns
1149 2579 1237 2640 vero,

119 2655 445 2725 Monotheletismum
479 2660 584 2744 magis
616 2661 787 2746 magisque
819 2661 854 2726 in
878 2659 1013 2727 Oriente
1052 2657 1237 2743 propagari,

119 2755 272 2840 Romam,
291 2755 363 2841 jam
387 2755 491 2822 abhas
514 2757 636 2839 fuctus,
663 2757 828 2844 proficisci
853 2757 1033 2838 constituit,
1054 2765 1153 2840 utque
1175 2753 1239 2818 hoc

121 2855 187 2920 iter
215 2853 344 2920 faciens
375 2855 410 2920 iu
441 2853 590 2946 Africam
620 2857 713 2922 venit
746 2855 857 2941 ibique
891 2854 1060 2940 eliquanto
1092 2863 1238 2936 tempore

121 2963 273 3016 versatus
303 2961 361 3018 est.
407 2953 573 3018 Instanter
604 2954 775 3040 episcopos
807 2951 906 3018 Atros
928 2951 972 3016 ab
995 2971 1104 3018 errore
1127 2970 1238 3014 mono·

120 3047 278 3116 theletico
308 3049 483 3133 deterruit,
507 3061 540 3115 et
571 3072 648 3115 cum
670 3049 797 3135 Pyrrho
830 3071 871 3116 ee
899 3050 1071 3114 occammm
1095 3046 1239 3131 dispun-

120 3149 248 3214 tionem
272 3169 372 3235 quom
395 3149 541 3216 diximus
573 3148 700 3213 habuit.
745 3147 894 3232 Pyrrhus
916 3146 957 3212 de
980 3167 1087 3210 errore
1111 3143 1240 3210 convic-

122 3257 176 3312 tus
200 3245 397 3312 catholicam
420 3245 605 3312 doctrinam
633 3247 799 3334 professus
822 3255 887 3327 est,
918 3255 950 3308 et
977 3265 1079 3331 quum
1102 3241 1241 3306 Romam

122 3367 201 3410 cum
217 3345 365 3410 Maximo
383 3347 538 3428 venisset,
562 3343 670 3411 oblato
694 3344 772 3409 fidei
794 3342 905 3410 libello
928 3340 1135 3410 sTheodcro
1150 3339 1241 3424 Papa

87 3507 92 3516 ,
122 3445 159 3508 in
183 3443 449 3508 communionem
481 3452 632 3529 receptus
662 3449 695 3506 et
728 3443 775 3507 uti
808 3442 981 3526 episcopus
1012 3437 1146 3504 habitus
1168 3435 1241 3502 fuit.

123 3540 171 3606 At
184 3541 380 3609 Ravennam
404 3549 517 3627 postea
540 3559 708 3624 regnosms
729 3539 773 3604 ud
794 3539 957 3603 vomitum
980 3535 1088 3617 rediit,
1112 3543 1145 3598 et
1159 3535 1241 3620 epis·

124 3649 246 3724 copctu
270 3637 404 3704 OPtono
427 3647 662 3726 postmortem
685 3635 781 3702 Psnli
803 3655 916 3702 rursus
939 3636 1061 3721 potitus
1084 3631 1098 3720 (
1120 3681 1128 3697 .
1152 3629 1241 3718 655),

124 3745 199 3822 post
221 3738 369 3823 quinque
398 3739 531 3802 circiter
561 3755 691 3800 menses
722 3731 900 3800 defunctus
923 3743 981 3798 est.
1027 3729 1160 3812 Pholus,
1185 3730 1241 3814 qui

124 3833 245 3919 Pyrrhi
282 3835 413 3921 profugi
451 3835 560 3900 iocum
600 3841 834 3918 occupaverat,
874 3849 1051 3917 parumper
1080 3827 1242 3892 haeresim

125 3932 366 4016 dusinutsvit,
396 3950 495 4019 quom
518 3931 677 4018 deinceps
708 3939 820 4018 operte
852 3930 1016 4015 professus
1038 3935 1096 3990 est.
1148 3925 1242 3988 Thro-

125 4031 223 4096 dorus
243 4041 354 4096 entem
365 4031 404 4096 R.
417 4027 572 4096 Pontifex
584 4030 606 4096 J
609 4030 726 4094 oannis
735 4027 784 4092 IV
798 4045 968 4092 successor
982 4023 1025 4112 (s.
1041 4020 1241 4108 642-649),

127 4149 230 4214 quum
253 4150 361 4216 neque
383 4151 443 4216 per
464 4128 591 4194 litteras
622 4149 729 4214 neque
753 4147 812 4213 per
833 4123 957 4210 legatos
981 4143 1057 4190 eum
1080 4121 1242 4206 corrigere

125 4226 299 4313 potuisset,
324 4227 450 4312 synodo
475 4235 590 4293 coacta
613 4225 721 4312 ipsum
742 4221 986 4290 condemnavit.
1030 4219 1096 4300 Qui
1120 4226 1156 4282 ut
1179 4217 1242 4282 sibi
