2766 4836
241 461 278 517 ts
467 461 508 514 De
526 461 672 514 arianismi
690 459 756 514 fatis
774 473 806 514 ac
823 461 856 515 de
875 461 951 528 lapsu
970 461 1078 517 Liberii.

243 603 318 670 Orsi
348 601 446 691 (Stor.
479 601 618 688 eccles),
653 600 796 688 Stilting,
828 601 996 688 Ballerini,
1029 603 1195 690 Zacoerio,
1225 607 1333 683 Pelrua,

242 702 400 784 Dumont,
424 701 635 784 Reinerding,
651 699 897 782 Schneemann,
914 703 1078 784 Wouters,
1101 704 1134 770 ll.
1158 727 1205 771 ce.
1228 705 1333 792 aliique
1369 737 1370 774 ι

242 799 414 864 Liberium
446 819 566 884 papam
603 798 776 864 vindicent
807 797 850 864 ab
888 801 977 864 omni
1010 800 1095 882 labe,
1127 803 1334 888 formulasque
1369 787 1370 844 i

242 897 341 962 elicui
365 899 473 982 ipsum
497 895 728 981 subscripsisse
752 906 884 981 negant.
930 897 1027 962 Multi
1052 911 1204 964 auctores
1225 923 1287 964 rem
1308 904 1333 964 iu

242 995 343 1060 dubio
366 995 567 1080 relinquunt.
1369 1063 1370 1082 χ

171 1170 176 1180 ,
330 1092 383 1158 65.
407 1092 505 1157 Modo
524 1093 596 1177 jam
620 1114 659 1156 ea
682 1102 876 1176 argumento
889 1093 1074 1176 afferemus,
1100 1097 1221 1182 quibus
1244 1117 1332 1160 move
1369 1083 1370 1150 i

181 1202 184 1208 '
242 1213 316 1256 mur
347 1198 383 1254 ut
414 1191 650 1271 existimemus,
683 1189 855 1255 Liberium
888 1191 1075 1256 nullatenus
1106 1193 1234 1279 lapsum
1264 1215 1332 1260 esse:

241 1296 434 1372 argumente
457 1288 607 1372 opposita
630 1285 727 1352 simul
760 1289 1011 1374 perpendemus,
1044 1301 1077 1354 et
1098 1301 1258 1378 quantum
1278 1293 1333 1354 fieri

241 1396 347 1470 potest
370 1407 582 1471 exponemus,
607 1384 687 1470 quid
717 1385 758 1450 de
788 1386 885 1452 modo
917 1387 1038 1472 agendi
1062 1388 1162 1476 hujus
1185 1390 1336 1456 Pontificio

242 1485 394 1550 videatur
432 1482 643 1548 censendum.
683 1519 726 1532 -
764 1483 880 1570 Itaque
913 1487 1074 1572 imprimis
1112 1487 1335 1552 advertendum

241 1591 299 1666 est,
332 1581 422 1668 opud
454 1581 605 1666 antiquos
638 1582 684 1645 ite
716 1582 901 1666 praedicari
933 1585 1100 1668 egregiam
1134 1587 1286 1650 virtutem
1312 1597 1337 1648 et

242 1681 451 1746 sanctitatem
464 1677 600 1760 Liberii,
625 1687 661 1742 ut
684 1678 871 1746 nullatenus
886 1681 1032 1767 aliquem
1055 1684 1125 1769 ejus
1147 1683 1273 1770 lapsum
1294 1681 1336 1746 ad-

242 1781 367 1846 misisse
390 1776 576 1842 videantur.
600 1775 633 1841 S.
645 1775 840 1842 Ambrosius
854 1777 901 1864 (n.
925 1803 955 1844 a.
971 1781 1174 1866 335-340),
1200 1783 1253 1867 qui
1275 1781 1336 1844 ado-

240 1878 365 1944 lescens
389 1884 421 1939 et
438 1875 574 1960 juvenis
597 1875 720 1938 Romae
749 1874 866 1940 studiis
890 1898 1024 1962 operam
1054 1878 1193 1944 dederat
1225 1877 1335 1966 (saltem

241 1977 282 2041 ab
298 1999 328 2040 e.
346 1971 445 2059 353),
462 1973 696 2038 Pontificatum
714 1972 966 2040 administrante
984 1976 1128 2058 Liberio,
1149 1999 1230 2041 sene
1248 1997 1337 2040 mores

241 2076 343 2160 ipsius
361 2081 395 2136 et
407 2072 530 2136 famam
541 2073 663 2156 optime
678 2081 824 2136 noverat.
849 2071 882 2136 Is
893 2095 970 2138 vero
986 2076 1036 2140 De
1052 2075 1275 2161 Virqt‘rst'bosL
1288 2073 1335 2137 III.

240 2199 264 2238 c.
290 2171 342 2258 1¹)
365 2169 399 2235 S.
422 2168 634 2234 Mareellinee
657 2170 759 2233 sorori
790 2192 886 2252 sues,
910 2193 995 2258 quse
1018 2173 1222 2257 virginitatis
1243 2173 1337 2237 velun

240 2269 316 2336 aS.
338 2269 472 2334 Liberio
495 2277 679 2352 acceperet,
711 2268 827 2332 recitat
859 2270 1039 2334 emtionem
1067 2270 1111 2336 ab
1133 2271 1251 2336 eodem
1272 2281 1339 2334 tuno

244 2397 451 2407 ——-·-..———

238 2465 306 2520 sista
324 2464 476 2532 longtemps
494 2467 522 2514 et
549 2477 583 2516 ne
601 2459 644 2528 s’v
662 2461 765 2516 resolut
791 2477 842 2528 qne
868 2477 930 2516 sous
949 2461 1125 2530 t¹inspiretion
1143 2465 1179 2520 de
1197 2463 1224 2519 ia
1240 2465 1338 2519 orsinte

238 2545 334 2600 Libere
352 2560 386 2598 en
404 2541 436 2596 fit
455 2547 552 2594 autent
571 2541 624 2595 etio
643 2541 675 2594 do
702 2543 815 2610 pouvoir
834 2547 974 2597 retourner
997 2544 1124 2601 omme.
1154 2545 1197 2600 De
1214 2562 1260 2602 nos
1275 2546 1337 2614 jours

239 2643 271 2679 οιι
291 2643 308 2678 o
325 2624 480 2678 veinernent
499 2625 592 2688 essaye
611 2623 642 2675 de
666 2621 725 2677 nier
743 2637 772 2676 ce
791 2621 850 2676 fait.
875 2621 1060 2689 erethenses,
1080 2623 1336 2681 standandans

238 2721 285 2760 son
304 2719 423 2773 ouvrage
441 2703 597 2768 historicus,
616 2699 770 2756 l'effirment
794 2705 1007 2770 expressement;
1036 2719 1065 2758 ee
1084 2705 1193 2761 demist
1216 2723 1248 2761 en
1266 2705 1336 2760 doure

237 2786 383 2841 nemetes
413 2783 512 2838 motiis.
550 2781 574 2836 ΙΙ
601 2797 635 2836 eu
666 2782 736 2836 etott
765 2782 1013 2850 siprotundement
1031 2783 1125 2854 afflige
1143 2786 1210 2852 qu’it
1228 2783 1335 2840 s'eerr'sit

238 2872 365 2922 souvent:
393 2864 550 2920 Mslbeure
575 2863 621 2928 toi,
641 2863 762 2918 criminei
790 2863 899 2920 Libere!
931 2863 981 2920 (ies
999 2881 1128 2934 passages
1146 2869 1226 2922 n’out
1241 2883 1286 2936 pes
1301 2867 1335 2919 ete¹

238 2949 338 3002 inseres
356 2947 423 3001 dans
442 2961 484 2998 ees
503 2945 572 2997 deux
591 2943 710 2997 derniers
729 2959 862 3012 ouvrages
891 2943 915 2998 S.
936 2945 1045 3000 Jereme
1063 2947 1130 3000 dens
1149 2963 1182 3002 sa
1203 2949 1336 3014 veronese

239 3035 267 3082 et
296 3028 362 3082 dens
392 3043 440 3082 son
458 3027 501 3080 De
527 3026 594 3076 viris
627 3025 779 3077 etestrreas
809 3041 830 3077 o.
856 3025 904 3090 97,
930 3024 971 3079 dit
998 3041 1051 3092 que
1079 3025 1177 3082 Libere
1205 3025 1278 3082 avait
1301 3025 1335 3078 ete

238 3108 345 3162 ebranle
375 3123 424 3176 par
451 3103 630 3159 Fortunatien
658 3104 758 3170 eveqne
782 3103 936 3172 d’dquilee.
974 3105 1061 3170 Rufio,
1076 3106 1095 3162 il
1122 3114 1165 3162 est
1193 3109 1258 3171 vrsi,
1275 3109 1335 3160 n’er

238 3189 290 3242 fait
308 3205 355 3256 pas
374 3188 500 3250 mention,
519 3185 585 3240 meis
604 3185 623 3238 il
642 3201 676 3238 ne
700 3189 809 3238 recente
827 3200 875 3252 pas
889 3247 891 3252 ¹
903 3185 930 3238 la
948 3185 1097 3254 viugtierue
1116 3189 1208 3254 partis
1224 3187 1256 3241 de
1273 3187 1288 3240 i'
1306 3185 1334 3237 hi·

237 3269 320 3324 stoire
335 3269 366 3322 de
377 3268 394 3320 l'
405 3267 564 3320 Arianisme.
583 3265 623 3319 Le
649 3265 783 3328 Romeins,
792 3267 817 3319 si
828 3281 894 3320 noos
914 3282 946 3321 en
957 3281 1067 3333 croyore
1077 3268 1229 3332 Soaomeoe,
1241 3265 1333 3322 oreient

236 3349 373 3404 intercede
391 3363 458 3414 poor
476 3345 572 3399 Libere
595 3348 691 3414 eupres
715 3345 747 3400 de
766 3345 915 3400 constance
942 3361 1010 3414 pour
1035 3347 1101 3413 qn‘il
1129 3348 1154 3402 ie
1183 3348 1269 3404 rendit
1285 3349 1299 3398 e
1314 3345 1334 3397 ls

237 3428 340 3492 liberte,
359 3427 426 3491 mais
445 3425 593 3480 Constance
610 3443 628 3495 y
648 3427 725 3482 avait
750 3426 800 3480 mis
827 3442 895 3495 pour
920 3427 1055 3482 condition
1074 3429 1140 3496 qn’il
1159 3427 1295 3484 donnersit
1310 3439 1333 3476 sa

236 3508 391 3578 signatore:
411 3521 440 3560 oe
459 3507 504 3572 qui
523 3522 540 3560 a
558 3505 611 3560 fait
638 3507 695 3560 dire
726 3505 892 3560 eBoronius
911 3521 963 3572 que
981 3506 1007 3560 te
1025 3505 1146 3562 iiatterie
1164 3509 1190 3563 d'
1211 3515 1332 3574 raspert

237 3587 316 3643 etde
335 3589 351 3641 l’
371 3594 449 3641 autre
468 3586 625 3654 lajaiousie
655 3601 751 3642 envers
779 3587 804 3640 le
831 3603 900 3656 pepe
917 3585 994 3642 Iieiix
1012 3587 1125 3642 avaient
1143 3592 1236 3642 aniene
1252 3585 1332 3640 Libere

236 3667 411 3723 esuscrire.
449 3667 565 3720 Yet-il
588 3681 656 3734 pour
682 3682 749 3720 noos
778 3682 813 3722 ιιιι
831 3669 965 3734 speetaole
982 3667 1043 3736 pios
1061 3667 1227 3726 donicuresx
1245 3679 1292 3734 que
1307 3663 1332 3716 dt

236 3750 296 3806 voir
314 3749 417 3804 tomber
435 3764 471 3801 ιιιι
490 3747 576 3816 pereil
593 3747 717 3802 homme?
757 3747 808 3802 Des
830 3747 872 3802 iile
893 3754 1024 3802 couvrent
1042 3747 1190 3804 soloutiers
1209 3748 1235 3802 lo
1250 3745 1330 3801 audite

139 3877 145 3888 .
235 3833 269 3886 ee
288 3831 346 3886 leur
363 3831 442 3896 pere;
462 3829 530 3882 rna's
548 3833 680 3882 comment
697 3828 756 3882 nier
779 3831 851 3882 cette
875 3829 969 3882 nuilite
989 3827 1094 3883 neme?
1125 3829 1246 3884 bielheur
1262 3830 1278 3880 e
1293 3823 1330 3890 qni

236 3911 359 3980 pourrsit
376 3925 405 3963 se
423 3908 523 3976 rejouir
541 3909 573 3962 de
592 3907 717 3962 lachete
736 3908 768 3962 de
787 3924 815 3962 oe
833 3923 909 3976 pape.
941 3908 1032 3975 Quant
1049 3911 1066 3964 e
1085 3909 1112 3962 le
1129 3923 1209 3976 rayer
1225 3908 1257 3961 de
1274 3906 1288 3958 t·
1300 3904 1332 3956 hi·

236 3991 327 4056 stoire,
346 4006 413 4044 nous
432 4005 465 4044 ne
484 3989 509 4042 le
528 4004 653 4056 ponvons,
674 3988 702 4042 ni
720 3987 745 4042 le
764 3987 871 4042 devons.
891 3988 964 4042 Nous
982 3987 1198 4044 reseeurblerions
1216 4003 1265 4041 ens
1281 3999 1330 4052 pro

118 4085 121 4093 ’
237 4077 356 4126 testante
374 4069 436 4136 qui,
468 4084 501 4126 eu
520 4075 662 4124 reeourart
678 4084 742 4122 sans
761 4081 833 4122 oesse
851 4071 868 4123 e
886 4067 919 4122 de
944 4070 996 4124 tels
1013 4083 1130 4136 movens,
1148 4074 1196 4122 ont
1217 4065 1330 4122 soleres

235 4153 253 4207 l’
267 4152 380 4206 histoire
399 4155 460 4206 tout
476 4151 613 4204 caractere
631 4149 664 4206 de
682 4147 858 4204 sedibilite.“

312 4233 332 4304 ¹)
350 4230 422 4300 Opus
440 4230 569 4300 seriptum
588 4235 630 4284 est
648 4245 741 4284 versus
759 4243 858 4284 aunum
876 4229 937 4288 377.
