2806 4848
240 487 290 541 140
654 484 694 541 De
713 483 782 541 lucto
800 482 929 540 Nectarii.

238 631 322 693 Nam
355 629 532 693 Novatiani
565 650 606 693 ne
639 631 732 694 initio
757 627 890 715 quidem
920 624 1183 710 supplementum
1205 621 1268 686 hoc
1290 621 1338 684 ed·
1394 625 1395 630 ’

239 730 407 793 miserunt.
453 727 670 791 Homousiani
702 749 780 792 vero
813 727 870 811 qui
901 745 990 788 nunc
1021 721 1175 786 ecclesias
1198 718 1340 784 obtinent

239 819 281 912 (oi
307 823 341 888 di
363 830 417 887 νῖν
438 829 502 889 τῶν
534 820 705 912 ἐκκλησίαν
734 799 944 909 κρατοῦντεςῇ,
975 841 1051 884 cum
1074 818 1137 883 hoe
1159 819 1338 882 institutum

239 923 296 989 diu
319 925 537 1002 retinuissent,
561 921 695 987 tandem
722 923 868 986 Nectarii
897 920 1042 1004 episcopi
1065 914 1269 1002 temporibus
1290 914 1339 978 ab·

237 1031 402 1106 rogarunt,
419 1021 460 1085 ob
479 1022 608 1086 facinus
622 1020 788 1107 quoddam
804 1019 892 1105 quod
915 1020 949 1082 iu
974 1016 1111 1080 ecclesie
1135 1013 1338 1078 commissum

238 1120 374 1184 fuerat.“

326 1216 356 1282 5.
383 1216 522 1301 „Mulier
553 1215 713 1301 quaedam
750 1214 870 1280 nobilis
893 1213 970 1301 (τῶν
1002 1209 1147 1296 είγέκων)
1170 1207 1216 1274 ad
1239 1208 1339 1292 poeni·

237 1316 426 1379 tentiarium
453 1315 680 1400 presbyterum
709 1312 869 1378 accedens
898 1310 1017 1376 delicte
1044 1319 1117 1394 post
1144 1306 1340 1390 baptismum

238 1436 257 1476 a
281 1435 314 1477 se
342 1421 528 1499 perpetrata
556 1412 747 1496 singillatim
776 1411 924 1476 confesse.
947 1417 1016 1472 erut
1040 1403 1136 1494 (κατὰ
1157 1401 1255 1488 μέρος
1278 1399 1340 1481 ἐξο-

236 1510 440 1594 μολογεῖται).
486 1510 662 1595 Presbyter
688 1532 767 1574 vero
789 1507 958 1595 praecepit
985 1503 1124 1585 mulieri,
1155 1513 1193 1566 ut
1212 1500 1342 1586 jejuniis

238 1618 270 1672 et
292 1609 493 1673 orationibus
516 1610 680 1673 continuis
703 1617 845 1689 vacaret,
868 1627 931 1692 quo
956 1603 1081 1668 scilicet
1103 1623 1170 1664 une
1196 1619 1272 1662 cum
1295 1596 1341 1660 de-

191 1734 196 1750 ·
237 1705 388 1770 lictorum
416 1706 619 1771 confessione
646 1728 728 1792 opus
760 1705 858 1769 etiam
890 1701 1111 1789 poenitentiae
1146 1695 1342 1761 conveniens

238 1805 431 1869 ostenderet.
476 1805 654 1888 Progressu
681 1804 837 1890 temporis
865 1799 983 1865 mulier
1004 1795 1096 1862 alind
1117 1795 1252 1859 facinus
1275 1813 1341 1855 cou-

237 1903 323 1966 fessa
354 1912 411 1984 est,
445 1902 602 1966 ecclesiae
635 1901 790 1966 videlicet
822 1901 998 1965 diaconum
1031 1915 1107 1960 cum
1140 1895 1215 1980 ipsa
1245 1889 1340 1976 stupri

239 1998 508 2064 consuetudinem
539 1999 704 2064 habuisse.
750 1999 791 2063 Id
825 2019 900 2062 cum
924 1996 1071 2076 dixisset,
1096 1991 1258 2056 diaconus
1281 1987 1342 2072 qui-

239 2099 312 2163 dem
337 2098 474 2163 ecclesia
498 2098 621 2184 ejectus
644 2106 702 2180 est,
722 2097 862 2183 populus
876 2116 954 2160 vero
978 2093 1123 2177 graviter
1146 2083 1341 2154 commoveri

238 2195 386 2283 coepit1).
438 2190 553 2281 Neque
585 2197 674 2260 enim
706 2195 810 2259 solum
847 2193 889 2258 ob
922 2191 1027 2256 scelus
1059 2187 1148 2275 quod
1181 2191 1341 2271 patratum

237 2294 343 2358 fuerat
377 2292 644 2379 indignabantur,
678 2315 794 2358 verum
827 2293 926 2357 etiam
959 2312 995 2354 eo
1024 2285 1112 2374 quod
1142 2283 1238 2348 labes
1260 2277 1341 2344 haud

238 2391 411 2456 mediocris
434 2402 531 2478 atque
565 2392 702 2456 infamia
724 2392 787 2455 hoc
821 2391 907 2455 facto
931 2407 1064 2473 aspersa
1086 2381 1268 2446 videbatur
1288 2375 1342 2441 Ec·

238 2489 365 2554 clesiae.
404 2489 487 2554 Cum
510 2491 612 2574 igitur
634 2512 706 2554 eam
730 2489 771 2553 ob
804 2507 937 2552 causam
961 2481 1175 2548 ecclesiastici
1199 2475 1341 2542 homines

238 2588 383 2652 dicteriis
418 2597 658 2674 appeterentur,
691 2587 886 2652 Eudaemon
909 2582 1044 2671 quidam
1067 2576 1242 2644 Ecclesiae
1264 2592 1340 2658 pree·

237 2687 333 2771 byter
356 2685 559 2750 Alexandria
591 2686 759 2766 oriundus,
793 2686 945 2770 episeopo
977 2679 1131 2744 Nectario
1168 2672 1282 2752 suasit,
1310 2677 1341 2730 ut

237 2785 525 2870 poenitentiarium
558 2784 692 2870 quidem
716 2783 943 2868 presbyterum
977 2781 1200 2864 expungeret,
1234 2786 1340 2832 unum·

238 2903 400 2969 quemque
435 2904 512 2946 vero
543 2904 601 2968 pro
626 2882 761 2947 arbitrio
794 2891 826 2945 et
849 2901 907 2966 pro
932 2877 1033 2942 enimi
1070 2874 1121 2937 sui
1146 2864 1340 2934 conscientia

237 2979 280 3044 ed
297 2989 574 3044 sacramentorum
596 2981 858 3044 communionem
874 2979 995 3042 sineret
1017 2970 1186 3038 accedere.
1233 2965 1339 3048 Neque

238 3079 325 3142 enim
350 3077 443 3142 aliter
466 3077 536 3141 fieri
560 3099 663 3162 posse,
689 3087 724 3141 ut
747 3075 897 3141 Ecclesia
920 3073 963 3139 ab
987 3072 1076 3136 omni
1099 3066 1222 3155 probro
1246 3060 1341 3128 libere

238 3184 330 3240 esset.
368 3176 460 3239 Haec
484 3197 543 3260 ego
568 3198 643 3239 cum
667 3175 708 3239 ab
739 3177 808 3260 ipeo
833 3172 1046 3238 Eudaemone
1070 3163 1268 3250 acceperim,
1291 3157 1338 3220 Hi·

238 3275 356 3338 storiec
379 3273 457 3337 lruic
480 3275 622 3338 inserere
646 3275 780 3338 minime
804 3271 966 3337 dubitavi.
990 3267 1132 3345 Etenim,
1158 3271 1196 3326 ut
1219 3257 1339 3343 saepius

238 3371 319 3452 dixi,
344 3393 473 3435 omnem
498 3394 609 3435 curam
642 3393 680 3435 ac
704 3370 908 3456 diligentiam
943 3388 980 3432 eo
1005 3361 1138 3442 contuli,
1161 3369 1274 3422 utres
1294 3373 1338 3434 ge·

238 3479 304 3534 stas
328 3492 369 3534 ex
393 3471 432 3532 iis
456 3471 512 3555 qui
537 3491 590 3532 ees
614 3471 736 3554 optime
754 3477 873 3533 norant
896 3463 1128 3540 condiscerem,
1152 3476 1274 3543 eaeque
1295 3469 1339 3514 ac·

238 3577 348 3632 curate
364 3577 593 3652 perscrutarer,
613 3589 654 3632 ne
669 3567 749 3652 quid
764 3589 784 3631 u
800 3566 938 3629 veritate
951 3563 1095 3628 alienum
1111 3557 1244 3641 scriptis
1259 3569 1337 3615 man·

238 3667 360 3731 darem.
406 3665 451 3730 Et
472 3667 566 3730 initio
590 3665 724 3751 quidem
739 3663 943 3728 Eudaemoni
972 3662 1017 3724 ita
1041 3657 1125 3722 dixi:
1164 3649 1337 3718 Consilium

236 3774 340 3846 tuum,
365 3785 383 3828 o
407 3763 587 3849 presbyter,
612 3773 722 3826 utrum
744 3760 914 3826 Ecclesiae
937 3757 1095 3844 profuerit
1118 3775 1240 3830 ennon,
1256 3748 1338 3813 Deos

312 4041 332 4108 ¹)
350 4038 384 4090 ‘H
393 4037 421 4090 dl
434 4038 502 4106 γυνή
513 4042 700 4109 προβαίνουσα
711 4039 755 4088 καί
767 4037 832 4087 tillo
844 4039 968 4104 πταῖσμα
979 4033 1073 4098 ἑαυτῆς
1086 4028 1236 4098 κατηγόρει.
1253 4024 1336 4088 ”Hert

238 4119 290 4190 γαρ
309 4117 343 4178 oie
362 4123 403 4184 riq
421 4117 644 4186 eoyxudeodq‘ouc
663 4116 730 4188 αὐτῇ
749 4121 793 4182 τῆς
811 4116 945 4182 ἐκκλησίας
963 4113 1095 4171 διάκονος.
1137 4111 1227 4161 Τοῦτο
1245 4101 1337 4172 λεχθὲν

238 4199 286 4330 τεέν
304 4197 503 4346 ,ql'qqdednovov
521 4202 566 4264 τῆς
578 4199 712 4266 ἐκκλησίας
724 4198 845 4250 ἐκπεσεῖν
857 4193 1048 4266 παρεσκεύασε·
1059 4189 1165 4264 ταραχὴ
1183 4187 1217 4242 δι’
1232 4187 1336 4248 κατίσχί

239 4299 253 4336 τ
291 4295 341 4343 αη
382 4318 387 4327 .
