2908 4828
440 463 482 516 De
499 461 588 518 indole
605 462 684 530 hujus
703 463 876 530 quaestionis.
1178 467 1212 518 29

92 617 214 682 vertere,
239 606 431 670 veritatem
456 603 557 688 hujus
580 605 668 686 facti,
693 605 820 670 scilicet
837 607 1057 692 Episcopatus
1072 607 1212 672 Romani
1232 610 1370 712 iridem·

90 701 121 765 Β.
142 702 238 784 Petri,
263 712 402 766 certam
428 723 502 766 esse
531 704 717 766 ceramina
740 704 827 789 infel
827 704 898 768 libii
898 707 997 768 itatis.
1023 705 1126 768 Facta
1150 705 1212 768 dis-

88 819 166 882 pesci
159 799 345 864 debent'
336 822 375 864 in
403 799 529 864 classes
553 801 650 882 duas3
675 801 852 866 suntfacta
874 801 1058 886 adiaphora
1072 824 1212 886 quorum

87 897 253 962 existentia
287 919 364 962 non
400 900 547 962 nectitur
577 921 652 962 cum
685 899 844 964 doctrinis
875 899 1039 982 revelatis,
1070 909 1103 962 et
1125 900 1212 964 facta

88 1017 263 1078 quaecum
289 997 336 1060 iia
363 995 562 1077 cohaerent,
578 997 622 1060 ita
637 1007 673 1060 ut
686 998 728 1060 iis
751 999 879 1081 negatis
902 999 1002 1062 etiarn
1026 997 1212 1082 depositum

88 1091 154 1156 fidei
177 1094 212 1157 in
237 1093 436 1158 discrimen
460 1103 605 1158 vocatru.
629 1093 710 1160 Tale
733 1095 929 1160 estfactum
953 1105 1111 1160 nostrum.
1135 1097 1211 1160 Pro-

88 1189 207 1254 titemur
229 1194 328 1256 enirn
355 1201 396 1254 ut
429 1190 507 1254 fidei
532 1193 713 1273 verimtem,
743 1193 909 1256 Romanos
936 1193 1119 1278 Episcopos
1149 1193 1212 1256 Ec·

87 1285 195 1352 clasiae
226 1292 338 1352 totins
372 1309 447 1352 esse
471 1287 640 1370 Primates,
671 1290 862 1374 etquidem
886 1292 1211 1376 quiasuntsucces-

86 1407 165 1450 sores
197 1387 236 1453 B.
262 1388 364 1452 Petri
400 1387 437 1450 in
461 1385 617 1450 cathedra
646 1387 805 1453 Romana.
851 1387 995 1452 Proinde
1018 1388 1142 1452 factum
1170 1389 1211 1454 de

86 1505 143 1567 qno
173 1487 291 1569 agitur
326 1495 381 1548 est
415 1485 622 1568 suppositum
655 1486 759 1570 ipsius
796 1485 969 1569 dogmatis,
1003 1507 1061 1550 seu
1085 1487 1212 1572 factum

87 1579 303 1664 &werona
357 1581 537 1667 Ejusmodi
560 1575 669 1646 autem
691 1583 779 1646 facta
803 1593 880 1646 sunt
902 1594 991 1647 certa
1015 1585 1211 1650 certitudine

88 1677 346 1744 infallibilitatis.
396 1679 542 1764 Spiritus
573 1681 662 1743 enim
700 1679 842 1744 Sanctus
874 1681 1043 1745 Ecclesiae
1079 1681 1211 1746 docenti

88 1775 202 1842 lumine
226 1801 293 1842 sno
319 1779 357 1842 in
383 1777 427 1840 iis
441 1776 595 1842 omnibus
609 1778 828 1862 agnoscendis
843 1787 876 1842 et
898 1779 1084 1844 asserendis
1108 1779 1209 1860 adest,

88 1895 163 1956 qnae
196 1877 265 1940 nisi
301 1875 404 1940 firma
438 1875 638 1960 immotaque
678 1885 833 1939 maneant
869 1877 941 1960 ipsa
972 1875 1212 1961 periclitaretur

89 1969 172 2036 tides.
220 1973 330 2053 Quod
356 1991 438 2036 vero
470 1974 625 2036 asseritur
647 1993 689 2036 ex
716 1971 840 2036 lumine
863 1975 1045 2038 assistentis
1068 1973 1211 2058 Spiritus

89 2071 205 2149 Sancti,
241 2071 280 2136 id
315 2068 520 2134 certitudine
551 2069 794 2135 infallibilitatis
826 2073 992 2136 asseritur.
1039 2071 1104 2136 Sed
1135 2093 1211 2138 curn

90 2163 134 2228 his
156 2171 288 2254 optime
313 2167 484 2246 cohaeret,
513 2166 591 2232 talia
614 2168 702 2232 iacta
733 2167 920 2251 dogmatica
943 2171 1042 2234 etiarn
1066 2170 1210 2234 firmissi-

90 2267 146 2330 mis
176 2267 394 2350 argumentis
427 2285 524 2349 posse
555 2263 708 2350 probari,
731 2275 831 2350 atque
854 2267 898 2330 ad
925 2267 1118 2332 historicum
1141 2290 1211 2352 pcr-

89 2363 173 2445 tinet,
207 2372 415 2447 argumerna
448 2360 530 2426 haec
561 2362 742 2448 explorare,
767 2384 958 2450 proponere,
991 2364 1155 2446 evolvere,
1180 2377 1212 2430 et

91 2469 197 2524 mnus
231 2468 483 2546 oppugnatores
512 2457 694 2526 haereticos
723 2460 777 2524 vel
800 2462 987 2526 incredulos
1016 2463 1199 2530 facta'us
1128 2485 1211 2548 ejus·

91 2557 172 2622 medi
197 2557 390 2623 vindicare.

172 2659 208 2722 5.
233 2655 429 2741 Antequam
454 2676 532 2718 vero
556 2656 591 2720 in
614 2665 789 2743 utrumque
813 2655 913 2722 finem
936 2658 1109 2722 Dissertat
1087 2667 1210 2722 tionem
1269 2725 1291 2753 m
1323 2713 1328 2722 .

94 2749 171 2818 hanc
197 2754 423 2839 disponimus,
448 2761 549 2816 restat
567 2763 603 2816 ut
617 2754 780 2838 quaedam
796 2754 1011 2839 subjiciamus
1035 2755 1076 2819 dc
1100 2755 1209 2820 biblie-

93 2853 223 2936 proptia
256 2851 515 2930 controversiae,
548 2873 649 2936 quam
672 2852 801 2942 profani
834 2853 984 2918 homines
1016 2852 1126 2938 quoad
1149 2853 1210 2916 Ro-

96 2967 226 3014 manum
242 2950 335 3014 Petri
360 2950 480 3012 iteret
503 2951 728 3035 episcopatum
751 2950 949 3016 excitavere.
997 2949 1211 3016 Contradixe·

94 3057 164 3108 runt
186 3045 268 3130 hnic
291 3045 380 3110 facto
405 3045 536 3110 saeculo
556 3047 780 3112 decimotertio
796 3047 991 3112 Waldenses
1015 3057 1051 3111 ut
1074 3057 1211 3112 testatur

96 3139 221 3206 lioneta
246 3141 288 3209 Ο.
312 3143 361 3224 P„
386 3141 477 3206 illins
499 3146 654 3229 temporis
686 3154 810 3225 auctor,
834 3147 868 3209 in
893 3166 951 3209 suo
975 3167 1073 3230 opere
1096 3145 1210 3208 adver-

96 3259 145 3302 sus
159 3239 323 3304 Gathar-os
347 3251 381 3303 et
404 3240 611 3306 Waldenses.
639 3241 810 3325 Negarunt
833 3242 998 3324 videlicet,
1021 3242 1061 3308 B.
1075 3243 1210 3306 Petrum

96 3335 125 3396 in
148 3336 229 3400 urbe
245 3337 352 3401 Roma
376 3349 614 3402 commoratum
637 3340 740 3402 fuisse
763 3339 876 3424 ibique
889 3339 1118 3424 pontificatum
1141 3361 1211 3423 ges·

95 3433 180 3509 sisse,
212 3455 252 3498 eo
276 3435 508 3500 tantummodo
541 3437 604 3500 nisi
628 3445 831 3520 argumente,
856 3437 945 3521 quod
969 3435 1024 3500 illa
1047 3437 1081 3500 in
1101 3437 1211 3500 Evan-

96 3527 174 3605 gelio
204 3553 272 3596 non
303 3543 509 3598 enarrentur.
519 3533 544 3620 ¹)
600 3534 738 3620 Scriptis
768 3543 878 3598 autern
907 3537 1033 3618 primus
1063 3535 1211 3598 omniurn

98 3625 222 3692 videtur
236 3629 411 3694 Manilius
420 3631 604 3710 Patavinae,
620 3633 742 3716 impius
756 3631 864 3714 homo,
879 3632 1003 3694 factum
1018 3630 1210 3695 historicum

98 3721 134 3784 de
155 3747 219 3810 quo
243 3729 378 3810 agimus
411 3749 629 3812 oppugnasse.
676 3728 843 3793 Mamilius
873 3727 1029 3794 videlicet
1058 3729 1129 3810 iste,
1154 3729 1208 3814 qui

98 3821 219 3888 soeculo
251 3823 336 3888 XIV
369 3847 504 3888 causam
529 3825 693 3890 Ludovici
717 3827 840 3890 Bavari
871 3825 1082 3910 Imperatoris
1111 3825 1210 3890 schis-

99 3921 198 3983 matici
223 3919 390 3985 adversus
419 3922 614 3986 Pontificem
643 3924 808 3988 Joannem
831 3923 934 3986 XXII
963 3921 1119 3986 tuendam
1144 3946 1211 3986 sus·

98 4027 228 4099 ceperat,
254 4017 425 4104 simulque
458 4021 619 4104 pessimus
651 4030 721 4084 erat
754 4019 946 4102 hacreticus,
981 4021 1014 4083 in
1044 4019 1127 4084 libro
1152 4023 1209 4105 qui

103 4161 300 4174 --.-..——‚..

126 4229 144 4292 Ι)
162 4228 199 4282 oe
217 4203 422 4294 emesa'nis
442 4226 500 4281 vo.
520 4228 557 4282 n
575 4229 645 4282 nra.
665 4229 685 4282 1.
704 4244 729 4294 p.
751 4231 773 4282 1.
