2936 4814
459 508 584 565 iraditio
602 507 635 564 de
652 507 801 564 duratione.
1153 515 1188 568 69

87 655 147 720 lmo
169 655 311 740 positiva
333 653 458 718 indicia
479 653 596 736 gravia
625 651 786 716 habemus
815 652 857 717 de
886 653 939 717 his
968 657 1187 722 anterioribus

87 753 288 816 documentis.
342 751 511 837 Imprimis
543 757 650 813 exstat
682 749 903 834 fragmentum
937 750 1187 844 Chronographi

86 849 242 934 cujusdam
257 850 428 933 anonymi,
452 849 509 933 qui
525 849 656 932 scripsit
670 869 754 912 saec.
770 847 832 930 III,
843 858 989 934 tempore
1003 849 1187 917 Alexandri

86 947 196 1011 Severi
218 945 312 1012 Inter
326 945 391 1010 alia
406 947 440 1010 iu
455 943 599 1010 indicito
615 945 671 1029 qui
687 953 834 1030 superest
848 967 891 1009 ex
905 945 1014 1032 aliquo
1031 946 1187 1035 Catalogo

86 1043 216 1128 ejusdcm
249 1043 440 1128 deperdito,
465 1042 548 1106 hacc
579 1040 749 1126 leguntur:
789 1043 930 1106 Nomina
962 1043 1189 1132 Episcopornm

88 1143 189 1204 Romae
212 1153 241 1205 ct
264 1143 337 1227 quis
359 1151 433 1226 quot
455 1141 550 1202 onom
572 1138 729 1226 praeficit.
763 1139 840 1204 Jam
864 1162 907 1203 ex
929 1138 992 1204 hoe
1015 1149 1187 1225 constaret,

86 1235 197 1300 maculo
220 1237 273 1301 111
297 1239 417 1300 seriem
441 1237 541 1299 fuisse
572 1235 757 1299 confectam
767 1235 936 1300 Romanae
960 1241 1187 1320 successionis,

86 1337 167 1398 anuis
194 1335 290 1400 Sedis
322 1333 476 1398 Pontifici
508 1333 689 1417 unicuique
719 1332 903 1418 adscriptis.
949 1334 1061 1398 Verba
1091 1359 1187 1422 porro

88 1429 140 1499 illa
162 1453 244 1516 quae
268 1432 458 1512 citavimus,
490 1431 623 1494 omuino
655 1440 842 1513 congruunt
874 1453 951 1494 cum
974 1433 1188 1518 inscriptione

87 1527 217 1612 t'atalogi
231 1527 406 1592 Liberiani
432 1528 582 1613 superius
601 1524 713 1608 relata,
738 1549 778 1590 ac
801 1537 970 1612 praeterea
985 1530 1187 1596 eruditorum

83 1623 192 1707 judicio
216 1627 250 1688 iu
274 1626 341 1690 hoc
372 1623 529 1708 Catalogo
553 1623 678 1687 indicia
708 1633 793 1704 sunt,
825 1647 867 1687 ex
898 1626 1017 1710 quibus
1041 1641 1186 1714 apparet,

88 1743 149 1784 cum
169 1723 268 1786 luisse
293 1722 397 1786 veluti
420 1731 629 1807 compactum
653 1741 695 1784 cx
714 1719 788 1785 aliis
811 1723 989 1807 prioribus3
1014 1724 1187 1812 pluresque

87 1831 268 1904 supponunt,
280 1819 479 1903 Catalogum
502 1818 720 1882 Liberianum
744 1841 847 1904 usquc
871 1819 914 1883 ad
932 1820 1085 1884 Pontiani
1110 1845 1187 1906 pou·

87 1915 229 1980 titicatmn
252 1917 467 2002 desumptum
497 1938 568 1980 esse
598 1937 640 1978 ex
668 1913 723 1979 illo
753 1917 908 1980 anteriori
940 1915 1097 2002 Ostalogo
1121 1940 1187 1983 sae·

87 2009 140 2074 culi
166 2013 231 2094 111,
262 2035 366 2099 quem
390 2023 525 2077 censent
547 2011 766 2098 Hippolytum
797 2015 906 2076 virum
930 2013 1187 2079 eruditissimum

88 2113 290 2194 composuisse
297 2110 334 2196 ¹).
360 2149 403 2158 —-
427 2109 602 2174 Caeterum
618 2119 745 2173 certum
760 2131 892 2196 quoque
907 2121 965 2194 est,
975 2111 1047 2196 jam
1058 2112 1188 2177 saeculo

88 2207 452 2293 ecuudoHegesippum
459 2207 583 2271 Romae
599 2208 839 2270 successionem
847 2207 1070 2273 Romanorum
1080 2211 1188 2275 Ponti-

89 2303 171 2367 ticum
193 2326 297 2390 usque
322 2305 366 2368 ad
390 2304 568 2368 Anicetum
593 2303 782 2368 confecisse.
806 2303 898 2368 Inter
920 2317 1076 2392 excerpta
1099 2310 1187 2372 euim

88 2423 121 2462 cx
134 2401 318 2488 llegesippo
334 2421 419 2488 quae
433 2399 597 2464 Eusebius
612 2399 707 2464 nobis
730 2402 885 2484 servavit,
910 2400 1075 2466 habentur
1089 2406 1188 2468 etiam

89 2497 146 2560 illa:
165 2497 338 2580 Γενόμενος
351 2496 386 2560 δὲ
401 2495 435 2562 ἐν
448 2495 547 2584 Ῥώμῃ
560 2495 713 2584 διαδοχὴν
726 2493 923 2583 ἐποιήσαμεν
940 2497 1050 2584 μέχρις
1064 2501 1189 2588 Aurari-

88 2617 141 2665 που,
161 2597 182 2661 i.
204 2619 232 2661 e.
257 2599 379 2661 Romae
402 2619 495 2681 quum
517 2617 614 2659 casem
636 2597 858 2659 mercenorum
885 2597 1006 2683 confeci
1030 2623 1122 2684 ceptae
1146 2601 1190 2663 ad

89 2693 276 2779 amcam),
302 2699 392 2783 cuijus
405 2703 470 2756 tum
492 2693 645 2756 diaconus
668 2691 954 2757 eratEleutltcrius.
980 2695 1055 2758 Post
1073 2697 1190 2760 obitum

88 2789 183 2852 deiude
205 2791 336 2854 Aniceti
358 2791 502 2854 amasii
531 2786 736 2872 (διαδέχεται)
767 2789 867 2866 Soter,
885 2802 962 2875 post
985 2813 1073 2875 qoem
1096 2795 1188 2856 Eleu-

89 2885 194 2950 tlen'ur.
224 2887 402 2951 Nescimus
424 2897 550 2968 tamen,
574 2896 685 2949 utrum
708 2907 812 2950 annos
836 2889 1097 2974 uuiuscujusque
1120 2892 1188 2976 ipse

89 2987 249 3068 notaverit,
273 2983 447 3070 probabile
470 2984 505 3048 id
530 2983 662 3048 videtur
682 2993 865 3069 propterca,
890 2986 968 3070 quia
983 2985 1190 3073 Hegesippus

90 3081 182 3145 minus
209 3103 309 3168 scopo
341 3081 502 3167 polemico
533 3103 573 3145 ac
604 3081 800 3165 dogmatico,
832 3103 931 3168 quatu
955 3092 992 3145 ut
1015 3082 1189 3149 historicus

89 3177 169 3241 istam
200 3182 422 3244 maumam
454 3179 605 3243 confecit.
658 3178 831 3242 Caeterum
865 3181 945 3264 ipse,
979 3203 1081 3266 quum
1115 3183 1189 3247 idco

90 3272 210 3342 llomam
233 3280 388 3358 venisset,
408 3287 496 3341 certe
511 3275 706 3360 Catalogum
722 3299 817 3340 suum
833 3299 875 3340 ex
889 3287 978 3340 certa
1002 3278 1188 3362 traditione,

152 3487 241 3553 ¹)Glr.
265 3487 375 3557 Lipsius
402 3486 580 3556 Ghmnologie
604 3487 651 3542 der
682 3487 831 3541 rtmischen
860 3486 984 3543 Bisehbfe
1007 3487 1032 3542 S.
1054 3491 1091 3542 40
1108 3488 1136 3546 ff.
1156 3521 1188 3534 -

89 3561 246 3631 Surrineui
264 3568 282 3622 l
302 3583 324 3622 c
343 3583 368 3635 p
388 3569 449 3621 184.

152 3647 172 3712 ¹)
188 3645 283 3701 itnseb⁸
302 3647 428 3702 uulv.
440 3647 483 3700 22.
503 3677 536 3686 -
556 3646 643 3702 Valde
655 3646 752 3702 mirum
770 3650 819 3712 est
838 3646 908 3715 quod
917 3645 1042 3702 Valesius
1060 3653 1090 3704 et
1107 3649 1190 3704 etiam

90 3721 137 3786 alii,
152 3731 181 3778 ut
195 3724 417 3795 Christophorson
436 3725 549 3794 Augias,
576 3730 697 3791 vertum,
715 3725 805 3777 marui
827 3725 865 3777 ibi
883 3725 960 3792 apud
986 3727 1137 3780 Annorum.
1156 3727 1189 3782 lu

92 3799 138 3866 ipso
154 3811 277 3860 mutextu
295 3805 367 3860 enim
392 3805 544 3858 inimediatc
577 3805 675 3859 itemm
699 3802 809 3858 verbum
835 3803 977 3871 διαδέχειν
998 3803 1039 3858 bis
1066 3809 1189 3872 occurrit,

92 3885 114 3930 et
129 3895 172 3948 pro
187 3883 274 3938 indole
291 3899 341 3938 sua
352 3883 435 3938 etiam
453 3882 487 3936 ab
504 3883 560 3937 illis
578 3882 733 3937 auctoribus
746 3883 883 3936 succedere
894 3883 1022 3938 vertitur.
1047 3884 1191 3940 Praeterea

92 3959 148 4011 ntia
169 3961 305 4030 colligitur
322 3979 356 4018 ex
374 3961 545 4016 enarratione
554 3961 710 4030 Hegesippi,
729 3975 790 4015 eum
807 3975 891 4027 usque
909 3962 943 4015 ad
959 3961 1108 4018 Eleutherii
1128 3981 1190 4033 pon-

94 4037 208 4096 utem
225 4043 324 4098 Romae
342 4043 479 4098 mansisse
510 4042 616 4110 Optime
639 4042 666 4096 id
685 4041 879 4096 anmradvertit
896 4041 921 4096 S.
941 4042 1128 4111 Hieronymus,
1149 4049 1192 4100 De

95 4119 193 4174 riristll.
211 4121 259 4176 sub
278 4123 383 4177 nomine
393 4122 545 4192 Hegesippo
564 4121 698 4176 scribens:
725 4124 831 4175 Assertt
849 4137 876 4174 ae
893 4125 995 4176 umbre
1012 4123 1062 4176 arab
1078 4129 1191 4180 Aniceto

98 4194 200 4266 bnon,
227 4207 250 4255 rt
272 4218 453 4270 paceonuaae
479 4219 561 4270 usque
586 4202 623 4254 ud
653 4199 841 4254 Eleutlterium
866 4199 985 4268 ejusdem
1020 4203 1095 4256 urbis
1122 4207 1190 4272 ‹pis-

96 4287 184 4344 ⁶⁰P¹¹¹2
204 4281 250 4348 qui
267 4283 376 4338 Aniceti
394 4281 530 4351 quondum
548 4281 681 4336 diaconus
697 4281 798 4348 [mat.
