2900 4800
420 448 534 504 Honorii
552 448 681 517 epistolae
697 449 895 518 expenduntur.
1161 450 1215 506 435

96 593 185 658 tium
217 591 281 658 hae
312 593 438 658 rationo
470 613 512 656 ex
544 593 686 656 unitate'
703 613 879 678 personae,
911 593 953 660 de
976 615 1042 680 qua
1065 595 1216 680 superius

98 692 133 756 in
157 689 297 776 epistola
318 689 382 756 sua
401 690 529 756 loeutus
550 698 642 772 erat,
667 691 788 756 inferre
820 691 981 756 unitatem
1012 693 1216 758 numericam

96 788 280 854 voluntatis
293 791 329 853 in
344 788 491 871 curiam
511 787 621 875 (Unus
636 787 759 869 volens,
776 809 854 872 ergo
870 809 936 854 uua
950 787 1127 876 voluntas).
1152 787 1219 856 Sed

97 888 172 952 sine
194 886 410 952 fundamento
441 886 504 952 hoo
534 887 700 956 asseritur.
746 886 913 972 Imprimis
943 887 1008 972 ipsi
1036 885 1218 972 particulae

98 984 184 1050 neda
207 1003 266 1069 per
289 1005 323 1050 se
346 1005 412 1050 non
436 985 620 1048 necessario
637 985 690 1048 vis
706 985 838 1048 striotse
861 982 1018 1050 illationis
1040 983 1218 1055 tribuenda

97 1091 164 1162 est,
198 1082 256 1146 sed
288 1081 473 1166 generalem
507 1080 685 1168 quamdam
716 1083 956 1146 eonnexionem
988 1103 1063 1146 eum
1087 1103 1217 1168 praeee-

99 1177 258 1244 dentibns
273 1179 388 1244 eadem
411 1179 600 1265 frequenter
622 1180 787 1264 exprimit.
833 1179 923 1242 Dein
947 1199 1025 1244 vero
1049 1179 1139 1266 quod
1152 1178 1218 1244 Ho-

99 1279 215 1342 norius
249 1279 380 1359 statuit,
417 1299 483 1342 uon
518 1275 602 1342 duae
636 1277 834 1357 bonuarios,
872 1275 930 1340 sed
965 1299 1066 1342 uuam
1090 1299 1161 1342 esse
1184 1279 1219 1342 in

101 1373 234 1440 Christo
258 1375 474 1440 humanitatis
505 1373 727 1456 voluntatem,
760 1383 848 1440 reete
879 1395 921 1438 ex
944 1374 1220 1459 praecedentibus

101 1471 252 1538 infertur.
303 1473 468 1540 Videlicet
500 1471 651 1538 Christus
682 1481 731 1536 est
762 1493 902 1556 persona
933 1470 1067 1555 divina,
1103 1495 1123 1538 a
1155 1495 1221 1559 qua

102 1574 187 1636 mira
211 1573 360 1638 unitione
383 1579 553 1656 assumpta
568 1581 618 1634 est
631 1568 778 1634 humana
796 1579 924 1634 natura.
971 1569 1010 1634 In
1034 1570 1097 1636 hae
1121 1572 1222 1656 igitur

100 1671 218 1734 wdone
241 1679 376 1734 naturae
398 1670 551 1732 dumanas
567 1691 635 1732 uem
648 1668 816 1732 divinitate
834 1666 951 1732 ultima
972 1669 1056 1732 ratio
1080 1679 1138 1751 est,
1163 1689 1222 1734 our

102 1787 172 1832 uon
205 1768 247 1832 sit
279 1776 448 1852 assumpte
481 1765 599 1852 eulpa,
624 1764 681 1831 sed
709 1773 843 1846 natura,
872 1764 1021 1851 adeoque
1044 1787 1110 1832 non
1135 1765 1222 1832 duae

102 1865 172 1928 sint
203 1863 406 1946 voluntates,
441 1867 549 1930 earnis
580 1873 614 1928 et
645 1863 796 1948 spiritus,
829 1861 889 1926 sed
911 1884 979 1928 uua
1007 1863 1223 1928 humanitatis

105 1959 261 2028 voluntas
294 1962 392 2048 plane
426 1963 601 2028 conformis
634 1960 797 2026 voluntati
826 1959 970 2028 divinae.
1016 1963 1127 2048 Atque
1158 1961 1223 2026 boo

106 2079 145 2124 eo
169 2062 276 2145 magis
305 2062 407 2126 menti
444 2060 582 2126 Honorii
619 2058 874 2140 obversabatur,
911 2059 999 2144 quod
1029 2059 1223 2126 immediate

106 2166 185 2224 ants
226 2158 430 2224 adverterat:
480 2159 614 2244 Propter
658 2155 850 2242 ineffabilem
890 2160 1136 2245 conjunctionem
1169 2159 1224 2224 ltu-

104 2275 220 2320 mosee
243 2257 430 2342 divinaeque
452 2267 604 2334 metrae,
628 2255 746 2320 ideireo
771 2303 828 2319 ...
853 2254 971 2320 dicitur
994 2263 1023 2318 et
1045 2255 1226 2320 humanitas

104 2376 123 2416 e
150 2351 236 2418 coelo
259 2377 327 2418 eum
348 2355 516 2438 divinitate
535 2353 740 2420 descendisse.
759 2349 962 2418 -Omnino
988 2353 1102 2418 eodem
1128 2354 1225 2419 modo

105 2448 253 2536 loquitur
280 2450 313 2518 S.
337 2451 563 2536 Augustinus,
587 2451 667 2516 dum
699 2449 861 2536 explicat,
886 2450 1050 2536 quomodo
1075 2449 1226 2516 Christus

1 2608 3 2614 ,
107 2569 176 2614 ιιοιι
198 2549 314 2616 feeerit
337 2549 540 2615 voluntatem
564 2550 742 2636 propriam.
793 2548 833 2613 Ut
865 2557 985 2630 ouum,
1014 2549 1141 2634 inquit,
1165 2571 1226 2612 ose·

107 2645 218 2712 detor
231 2649 294 2712 Dei
312 2659 342 2714 et
358 2649 528 2726 bominum,
546 2649 633 2712 borso
654 2646 750 2710 Jesos
768 2643 924 2723 Christus,
938 2647 1132 2732 nonfaceret
1149 2667 1226 2732 pro-

99 2744 214 2829 prium
244 2767 323 2831 qnae
346 2747 417 2812 Deo
450 2746 585 2812 adversa
616 2753 662 2810 est
692 2743 898 2824 voluntatem,
927 2765 991 2808 noo
1014 2753 1083 2808 erat
1105 2753 1227 2806 tentum

106 2843 212 2921 bouso,
242 2845 299 2908 sed
321 2845 408 2908 Deus
441 2855 471 2908 et
492 2845 597 2924 leomo,·
626 2865 685 2929 per
708 2865 801 2927 quam
823 2840 999 2904 mirabilem
1022 2840 1227 2927 sinqulurem·

106 2963 167 3026 que
189 2944 327 3026 qratiam
348 2943 484 3008 lomene
507 2944 542 3005 in
563 2940 620 3006 illo
634 2943 703 3006 sine
712 2949 841 3026 peceato
864 2938 930 3002 ello
950 2949 1057 3023 posset
1079 2961 1145 3004 esse
1169 2960 1225 3002 aa·

106 3049 193 3104 tara.
226 3041 361 3127 Propter
382 3041 437 3104 ltoo
459 3063 530 3126 enyo
555 3041 617 3104 uit:
645 3037 825 3118 ,Deseeods'
846 3037 885 3101 de
909 3035 1010 3113 coelo,
1033 3057 1097 3100 non
1119 3045 1155 3100 st
1169 3036 1227 3121 fn-

107 3139 192 3202 osam
217 3136 408 3202 volantatem
429 3159 553 3226 meam,
568 3137 625 3202 sed
656 3137 845 3202 volontatem
872 3138 939 3222 ejus
962 3135 1016 3219 qui
1037 3157 1084 3198 me
1107 3133 1227 3212 misit“,

106 3245 145 3298 ut
169 3257 207 3298 ee
229 3257 327 3298 eausa
351 3245 429 3299 esset
453 3245 559 3299 tentae
580 3234 774 3298 obedientiae
784 3283 793 3312 ,
817 3255 896 3319 quoe
921 3233 1045 3295 omnino
1069 3233 1135 3295 sine
1154 3253 1228 3317 pec·

108 3341 181 3395 ento
205 3343 284 3396 esset
305 3333 439 3396 lemnios's
460 3353 548 3418 quem
569 3330 713 3417 yerebet,
737 3332 811 3418 quie
836 3329 874 3394 de
897 3327 981 3394 coelo
1006 3329 1230 3408 descenderat,

106 3431 166 3493 doe
175 3441 234 3510 est,
250 3453 312 3494 soa
329 3441 450 3494 tontum
463 3431 566 3508 bosso,
579 3431 791 3494 verumetiam
800 3429 887 3493 Deos
899 3425 1013 3512 erat¹).
1038 3427 1126 3492 Dein
1141 3425 1228 3489 hano

188 3663 210 3732 ¹)
229 3660 330 3718 Contra
357 3677 471 3718 sermon.
490 3661 583 3717 Arion
611 3677 638 3716 u.
658 3662 683 3716 6.
703 3689 737 3700 -
756 3659 858 3715 Ibidem
875 3657 996 3728 plerique
1015 3661 1106 3710 textus
1125 3653 1172 3722 qni
1191 3654 1225 3708 ab

109 3741 230 3797 Honorio
249 3741 417 3808 afferuntur,
436 3742 540 3811 pariter
557 3741 687 3797 nitantur.
706 3741 770 3796 lam
785 3739 834 3794 alii
851 3738 948 3794 merito
967 3735 1229 3800 animadverterunt,

108 3821 146 3876 ab
165 3822 285 3878 Honorio
304 3821 420 3890 plurima
438 3839 471 3878 ex
490 3821 638 3892 Augustini
656 3819 764 3890 seriptis
783 3819 870 3874 sideri
887 3819 1056 3886 deprompte;
1076 3815 1155 3884 idque
1174 3829 1230 3870 om·

110 3901 177 3956 nino
193 3902 336 3968 suadetur,
355 3901 504 3958 siHonorii
520 3901 729 3970 expositionum
749 3899 833 3954 soriis
850 3898 914 3954 loeis
932 3899 958 3954 S.
977 3895 1134 3966 Augustini,
1154 3909 1232 3962 prae·

110 3982 208 4038 sertim
228 3999 288 4038 oum
306 3983 365 4052 eJ’us
388 3983 496 4052 seriptis
515 3987 610 4038 eontra
622 3981 736 4034 Arianos
755 3977 900 4034 confertur.
938 3977 1051 4032 Praeter
1062 3975 1133 4030 hune
1144 3974 1232 4030 looum

110 4063 187 4118 vide:
206 4062 309 4118 Contrs
325 4063 473 4118 Maximum
482 4063 614 4116 Arieunm
633 4061 664 4118 L.
684 4059 721 4118 II,
740 4077 762 4116 o
782 4061 830 4128 20;
850 4059 996 4112 Enerrstio
1015 4055 1043 4110 in
1059 4055 1095 4112 Ps
1124 4055 1166 4120 93,
1186 4071 1231 4110 nn.

111 4144 214 4212 aum,
250 4143 342 4197 Sermo
369 4145 403 4196 77
431 4143 461 4198 in
479 4142 575 4198 Mattb.
603 4157 630 4198 n.
650 4143 681 4208 6;
719 4141 758 4194 De
776 4138 905 4194 Oratione
923 4135 1062 4192 Dominioa
1086 4151 1111 4190 n.
1132 4139 1155 4188 6.
1175 4133 1232 4190 err.

111 4224 313 4280 Sobneemann.
333 4222 447 4278 Studien
465 4221 532 4276 eber
550 4221 593 4275 die
611 4219 840 4288 Honoriuafrsge,
859 4235 881 4274 o.
900 4217 925 4274 3.

1071 4305 1122 4359 28*
