2810 4846
467 453 580 510 Gonoiffi
598 453 771 508 confirmatio.
1119 455 1171 508 ets

68 615 130 663 tum
162 596 336 682 degebant.
383 597 515 660 Laudat
545 599 580 661 in
611 617 650 660 ea
673 597 826 662 Pontifex
848 597 962 661 Patres
985 598 1094 684 quoad
1117 598 1170 662 de·

65 698 234 782 jectionem
259 695 409 776 Nestorii,
434 700 521 784 cujas
542 695 593 758 rei
615 705 679 758 tarn
692 695 835 779 fideliter
853 706 1014 780 peractae,
1038 698 1094 777 ait,
1117 719 1172 760 eros

69 805 238 858 executores
260 792 417 856 nobiscum
436 793 574 856 riderem
584 792 667 876 fidei
680 793 869 878 defensores.
902 792 1033 857 Deinde
1057 815 1171 878 appro-

70 891 117 956 bat
155 891 396 956 ordinationem
438 889 633 954 Maximiani
676 892 710 954 in
752 891 943 976 episcopum
988 890 1170 956 CPtanum.

67 989 225 1054 Postremo
257 989 347 1052 circa
368 988 532 1053 loannem
556 987 800 1052 Antiochenam
824 998 857 1052 et
888 987 970 1054 alios
1000 1009 1059 1074 per
1087 987 1171 1054 Con·

67 1087 171 1151 cilium
195 1109 216 1150 a
246 1088 313 1150 suis
341 1086 498 1171 gradibus
521 1086 665 1171 dejectos
698 1107 791 1150 suam
819 1089 1014 1150 sententiam
1038 1086 1171 1172 profert.

67 1206 102 1248 ex
124 1207 189 1271 qna
213 1183 385 1248 manifeste
418 1183 534 1265 elucet,
568 1194 692 1269 quanta
714 1185 813 1249 fuerit
845 1184 1054 1270 Apostolicae
1078 1184 1172 1249 Sedis

64 1285 237 1346 auctoritas
260 1280 369 1368 quoad
394 1280 542 1346 Concilio
565 1284 787 1346 oecumenica.
811 1283 945 1346 Etenim
967 1304 1033 1356 non
1057 1303 1171 1368 appro-

67 1379 117 1442 bat
139 1383 172 1444 in
197 1380 352 1444 omnibus
374 1381 582 1444 severitatem
607 1377 746 1443 Concilii
771 1381 806 1444 in
829 1402 910 1462 reos,
935 1381 993 1445 sed
1017 1383 1088 1466 ipse
1111 1401 1172 1443 sua

65 1480 253 1542 auctoritate
276 1477 408 1541 diversa
431 1479 545 1541 statuit
568 1488 601 1540 et
623 1477 779 1542 decernit.
826 1478 884 1541 Ait
914 1480 1021 1542 enim:
1054 1479 1103 1542 De
1126 1479 1174 1541 lis

6 1577 7 1592 ¹
65 1587 161 1639 autern
193 1578 249 1662 qai
281 1599 347 1638 cem
372 1577 521 1640 Nestor-io
554 1573 701 1638 videnter
727 1577 808 1660 pari
837 1578 997 1661 impietate
1031 1577 1172 1650 sensisse,

66 1685 149 1759 atque
172 1697 206 1738 ss
231 1675 330 1737 socios
353 1677 419 1762 ejus
437 1673 603 1737 sceleribus
617 1673 818 1751 addiderunt,
843 1695 1028 1759 qaantqaam
1051 1673 1174 1759 leqater

66 1773 93 1833 in
115 1793 167 1836 eos
189 1784 295 1836 umtra
318 1773 481 1849 sententia,
516 1782 619 1834 tamen
650 1793 707 1834 nos
737 1793 853 1855 qaoque
877 1771 1069 1834 decernimus
1091 1771 1174 1856 arrad

65 1869 190 1934 adeam
241 1869 346 1933 Multa
372 1868 597 1954 perspicienda
629 1879 700 1931 sant
732 1869 767 1931 in
803 1866 917 1931 talibus
949 1870 1070 1944 eaams,
1095 1889 1172 1952 qaae

66 1967 245 2051 Apostoliea
263 1965 359 2030 Sedes
383 1989 501 2051 semper
524 1967 658 2050 amerit.
685 2015 691 2028 .
715 2013 746 2029 ..
774 1965 823 2028 Sit
844 1976 939 2050 eaput
961 1965 1086 2029 sceleris
1107 1987 1174 2028 crem

63 2064 105 2126 lis
130 2086 205 2149 arros
229 2062 398 2150 synodalia
422 2063 590 2148 loquantur
604 2074 724 2126 statuta
748 2063 939 2138 damnatam,
962 2060 1077 2146 reliqui
1099 2085 1173 2147 quos

62 2185 126 2224 ram
149 2163 203 2224 lroc
226 2163 392 2224 sentientes
415 2162 449 2224 in
472 2161 681 2224 communione
698 2158 911 2224 ecclesiastica
933 2183 997 2223 non
1019 2159 1173 2236 labemus,

65 2261 230 2348 ejiciantur
253 2283 269 2322 e
293 2259 470 2322 civitatibus
493 2259 558 2321 seis
581 2269 663 2320 etse
686 2259 720 2319 in
742 2267 849 2320 nostro
874 2257 1002 2344 callepio
1034 2259 1176 2320 nocerim

66 2379 121 2418 non
140 2355 286 2441 ficturos,
319 2357 384 2420 nisi
415 2356 581 2419 secandam
613 2353 852 2418 ecclesiasticam
885 2367 914 2419 et
937 2355 1176 2418 christianornm

62 2455 241 2540 principem
264 2455 462 2518 constitutam
477 2454 630 2516 damnata
644 2475 712 2515 cem
724 2451 904 2517 auctoribus
917 2455 1066 2538 sociisque
1090 2453 1175 2515 darn-

1 2615 2 2622 ,
66 2562 182 2630 nantm,
198 2575 229 2615 se
248 2551 460 2637 profiteantur
478 2549 645 2614 catholicos
669 2551 855 2613 sacerdotes.
881 2598 888 2614 .
905 2599 912 2614 .
929 2600 937 2613 .
953 2550 1176 2612 Antiochenam

1 2683 3 2737 3
65 2671 133 2712 cero
157 2651 186 2712 si
208 2650 299 2712 lradet
331 2671 416 2735 spem
448 2648 661 2725 correctionis,
685 2646 828 2732 epistolis
851 2647 915 2731 (ael
938 2647 1131 2732 episcopam)
1156 2671 1177 2709 a

66 2760 165 2810 metra
179 2747 391 2832 fraternitate
423 2745 561 2809 volumus
585 2746 754 2822 conveniri,
784 2755 820 2807 et
841 2745 905 2808 nisi
927 2765 1005 2829 quae
1028 2745 1176 2806 sentimas

67 2847 204 2922 senserit,
228 2841 382 2908 novellam
414 2843 639 2929 blasphemiam
669 2841 774 2905 eodem
807 2840 948 2926 exemplo
976 2842 1095 2924 scripta
1118 2861 1177 2904 sua

63 2943 259 3028 professione
291 2941 516 3018 condemna-ns,
540 2937 698 3024 intelliyat
730 2939 767 3001 de
801 2962 832 3001 se
864 2959 981 3024 quoque
1008 2935 1177 3000 Ecclesiam

65 3040 145 3123 prod
158 3039 243 3122 fidei
265 3049 390 3103 normae
419 3049 576 3124 respectas
600 3039 744 3122 imperat,
773 3035 932 3100 ordinare.
983 3033 1177 3098 Crerlenclnm

67 3147 165 3200 tamen
190 3138 228 3200 de
252 3139 362 3201 diuina
392 3147 437 3200 est
468 3136 694 3211 misericordia,
728 3133 810 3218 qaod
841 3155 945 3196 ornnes
967 3134 1002 3194 in
1025 3133 1108 3194 eiam
1130 3154 1176 3193 rc-

65 3233 161 3298 decrit
182 3236 338 3312 veritatis,
362 3235 390 3296 si
412 3234 450 3297 de
473 3233 656 3319 supradicto
690 3233 755 3295 loco
779 3233 886 3294 lrormm
908 3229 1061 3294 malorum
1083 3241 1178 3315 capet

4 3357 5 3368 ¹
65 3343 93 3393 et
115 3355 215 3396 caasa
237 3329 449 3418 austratem).

138 3595 156 3637 'i
176 3589 266 3642 Labbe
286 3589 348 3644 Call.
369 3591 431 3642 l'on.
452 3588 503 3641 ΙΙΙ.
522 3589 570 3641 col.
593 3589 659 3640 1069
699 3615 729 3625 -
755 3585 864 3640 Ultimis
884 3584 972 3638 verbis
992 3583 1101 3651 respicit
1121 3601 1178 3650 pto·

68 3669 217 3723 missionem
246 3669 369 3724 Nestorio
398 3669 496 3731 datam,
516 3673 547 3720 ut
570 3683 651 3734 prope
671 3665 840 3719 Antiochiam
859 3665 886 3717 ic
906 3665 1067 3716 monasterio
1087 3663 1177 3729 (legerit.

66 3749 127 3802 lam
146 3749 268 3817 superins
288 3748 453 3802 taeterrimis
472 3745 540 3800 hanc
559 3745 753 3800 concessionem
767 3749 798 3798 ut
817 3743 877 3798 fidei
898 3743 1071 3810 periculosam
1090 3757 1177 3808 repre·

67 3829 203 3890 tenderat,
222 3838 251 3883 et
277 3829 471 3896 postulaverat,
499 3833 530 3880 ut
549 3827 577 3880 in
602 3825 726 3894 regiones
749 3825 904 3878 remotiores
931 3823 976 3876 ille
994 3821 1178 3876 haeresiarcha
1227 3857 1235 3866 -

6 3943 7 3974 r
65 3915 265 3977 segregaretur.
303 3908 501 3963 Auctoritatem
519 3923 593 3960 suam
613 3905 856 3959 etsollioitudinem
876 3904 903 3957 in
922 3902 1076 3956 universam
1089 3902 1177 3955 Eccle-

66 3989 131 4042 siam
150 3989 232 4042 etiam
252 3989 349 4043 ibidem
367 3985 531 4042 manifestat.
572 3985 707 4053 „Longius
733 3983 839 4050 atridem
858 3999 949 4036 sumus
968 3982 1057 4048 positi,
1077 3981 1177 4042 scribit,

68 4069 111 4120 sed
140 4084 187 4136 per
210 4067 417 4122 sollicitudinem
442 4073 529 4119 totum
557 4066 665 4133 propius
693 4063 836 4117 intuemur.
874 4062 971 4114 Omnes
1000 4061 1081 4114 habet
1106 4061 1178 4114 beati

71 4147 139 4202 Petri
165 4149 284 4217 Apostoli
310 4163 374 4201 cura
401 4155 560 4214 praesent-es,
586 4161 638 4200 non
666 4161 714 4198 nos
742 4149 805 4196 :nte
825 4145 909 4196 Deum
936 4151 1056 4194 nostmm
1081 4140 1179 4193 dehoc

69 4243 202 4293 possumus
212 4243 338 4282 exclusere
348 4227 416 4294 qnod
425 4228 528 4280 scimus.
554 4227 621 4280 Nam
632 4239 790 4292 quamquam
800 4224 865 4276 haec
877 4237 944 4288 quac
955 4220 1087 4290 loquimur
1104 4237 1179 4274 surio
