2790 4812
235 489 288 544 418
519 489 559 543 De
577 488 729 544 Arianisno
748 503 780 542 ac
798 489 832 544 de
851 489 930 544 Cone.
949 491 1073 546 Nicaeae.

235 635 315 719 ipsis
338 633 557 696 adhaerentem
587 635 622 696 in
654 632 792 696 oceanis
814 633 957 720 colligere
982 636 1120 700 eumdem
1141 661 1230 724 quem
1246 642 1340 725 priua
1388 691 1389 710 ,

229 731 484 818 presbyterorum
516 729 726 794 obtinentibus
747 730 889 816 medena.
929 732 1022 796 Hune
1045 737 1127 798 enim
1148 757 1262 799 morem
1285 759 1342 801 esse
1388 731 1389 810 ζ

235 829 465 908 Alexandriae,
490 830 544 913 qni
566 827 689 913 quidem
713 829 882 892 etiamnum
903 841 1024 910 manet,
1048 842 1084 894 ut
1106 831 1161 895 snb
1184 857 1248 896 nno
1271 837 1341 920 epis·
1388 825 1389 894 l

234 949 310 1012 copo
333 927 388 1011 qni
416 924 557 989 omnibus
583 935 713 1010 praeeat
730 925 910 1010 presbyteri
936 931 1109 1013 separatim
1131 930 1278 996 oteheim
1298 932 1342 995 ob·
1388 931 1389 1004 l

236 1026 367 1102 tineent,
392 1035 422 1088 et
438 1023 594 1109 populeum
616 1023 660 1086 ad
682 1023 756 1086 illos
779 1027 940 1088 conuenire
964 1025 1090 1089 solitum
1112 1026 1272 1114 oolliqant
1295 1029 1344 1092 llli
1388 1027 1389 1098 i

236 1145 305 1186 vero
329 1145 394 1185 nna
417 1145 485 1184 enm
508 1121 584 1184 aliis
607 1123 762 1206 episcopie
790 1123 826 1184 in
856 1121 1043 1186 Palaestina
1065 1127 1255 1212 caspreqati,
1279 1127 1344 1190 Arii
1388 1109 1389 1178 l

229 1221 382 1306 petitioni
404 1219 662 1304 nebsmipeerunt,
685 1219 855 1295 hortantes,
885 1227 921 1281 nt
937 1220 1061 1305 plebem
1083 1223 1209 1308 quidem
1232 1225 1342 1310 colliqe-

234 1328 314 1396 rent,
338 1319 432 1380 eimti
455 1327 549 1380 antea
563 1315 676 1401 faeere
699 1326 930 1394 eonnteoerant,
945 1316 1132 1382 Alexandro
1156 1332 1262 1385 tumen
1284 1321 1342 1385 snb·
1388 1325 1389 1338 ¹

227 1417 307 1504 jacti
339 1425 457 1496 essent,
491 1437 528 1477 ac
559 1415 626 1478 sine
657 1415 887 1478 intermissione
920 1416 950 1478 ei
977 1416 1204 1502 supplicarent,
1228 1425 1344 1508 atejus

228 1536 310 1598 paee
334 1523 364 1576 et
386 1513 596 1576 corumnnione
612 1508 840 1597 fruerentur¹).
1388 1505 1389 1580 i

324 1609 375 1674 80.
399 1609 530 1673 Interea
563 1608 685 1672 bellum
714 1621 822 1671 ortum
855 1617 903 1672 est
932 1610 1018 1673 inter
1042 1608 1295 1677 Constantinum
1316 1621 1343 1674 et

234 1709 412 1789 Licinium,
446 1709 502 1792 qui
535 1708 570 1769 in
593 1705 747 1788 Thracia,
780 1705 913 1790 Illyrico
946 1715 980 1770 et
1011 1707 1147 1772 Oriente
1181 1709 1342 1795 regnabat,

234 1817 333 1891 atque
356 1829 386 1870 a.
410 1805 475 1870 323
501 1804 745 1886 Constantinus,
771 1804 902 1868 devicto
926 1806 1017 1890 apud
1039 1806 1244 1890 Byzantium
1267 1809 1343 1872 Lici-

233 1905 298 1986 nio,
323 1911 427 1966 totum
451 1902 637 1966 Romanum
662 1903 837 1987 imperium
867 1903 902 1966 in
926 1925 1019 1967 suam
1042 1915 1240 1989 potestatem
1263 1906 1343 1970 rede
1388 1933 1389 1998 ἦ

233 2003 291 2086 git.
337 1999 566 2064 Nicomediam
600 2001 752 2081 veniens,
786 2009 989 2086 quantopere
1022 2001 1169 2066 Orientis
1202 2006 1344 2088 regiones

233 2099 338 2162 turbis
361 2098 402 2163 ab
428 2098 507 2162 Ario
523 2099 674 2162 excitatis
687 2107 898 2162 moverentur
912 2101 1077 2182 cognovit,
1093 2109 1194 2186 atque
1219 2123 1342 2188 operam
1388 2127 1389 2142 ¹

233 2198 406 2282 praestitit,
430 2204 467 2259 ut
490 2195 666 2260 concordia
696 2197 931 2260 restitueretur.
977 2196 1126 2261 Influxui
1150 2211 1265 2264 autem
1287 2201 1343 2264 Eu·

234 2295 315 2358 sebii
338 2294 611 2375 Nicomediensis,
636 2293 778 2357 hominis
801 2293 904 2376 vafri,
929 2294 1187 2360 adscribendum
1212 2317 1283 2362 esse
1303 2299 1341 2359 vi·

235 2393 339 2475 detur,
364 2392 452 2478 quod
476 2392 671 2456 existimarit
690 2393 794 2473 initio,
814 2393 868 2475 agi
893 2392 935 2455 de
959 2396 1193 2458 controversiis
1217 2397 1344 2460 minoris

234 2493 401 2571 momenti,
428 2489 559 2575 culpam
592 2500 662 2553 tum
685 2487 766 2553 Ario
796 2498 868 2552 tum
898 2488 1089 2554 Alexandro
1114 2511 1185 2555 esse
1209 2492 1343 2556 tribuen-

235 2589 321 2670 dam,
346 2588 623 2672 concordiamque
654 2587 730 2651 iniri
761 2607 872 2671 posse,
903 2586 1082 2652 dummodo
1113 2593 1267 2674 sepositis
1290 2589 1344 2653 illis

234 2685 482 2771 quaestionibus
506 2683 732 2748 subtilioribus
756 2693 894 2769 uterque
926 2707 960 2748 se
992 2695 1181 2771 promptum
1212 2689 1256 2753 ad
1279 2709 1344 2751 con·

235 2784 380 2848 cordiam
405 2782 585 2869 praeberet.
633 2783 723 2845 Hinc
745 2780 870 2846 litteras
899 2777 1031 2867 scripsit
1053 2783 1096 2847 ad
1120 2781 1344 2850 Alexandrum

234 2891 332 2967 utque
355 2881 483 2959 Arium,
517 2880 637 2966 quibus
669 2880 713 2944 ad
745 2901 861 2964 pacem
893 2879 1074 2944 ineundam
1107 2903 1162 2946 eos
1191 2881 1345 2947 hortatur.
1388 2865 1389 2952 l

235 2979 347 3059 Quum
379 2979 524 3065 proiecto
550 2977 787 3041 Constantinus
819 2977 909 3041 haud
943 2979 989 3040 ite
1021 2987 1170 3042 versatus
1205 2990 1290 3061 esset
1314 2981 1343 3042 in
1388 2957 1389 3028 l

234 3078 332 3141 rebus
355 3076 555 3161 theologicis,
579 3075 705 3138 litteras
720 3074 792 3138 illas
807 3075 973 3138 confectas
997 3075 1121 3140 dixeris
1145 3077 1188 3142 ab
1207 3078 1344 3144 Eusebio
1388 3137 1389 3162 ,

233 3175 287 3239 vel
301 3176 343 3239 ab
359 3175 432 3239 aliis
447 3174 609 3259 episcopis
625 3174 681 3258 qui
694 3173 775 3236 Ario
789 3172 1031 3258 quadamtenus
1049 3173 1164 3237 saltem
1179 3175 1343 3240 favebant.
1388 3219 1389 3270 ,

90 3293 121 3330 'on
159 3291 214 3330 nin
323 3273 374 3338 81.
400 3272 453 3336 Ab
486 3271 631 3334 Eusebio
665 3269 869 3334 Caesariensi
903 3271 1031 3355 integra
1059 3272 1199 3356 epistola
1223 3274 1345 3358 magnis
1388 3287 1389 3360 t

96 3352 192 3391 ‘'³⁸⁰¹''
235 3393 310 3435 oum
333 3370 488 3435 laudibus
512 3371 546 3432 in
581 3369 658 3432 Vita
682 3366 890 3432 Constantini
921 3367 975 3454 (L.
998 3369 1042 3434 Π.
1068 3391 1096 3433 c.
1120 3371 1164 3434 64
1187 3373 1276 3460 sqq.)
1298 3393 1345 3433 ex·
1388 3361 1389 3440 l

234 3468 385 3550 hibetur3
411 3466 643 3552 compendium
668 3487 746 3529 vero
770 3465 841 3551 ejus
869 3487 889 3528 a
912 3465 1093 3531 Sozomeuo
1117 3467 1271 3551 tradimur,
1295 3469 1344 3554 qni
1388 3467 1389 3548 ζ

235 3566 396 3630 eadere
430 3565 482 3652 (L.
507 3564 533 3629 I.
558 3586 586 3628 c.
613 3562 667 3649 16)
698 3562 829 3628 scribit:
864 3559 939 3627 Cmn
971 3573 1075 3628 antem
1102 3565 1213 3631 mulas
1235 3590 1344 3653 quoqu·
1388 3557 1389 3600 ¹

235 3667 270 3728 in
293 3664 434 3750 Aepypto
458 3662 600 3727 conciliis
623 3661 787 3726 celebratis
814 3663 969 3726 contentio
992 3661 1197 3728 nibilominus
1219 3663 1344 3728 insalsa

236 3784 307 3824 certe
339 3762 382 3824 ael
413 3763 516 3846 ipsum
547 3783 642 3845 usque
661 3759 823 3845 palatium
841 3761 1046 3844 peruenisset,
1070 3761 1251 3845 Imperator
1275 3758 1344 3825 Coo·
1388 3763 1389 3840 J

236 3861 393 3922 staretinns
409 3881 473 3922 non
488 3859 638 3921 mediocri
655 3856 762 3920 dolore
783 3855 949 3942 perculsus
971 3867 1026 3934 est,
1048 3859 1141 3942 quael,
1158 3881 1227 3922 cum
1240 3859 1345 3946 reliqio
1388 3841 1389 3882 l

236 3958 409 4022 obristinna
442 3979 546 4018 reeens
578 3956 728 4040 coepisset
764 3955 886 4040 anqeri,
921 3955 1103 4039 opinionum
1135 3955 1345 4042 discrepantia

234 4053 349 4116 multoe
372 4053 411 4117 ab
436 4057 502 4142 ejus
512 4053 711 4139 profession-e
725 4063 893 4116 reuocaret.
918 4052 1019 4138 Atque
1043 4053 1134 4140 bajus
1156 4055 1206 4117 rei
1228 4051 1346 4139 scalpam

240 4187 446 4194 —u———u

312 4257 331 4324 Ι)
350 4255 384 4308 n.
403 4255 434 4308 a.
453 4255 512 4310 1.1.
532 4273 554 4312 ο.
575 4257 616 4312 15.
