2790 4812
203 499 256 554 388
485 497 526 556 De
543 499 695 556 Arianismo
713 517 745 556 ac
762 501 796 557 de
813 497 891 558 Cone.
911 499 1036 558 Niceeno.

203 665 287 726 csse,
321 644 379 710 sed
417 644 550 710 motivis
587 667 675 710 mere
707 644 851 733 politicis
882 647 1057 712 incitatum
1085 647 1202 731 fuisse,
1227 659 1266 714 ut
1290 671 1328 714 se

203 741 428 807 Christianum
450 741 699 830 profiteretur¹).
745 743 812 809 Sed
844 744 880 809 id
911 744 1085 809 manifeste
1117 745 1239 811 falsum
1264 757 1328 814 cst.

202 839 264 904 Vel
287 842 358 925 ipse
381 839 583 905 Moshemius
605 839 669 906 hac
692 842 728 906 in
750 864 786 905 re
808 841 894 908 bene
917 842 1049 907 scribit:
1081 841 1328 910 Constantinum

202 939 246 1004 od
267 938 449 1025 religiosum
471 938 675 1003 chiisducum
697 962 737 1003 cu
760 941 866 1004 ocimo
890 951 920 1004 et
940 963 1011 1004 vera
1034 943 1210 1022 musicae,
1226 942 1328 1028 facto

202 1041 279 1127 ejas,
304 1036 394 1122 loyes,
418 1036 562 1116 conatu,
585 1038 734 1102 instituite
752 1049 845 1103 cuma
864 1061 983 1103 omnam
999 1049 1128 1125 posuit
1150 1039 1327 1104 destitutio·

201 1158 280 1200 uem.
311 1135 421 1220 Neque
443 1133 543 1198 ullam
566 1137 667 1199 omnis
688 1136 848 1216 bistesiaci,
873 1138 903 1200 ei
924 1159 1048 1200 swam
1071 1139 1227 1224 eucapiae,
1247 1163 1328 1224 pos·-

203 1246 263 1300 tem
293 1231 466 1322 majoribus
497 1233 561 1296 uiti
593 1243 657 1297 tum
688 1257 793 1298 ranan
815 1257 909 1321 quium
939 1234 1102 1299 verbm
1134 1237 1330 1300 testimoniis

202 1329 382 1418 arbitros-¹).
429 1328 515 1394 Cum
544 1329 596 1394 his
618 1340 731 1395 tamen
754 1331 904 1417 apprime
927 1331 1137 1415 conciliatur,
1164 1331 1330 1400 Constan-

201 1432 308 1494 tinum
342 1429 457 1493 merito
489 1449 682 1514 persuasum
714 1428 881 1510 habuisse,
913 1428 1133 1514 polytheismo
1166 1439 1200 1494 et
1234 1432 1329 1496 cultu

202 1526 283 1593 falso
316 1525 489 1610 gentilium
520 1526 592 1612 jam
625 1527 806 1612 Imperium
838 1525 943 1592 solido
981 1527 1078 1592 modo
1111 1527 1225 1593 fidciri
1259 1552 1329 1595 non

201 1645 307 1712 posse,
322 1645 421 1710 seque
444 1625 545 1688 etism
568 1623 629 1688 sub
653 1631 805 1709 respectu
828 1623 922 1688 civili
944 1634 1044 1712 atque
1066 1625 1202 1711 politico
1218 1628 1330 1713 publi-

202 1725 250 1788 cis
272 1720 371 1786 rebus
394 1722 517 1807 optime
539 1720 729 1807 providere,
754 1730 907 1806 susceptu
930 1731 965 1786 et
990 1729 1141 1808 promota
1163 1723 1330 1811 religione

202 1820 393 1886 christiana.
439 1817 608 1883 Gradibus
640 1819 729 1884 enim
752 1819 855 1883 variis
878 1818 966 1884 lianc
997 1819 1193 1905 religionem
1218 1825 1331 1908 magis

202 1918 374 2003 magisque
396 1917 571 2002 promovit.

79 2026 91 2054 ⁰
141 2025 175 2055 ⁰⁰⁸
292 2015 347 2080 43.
372 2013 438 2080 Sed
456 2012 527 2100 jam
551 2017 668 2099 paucis
686 2036 979 2080 commemoremus
993 2037 1049 2080 eos
1063 2015 1244 2100 Pmstsfloes,
1269 2017 1332 2102 qui

144 2107 149 2117 ’
204 2124 351 2200 tempore
373 2113 610 2198 persecutionis
633 2134 673 2177 ac
694 2111 855 2200 triumphi
874 2111 1101 2199 Apostolioam
1125 2111 1252 2178 Sedcm
1277 2135 1332 2178 oc·

201 2219 374 2297 cuparunt.
416 2210 615 2296 Priusquam
638 2209 801 2295 generalis
824 2213 1009 2297 persecutio
1034 2220 1148 2276 contre
1164 2208 1332 2275 Chi-istiu

201 2332 261 2374 nos
284 2317 370 2373 esset
391 2307 562 2393 imperate,
587 2305 620 2372 S.
649 2306 746 2373 Gaius
767 2330 855 2394 papa
879 2309 911 2374 d.
936 2309 978 2372 22
1002 2306 1129 2395 Aprilis
1151 2309 1237 2372 anni
1260 2307 1331 2374 296

200 2417 368 2472 aeternam
400 2403 539 2492 gloriam
572 2413 767 2471 consecutus
799 2415 858 2472 est
903 2405 945 2472 In
968 2405 1040 2492 ejus
1070 2404 1181 2470 locum
1211 2405 1332 2472 subro

66 2525 122 2582 χι·
166 2532 174 2540 ·
199 2515 294 2592 gatus
317 2504 381 2568 fuit
404 2502 437 2568 S.
462 2503 672 2568 Marcellinus
693 2504 879 2586 Romanus,
903 2503 1100 2588 martyrium
1122 2501 1272 2589 adeptus
1297 2503 1331 2568 d.

199 2605 242 2668 26
275 2600 381 2688 April.
414 2624 443 2666 a.
476 2601 553 2667 304.
600 2601 726 2684 Ferunt
749 2602 895 2687 quidem,
918 2599 1010 2666 hunc
1033 2601 1233 2666 Pontificem
1259 2625 1332 2666 sae

199 2703 311 2766 viente
333 2700 561 2785 persecutione
584 2701 699 2764 mortis
722 2708 812 2764 metu
845 2698 1001 2764 adactum
1030 2697 1128 2762 idolis
1150 2695 1257 2762 thura
1282 2701 1332 2764 in·

199 2799 358 2880 condisse,
392 2805 425 2860 et
456 2797 491 2860 in
514 2795 715 2862 Sinuessano
746 2805 969 2862 trecentorum
992 2797 1224 2882 episcoporum
1251 2819 1334 2862 con-

199 2896 273 2961 cilio
307 2917 345 2959 ea
378 2894 419 2959 de
450 2915 550 2958 causa
573 2903 696 2977 coacto,
720 2894 852 2982 lapsum
875 2914 973 2959 suum
996 2893 1184 2958 confessum
1210 2897 1333 2979 poeni-

197 2996 335 3059 tentiam
360 2993 476 3076 egisse.
501 2990 547 3055 At
570 2991 754 3057 Marcellini
778 2991 908 3078 lapsum
932 3001 965 3056 et
981 2991 1223 3057 Sinuessanum
1250 3013 1333 3058 cen·

198 3090 312 3156 cilium
335 3111 405 3154 esse
430 3089 665 3171 commentitia,
684 3089 756 3176 jam
781 3091 993 3156 consentiunt
1015 3089 1147 3155 eruditi.
1185 3089 1332 3156 Etenim

200 3191 237 3253 1⁰
263 3189 373 3253 nullus
395 3196 546 3251 veterum
578 3189 775 3273 scriptorum
798 3188 951 3253 meminit
977 3186 1090 3274 lapsus
1112 3187 1332 3270 Marcellini3

196 3285 424 3352 tantummodo
460 3294 608 3370 tempore
644 3284 678 3351 S.
711 3284 892 3370 Augustini
925 3283 1111 3351 Petilianus
1142 3285 1333 3352 Donatista

196 3383 307 3472 plures
321 3385 486 3448 Romanos
500 3383 682 3469 Episcopus
705 3383 892 3448 traditionis
915 3405 1085 3448 sacrorum
1109 3382 1271 3449 codicum
1299 3396 1334 3450 et

196 3482 450 3547 thurificationis
474 3483 654 3547 accusavit.
687 3480 775 3545 Eum
799 3479 833 3546 S.
857 3479 1068 3570 Augustinus
1091 3480 1131 3544 da
1153 3479 1332 3568 Baptismo

196 3581 217 3646 l.
241 3580 268 3644 Ι.
291 3580 409 3664 arguit,
434 3577 531 3642 simul
554 3578 749 3660 ostendens,
782 3576 866 3643 nihil
899 3599 936 3642 eo
960 3587 1110 3665 tempore
1142 3577 1184 3642 de
1208 3578 1332 3666 aliquo

197 3676 381 3741 Marcellini
403 3674 498 3760 lapsu
521 3685 636 3740 notum
659 3676 771 3742 fuisse.
799 3673 886 3749 Quid
909 3699 991 3762 erpo,
1016 3678 1135 3762 inquit,
1161 3699 1242 3762 epm
1269 3691 1332 3756 est,

196 3785 231 3838 ct
259 3775 486 3861 spisccporum
516 3775 679 3837 Romanae
709 3773 857 3838 eccleciae
864 3825 874 3854 ,
906 3797 984 3860 quoe
1005 3773 1251 3838 memmium
1277 3801 1332 3839 cu-

196 3872 325 3936 lemnus
340 3873 511 3934 insectatus
534 3881 590 3950 est,
614 3871 735 3961 objecta
750 3871 790 3935 ab
811 3894 847 3935 eo
871 3871 1208 3936 semimutilatam?
1234 3875 1331 3937 Mur-

271 4116 354 4187 ¹)1tc
381 4131 403 4170 e.
430 4132 458 4184 g.
486 4115 518 4171 G.
545 4117 656 4182 Amold,
679 4115 713 4172 Η.
743 4117 805 4173 scol.
832 4117 905 4174 uu
932 4119 949 4174 l.
967 4119 1016 4186 IV,
1035 4136 1057 4173 u
1077 4122 1102 4182 2,
1121 4123 1151 4172 et
1170 4118 1328 4174 censum

195 4194 361 4259 ¹I'luomusiua,
380 4195 471 4250 Obscr.
491 4196 609 4250 Hallem.

270 4275 292 4343 ¹)
311 4275 350 4326 De
369 4274 447 4329 rebus
466 4275 557 4329 christ.
577 4279 641 4329 ante
659 4274 751 4330 Const.
770 4292 838 4332 saec.
859 4275 907 4331 IV.
926 4277 949 4347 ἕ.
969 4281 995 4332 7.
