2924 4818
550 505 575 560 8
595 506 747 560 marinus
1159 507 1208 560 131

89 658 191 734 jum
211 673 321 737 corpor
339 649 377 714 Β.
394 649 482 714 Petri
503 650 539 714 in
568 649 730 714 Vaticano.
755 685 799 696 -
821 648 899 712 Istis
921 647 1124 736 temporibus
1148 649 1208 716 rub

94 747 237 834 Trojano
260 769 347 812 nova
370 748 555 833 persecutio
586 748 620 810 in
645 745 850 812 Christianos
881 747 1024 812 excitata
1047 755 1105 829 est,
1129 746 1209 812 mul·

94 849 201 933 tisque
215 849 250 910 in
266 845 347 910 loeis
363 846 492 910 saeviit.
517 843 659 908 Videtur
672 853 783 908 autem
793 845 978 929 persecutio
988 854 1059 908 orta
1075 866 1117 910 ex
1133 845 1209 910 odio

93 944 265 1027 gentilium
285 945 320 1007 in
338 941 558 1018 Christianum
587 941 750 1026 Trajanus
770 963 849 1006 vero
871 951 985 1006 eontra
1004 941 1209 1007 Christianos

95 1039 405 1124 utebaturlegelata
415 1051 530 1104 eontra
544 1039 708 1104 hetaerias
724 1061 782 1104 seu
793 1041 967 1105 societates
974 1047 1126 1106 secretos.
1150 1038 1209 1104 Ce-

94 1138 266 1204 leberrima
281 1149 332 1202 est
348 1137 448 1202 Plinii
459 1138 602 1224 junioris
626 1137 782 1222 praefecti
804 1137 955 1221 Bithynii
970 1136 1014 1201 ad
1027 1137 1209 1223 'l'rajanum

92 1237 238 1322 epistola,
254 1257 321 1322 qua
336 1237 465 1321 quaerit
479 1235 520 1300 de
535 1237 661 1300 ratione
679 1234 802 1318 agendi
817 1234 1153 1317 eontraChristianos,
1178 1244 1211 1299 et

93 1333 226 1420 Trajani
236 1335 445 1418 rescriptum.
474 1333 704 1418 Opportunum
716 1335 778 1396 erit
787 1343 963 1419 utrumque
973 1334 1209 1398 documentum

92 1433 218 1510 afferre,
234 1453 337 1518 quum
354 1452 407 1494 res
417 1431 679 1496 Christianorum
697 1430 817 1495 iisdem
841 1430 979 1495 multum
994 1429 1207 1496 illustrentur.

177 1531 233 1596 30.
256 1528 407 1615 Epistola
430 1527 530 1594 Plinii
555 1531 600 1594 ita
623 1527 740 1594 habet:
768 1527 941 1613 „Solemus
964 1539 1013 1594 est
1035 1527 1128 1611 mihi,
1143 1529 1209 1594 Do-

94 1631 188 1708 mine,
212 1629 329 1692 omnia
352 1626 393 1691 de
423 1627 543 1713 quibus
568 1628 682 1692 dubito
712 1626 755 1692 ad
779 1637 811 1690 te
834 1627 965 1692 referre.
1012 1627 1097 1708 Quis
1119 1629 1209 1692 enim

94 1739 194 1810 potest
219 1725 339 1790 melius
362 1725 414 1790 vel
440 1727 682 1790 cunctationem
714 1746 821 1788 meam
844 1746 958 1808 regere
981 1724 1035 1789 vel
1058 1727 1209 1809 ignoran-

92 1827 168 1889 tiam
192 1823 381 1888 instruere?
405 1821 658 1906 Cognitionibus
683 1823 723 1888 de
748 1821 946 1888 Christianis
969 1823 1104 1888 interfui
1127 1845 1208 1887 nun·

93 1944 207 2008 quam:
234 1919 310 1985 ideo
335 1923 456 2002 nesei0,
482 1919 563 2007 quid
587 1929 619 1984 et
632 1930 795 2005 quatenus
811 1932 868 1985 aut
891 1922 1003 2006 puniri
1027 1919 1130 1986 soleat
1152 1931 1210 1984 aut

92 2023 215 2105 quaeri.
240 2019 311 2082 Nee
335 2018 543 2084 mediocriter
566 2017 739 2093 haesitavi,
765 2020 849 2082 sitne
872 2018 1007 2105 aliquod
1031 2018 1209 2085 discrimen

92 2131 247 2194 aetatum,
263 2138 306 2181 an
321 2115 503 2202 quamlibet
516 2117 620 2181 teneri
643 2115 727 2181 nihil
750 2139 770 2180 a
784 2115 1025 2182 robustioribus
1040 2115 1207 2182 differant:

93 2213 185 2278 detur
218 2215 441 2299 poeniteutiae
474 2215 582 2293 venia,
616 2236 659 2278 an
692 2215 722 2278 ei
756 2216 812 2300 qui
842 2217 976 2279 omnino
1001 2213 1208 2280 Christianus

92 2313 160 2381 fuit.
195 2311 334 2376 desiisse
365 2333 430 2378 uon
463 2313 584 2398 prosit:
608 2333 728 2376 nomen
762 2315 880 2397 ipsum,
912 2313 1042 2378 etiamsi
1075 2312 1209 2397 flagitiis

92 2423 210 2477 eareat.
244 2429 287 2472 an
321 2408 447 2494 flagitia
479 2409 689 2474 cohaerentia
721 2412 847 2476 nomini
871 2413 1060 2496 punientur.
1106 2411 1208 2476 Inter·

92 2510 133 2572 im
151 2507 255 2586 iniis,
272 2509 328 2592 qui
346 2507 389 2572 ad
405 2528 458 2572 me
473 2517 634 2594 tanquam
649 2505 828 2572 Christiani
853 2507 1094 2592 deferebantur,
1118 2506 1208 2575 huno

90 2627 161 2670 sum
192 2614 325 2668 secutura
358 2603 503 2670 modum.
551 2605 756 2688 Interrogavi
785 2607 883 2691 ipsos,
917 2628 960 2672 an
984 2615 1093 2671 essent
1116 2605 1208 2672 Chri·

89 2705 207 2768 stiani:
233 2701 426 2768 confitentes
450 2705 568 2767 iterum
592 2725 631 2767 ao
654 2705 749 2768 tertio
773 2707 984 2789 interrogavi,
1009 2703 1208 2790 supplicium

89 2803 254 2866 minatus:
278 2811 526 2885 perseverantes
547 2799 624 2865 duci
643 2801 739 2886 jussi.
763 2801 880 2886 Neque
894 2803 984 2866 enim
1003 2801 1207 2884 dubitabam,

89 2897 331 2984 qualecumque
355 2911 439 2961 esset
469 2897 556 2984 quod
589 2899 785 2980 faterentur,
818 2900 1043 2984 pervicaciam
1066 2908 1154 2964 uerte
1177 2909 1209 2966 et

89 2995 308 3060 inflexibilem
347 2996 601 3067 obstinationem
636 2996 755 3060 debers
793 2999 914 3082 puniri.
970 2997 1120 3062 Fuertmt
1150 2996 1206 3062 alii

89 3093 206 3158 similia
230 3096 414 3158 amentiae:
439 3116 521 3181 quos
545 3096 624 3180 quia
648 3095 738 3158 eires
757 3094 898 3159 Romani
922 3103 1024 3177 erant,
1049 3093 1206 3160 adnotavi

89 3195 122 3258 in
152 3191 270 3256 urbem
303 3191 525 3258 remittendos.
572 3192 651 3256 Mox
685 3193 755 3277 ipso
779 3201 930 3261 tractatu,
961 3200 998 3258 ut
1020 3191 1092 3257 fieri
1116 3191 1206 3274 solet,

88 3289 298 3354 diffundente
321 3311 356 3354 se
380 3291 528 3368 erimine,
552 3289 662 3376 plures
696 3290 822 3375 speeies
845 3287 1043 3356 inuiderunt.
1088 3290 1208 3376 Propo·

89 3391 171 3450 situs
195 3399 245 3450 est
267 3385 399 3451 libellus
421 3389 491 3452 sine
505 3397 648 3466 auctore,
665 3385 842 3452 multorum
866 3389 1002 3453 uomina
1025 3387 1206 3469 mutinens,

88 3487 143 3571 qui
171 3495 295 3568 negant
318 3507 353 3548 se
376 3507 447 3550 ease
462 3483 668 3551 Christianos
691 3494 748 3550 aut
768 3485 880 3566 fuisse,
905 3507 1007 3572 quum
1030 3495 1208 3572 praeeunte

89 3607 140 3648 me
175 3583 255 3646 deos
288 3581 505 3668 appellarent,
538 3593 572 3648 et
595 3585 732 3668 imagini
757 3591 842 3666 tuae,
867 3604 967 3670 quam
989 3592 1123 3670 propter
1145 3581 1208 3648 hoo

84 3683 251 3766 jusseram
276 3703 351 3744 eum
377 3679 561 3746 simulacris
589 3683 764 3746 numinum
795 3681 916 3763 afferri,
946 3680 1042 3746 thuro
1065 3701 1106 3746 ae
1128 3681 1206 3746 vino

89 3779 324 3866 supplicarent,
349 3787 518 3863 praeterea
542 3776 777 3844 maledicerent
795 3777 936 3861 Christo,
961 3799 1101 3866 quorum
1124 3776 1208 3844 nihil

89 3880 161 3962 oogi
186 3897 283 3964 posse
307 3875 473 3958 dicuntur,
498 3879 555 3962 qui
579 3887 656 3942 sunt
678 3897 795 3942 revera
811 3875 1002 3943 Christiani.
1048 3876 1137 3962 Ergo
1161 3875 1207 3942 di·

91 3975 267 4042 mittendos
292 3975 418 4060 putavi.
466 3973 534 4040 Alii
557 3975 599 4038 ab
628 3974 744 4062 judice
767 3976 939 4058 nominati,
963 3994 1034 4039 esse
1058 3995 1092 4038 se
1117 3971 1208 4040 Chri·

88 4077 212 4140 atisnos
236 4073 404 4153 dixerunt,
420 4083 453 4137 et
469 4093 547 4138 mox
563 4083 785 4157 negaverunt:
809 4072 911 4138 fuisse
927 4071 1062 4160 quidem
1078 4071 1137 4136 sed
1156 4071 1208 4138 de

89 4174 191 4252 siisaa,
202 4169 341 4256 quidam
356 4179 433 4234 ante
446 4171 637 4251 triennium,
650 4169 787 4256 quidam
797 4180 874 4236 ants
887 4169 999 4255 plmes
1010 4191 1125 4252 annos,
1140 4193 1206 4236 non

90 4269 379 4334 nemoetiamente
390 4269 509 4352 viginti
520 4289 661 4354 quoque.
670 4265 796 4333 Omnes
803 4276 837 4331 et
844 4269 1022 4352 imaginem
1033 4267 1208 4332 tuamdeo·

1069 4374 1101 4425 9*
