2936 4814
568 489 715 562 masaa.
1164 485 1199 541 es

94 628 197 708 drin03
220 643 395 698 contextus
418 636 506 698 enim
530 635 682 718 ostendit,
707 634 789 700 illud
813 636 923 708 dieunt
945 630 1049 718 (φάσι)
1072 631 1116 696 ad
1139 630 1199 694 hos

94 729 174 792 viros
195 752 275 815 quos
298 753 399 816 snpra
422 735 653 798 nominaverat
675 734 800 799 referri.
839 733 872 799 S.
895 733 1121 815 Hieronymus
1144 751 1197 816 pa·

92 827 165 890 riter
185 829 273 893 illam
298 830 602 916 interpretationem
618 834 664 896 ita
678 841 921 914 commemorat,
945 840 982 894 ut
1005 827 1102 893 simul
1126 848 1198 891 eam

90 926 251 1010 approbet.
298 929 342 992 Et
366 930 497 1016 Papias,
528 932 583 1012 ait,
609 931 875 1018 Hierapolitanos
898 931 1072 1017 episeopus,
1096 927 1198 990 memi-

91 1024 136 1086 nit
154 1025 243 1115 liujus
272 1027 389 1107 Marci,
419 1039 450 1092 et
472 1029 583 1093 Patrne
614 1031 649 1093 in
681 1028 817 1115 epistola
843 1030 962 1114 prima,
995 1025 1051 1090 aab
1073 1025 1198 1090 nomiae

91 1121 256 1208 Babylorde
280 1125 462 1212 pipare-aliter
491 1129 624 1192 Romam
654 1126 874 1213 aipnifieans¹).
925 1123 1055 1190 Alludit
1083 1123 1197 1188 Hiero·

90 1241 202 1303 aymus
224 1221 281 1286 hic
304 1224 477 1288 manifeste
500 1225 543 1289 ad
567 1233 695 1289 textum
717 1224 866 1290 Eusebii.
887 1261 929 1270 —
945 1221 1198 1308 Chrysostomus

87 1317 150 1400 ivel
173 1317 316 1384 Severus
339 1321 374 1386 in
395 1320 520 1386 Catena
544 1345 564 1387 a
588 1321 775 1410 Cramero¹)
804 1322 894 1387 edita
916 1319 1049 1386 scribit:
1094 1319 1197 1405 Baby·

86 1415 180 1479 lonem
203 1419 303 1503 ipitar
325 1410 404 1501 (οὖν)
425 1423 632 1508 metaphorice
646 1424 780 1486 Romam
798 1419 951 1508 appellat,
975 1419 1104 1486 electam
1126 1439 1197 1482 uero

86 1513 242 1578 ωάωίαιπ
258 1511 377 1581 Cleriste'
390 1519 497 1582 eadem
519 1521 555 1584 in
576 1519 651 1584 arbe
675 1521 883 1584 constitutam.
912 1517 964 1582 Ita
979 1519 1078 1582 etiam
1093 1515 1197 1583 Oecu·

86 1615 209 1677 menius
231 1635 273 1678 ac
301 1614 395 1680 Beda
424 1625 459 1680 et
480 1619 664 1702 generatim
694 1625 822 1682 veteres
850 1618 1045 1702 interpretes
1068 1613 1132 1679 hac
1156 1614 1197 1679 de

85 1731 121 1772 re
139 1713 353 1780 conveniunt
401 1714 495 1796 Quae
514 1736 594 1780 vero
617 1714 660 1780 ab
690 1715 890 1780 adversariis
914 1723 1126 1800 opponuntur
1149 1715 1195 1777 in·

85 1807 179 1874 terius
202 1811 441 1897 expendemus.

166 1907 524 1976 sandaracam
545 1911 633 1976 urhis
646 1913 766 1976 Romae
780 1909 869 1998 quod
893 1919 1028 1998 spectat,
1051 1907 1247 2013 profecto!¹
1242 1911 1291 1955 ¹¹⁰¹·
1263 1925 1333 1956 ⁰³²¹*-

82 2004 148 2068 fieri
172 2029 243 2072 non
274 2009 391 2094 potnit,
424 2009 506 2096 quin
537 2009 606 2075 BB.
638 2008 872 2096 Apostolorum
903 2009 1062 2073 memoria
1085 2006 1197 2072 multis
1232 1976 1337 2017 Μ

81 2100 158 2168 locis
179 2125 222 2168 se
245 2103 407 2172 aedificiis
436 2106 540 2171 veluti
570 2108 673 2172 affixa
703 2116 861 2173 maneret.
907 2105 959 2171 Ac
987 2127 1103 2170 revera
1125 2113 1196 2170 tum

81 2223 228 2268 carceres
251 2203 431 2290 inquibus
454 2207 679 2288 moratisunt‚
703 2215 774 2270 tum
789 2203 986 2270 catenaeB.
1010 2203 1110 2286 Petri,
1124 2213 1195 2268 tum

80 2299 168 2364 locus
191 2303 460 2386 martyrii‚tum
490 2302 665 2390 sepulchra
695 2301 927 2390 Apostolorum
957 2323 1087 2392 semper
1115 2299 1195 2365 cele-

81 2397 268 2464 bratissima
290 2399 392 2468 fuere.
415 2399 487 2467 Imo
510 2403 611 2466 etiam
625 2423 693 2467 non
715 2423 842 2488 paucae
866 2399 1024 2466 ecelesiae
1046 2399 1089 2464 ab
1113 2399 1195 2464 anti-

79 2497 247 2580 quissimis
269 2499 513 2586 temporibus'
503 2522 539 2565 in
563 2499 799 2566 celebrioribus
827 2498 917 2582 locis,
942 2499 1000 2563 ubi
1030 2497 1084 2562 vel
1108 2495 1194 2582 Apo-

78 2593 149 2660 stoli
174 2595 231 2660 vel
259 2595 414 2684 discipuli
444 2619 568 2680 eoram,
600 2600 648 2662 uti
679 2597 712 2665 S.
742 2595 876 2663 Pudens
899 2598 1034 2684 ejusque
1056 2594 1193 2676 familia,

79 2693 200 2778 Aquila
231 2703 265 2758 et
293 2695 443 2760 Priscilla
471 2696 594 2783 aliique
627 2694 834 2779 habitabant,
869 2694 1064 2760 aedificatae
1091 2693 1194 2758 fuere.

77 2789 123 2854 Eo
153 2793 260 2857 etiam
289 2795 456 2879 pertinent
483 2804 555 2859 tum
585 2794 705 2860 festum
730 2792 906 2858 cathedrae
937 2792 969 2859 S.
993 2791 1093 2875 Petri,
1123 2801 1194 2856 tum

76 2889 146 2974 ipss
170 2889 332 2956 cathedra
354 2891 532 2958 materialis
546 2893 579 2959 S.
599 2892 688 2957 Petri
712 2913 796 2979 qnae
819 2891 943 2957 Romae
966 2893 1161 2956 asservatur.
1170 2887 1194 2975 ¹)

162 2989 221 3054 42.
245 2989 295 3052 De
318 2989 484 3055 duratione
498 2993 637 3056 Romani
651 2991 849 3077 episcopatus
867 2989 904 3054 B.
930 2989 1025 3054 Petri.
1050 3025 1094 3036 -

73 3085 385 3171 animadvertimus,
401 3091 627 3175 quaestionem
642 3088 839 3160 deRomano
849 3087 888 3154 B.
898 3087 987 3153 Petri
1003 3087 1194 3173 episcopatu

145 3317 173 3388 ²)
190 3316 233 3372 De
249 3317 317 3373 viris
334 3317 432 3374 illustr.
450 3317 485 3374 ud
503 3318 638 3372 Marcam.

145 3399 174 3466 ¹)
193 3397 299 3452 (tatem
314 3397 345 3452 in
363 3413 422 3466 epp.
429 3397 527 3454 cathol.
547 3395 615 3452 adid.
633 3395 660 3452 J.
679 3395 712 3453 Α.
731 3395 944 3453 OramerOxonii
958 3398 1034 3454 leto.
1052 3411 1079 3466 p.
1097 3397 1140 3451 82.

145 3475 280 3546 utut·
302 3477 336 3532 de
359 3477 438 3533 Rossi
461 3478 560 3547 duplex
588 3477 689 3532 Remea
718 3476 879 3532 serrabatur
907 3476 1035 3531 cathedra
1058 3475 1084 3532 S.
1108 3473 1193 3533 Petri.

70 3561 174 3614 Alten
192 3557 221 3612 in
239 3557 398 3614 aeneam
415 3571 463 3614 sen
481 3557 639 3613 mammes
656 3556 912 3613 mammam
929 3555 1194 3613 soiehstdieiSedes

70 3639 116 3696 eti
134 3638 242 3694 Petrus
264 3637 340 3707 prins
362 3637 441 3704 sedit
467 3643 496 3693 et
519 3635 742 3694 commemorabat
762 3637 879 3706 primum
906 3637 964 3707 ejus
989 3637 1141 3706 ingresmn
1164 3636 1193 3692 in

70 3719 166 3775 urben
187 3717 308 3773 nomm
343 3715 411 3788 Ejus
428 3715 642 3773 commemoratio
660 3717 758 3772 minori
767 3717 939 3774 solemnitate
951 3715 1034 3773 flebat
1051 3716 1076 3772 d
1096 3714 1194 3772 leJa

70 3800 173 3854 surii.
211 3795 307 3852 Altera
324 3803 386 3853 erat
414 3797 542 3852 cathedra
566 3802 676 3853 servate
698 3796 727 3852 in
754 3795 915 3866 baptisterio
932 3795 1061 3852 Vaticani
1079 3797 1109 3865 (a
1125 3801 1193 3851 tem·

70 3879 186 3946 ponam
203 3877 230 3934 S.
249 3877 380 3948 Danum),
398 3877 542 3946 nmque
560 3881 761 3932 armamentum
783 3881 845 3932 eret
862 3876 1008 3946 dignitatis
1030 3875 1193 3946 pontificelis

70 3960 94 4014 S.
123 3957 215 4014 Petri.
247 3957 315 4027 hias
339 3957 555 4014 conmemoratio
578 3956 674 4026 maiori
699 3955 871 4012 solemnitate
895 3955 979 4012 tebet
1002 3955 1027 4011 d
1051 3959 1095 4013 22.
1113 3955 1192 4013 Febr.

71 4037 129 4093 lise
146 4038 195 4094 dte
212 4037 409 4106 wtyrolegie
426 4043 456 4093 et
473 4035 610 4094 breviaria
631 4051 703 4092 nunc
726 4041 832 4106 ponunt
850 4037 950 4094 testum
968 4035 1120 4094 cathedrae
1137 4037 1193 4092 An-

72 4118 224 4176 tiochense.
243 4117 314 4174 Usus
337 4116 382 4172 hie
404 4117 464 4173 ideo
481 4117 613 4186 paulatim
637 4115 754 4185 irrepsit
780 4117 845 4185 qnia
866 4117 995 4173 memoria
1018 4116 1132 4173 elterim
1149 4133 1193 4172 cer

71 4197 186 4254 uam
203 4212 314 4268 prorsus
332 4197 457 4266 penem.
481 4197 594 4266 ideoque
617 4196 716 4266 duplex
741 4197 956 4254 commemoratio
978 4196 1122 4254 catharae
1139 4195 1192 4252 aa

73 4275 546 4348 mintdligietexplieerlnon
564 4281 680 4347 poterat
698 4275 1011 4337 -cnuolletiaav,
1023 4293 1067 4347 pp
1081 4277 1116 4331 tt
1133 4291 1191 4346 sqq.

124 4371 258 4429 tuma.
271 4371 448 4420 vuum
1067 4364 1086 4422 ὖ
