2836 4804
478 474 638 541 Eutychetis
657 489 767 528 errores.
1129 479 1182 530 966

64 621 253 701 effecerunt,
287 619 422 684 favente
455 619 554 682 etiam
584 617 745 682 Flaviano
779 619 933 704 episcopo
958 619 1110 702 CPtano,
1149 637 1182 686 ut

63 716 101 780 ab
136 717 340 802 Imperatore
377 716 521 781 Uranius
561 716 731 780 Himerius
765 718 949 802 episeopus,
984 717 1183 802 Eutychetis

62 817 208 897 amicus,
232 814 370 880 Photius
393 814 475 897 Tyri
508 823 541 878 et
574 813 770 878 Eustathius
798 815 913 897 Beryti
947 819 1092 904 episcopi
1130 815 1182 882 de-

62 912 260 998 legarentur,
285 923 322 976 ut
345 933 479 976 causam
503 911 583 976 Ibae
607 912 845 977 examinarent.
894 911 1016 979 Contra
1040 936 1182 980 canones

61 1010 180 1074 eadem
206 1010 338 1074 Domno
372 1009 646 1090 subtrahebatur,
685 1005 773 1094 quod
808 1009 888 1076 Ibae
924 1015 1051 1078 amicus
1086 1023 1180 1078 esset.

61 1109 282 1172 Accusatores
305 1109 406 1192 igitur
428 1107 523 1172 Ibam
538 1127 606 1172 non
620 1115 748 1170 tantum
765 1119 974 1192 accusarunt,
999 1111 1088 1198 quod
1112 1134 1181 1176 sen-

6 1263 7 1270 ,
61 1209 184 1270 untias
218 1205 400 1270 haereticas
422 1205 681 1270 Nestorianismo
716 1205 855 1270 infectas
889 1208 1087 1293 protulisset,
1124 1209 1181 1274 sed

60 1306 164 1368 etiam
188 1303 275 1390 quod
292 1304 380 1370 bona
392 1302 562 1368 Ecclesiae
576 1302 765 1368 Edessenae
785 1303 960 1390 dissiparet
976 1309 1010 1370 in
1033 1307 1180 1389 favorem

6 1449 7 1458 ,
60 1403 192 1488 nepotis
222 1403 272 1466 sni
294 1401 456 1467 Danielis.
503 1402 603 1466 Hune
631 1399 808 1466 Danielem
836 1403 998 1487 juvenem
1029 1404 1182 1470 libidino-

6 1493 7 1512 ³
59 1523 126 1564 sum
156 1499 202 1564 ab
225 1499 287 1564 Iba
311 1510 462 1564 evectum
495 1522 564 1564 esse
597 1499 640 1564 ad
665 1501 892 1586 episcopatum
917 1499 1072 1584 Carrhae,
1098 1503 1180 1589 ejus-

6 1621 7 1626 *
59 1621 118 1682 que
146 1598 370 1662 concubinam
384 1595 565 1678 Challoam,
596 1595 766 1662 mulierem
791 1600 998 1664 matrimonio
1017 1601 1181 1686 junctam,

6 1771 7 1776 γ
60 1697 158 1760 ditari
185 1717 226 1760 ex
249 1695 407 1760 ecclesiae
430 1694 536 1760 bonis.
583 1693 699 1778 Beryti
732 1705 764 1758 et
787 1695 869 1778 Tyri
894 1695 981 1779 dein,
1006 1720 1092 1763 anno
1116 1700 1181 1762 448

60 1793 108 1858 rel
147 1795 228 1874 449,
265 1793 306 1858 de
341 1794 411 1856 istis
446 1791 713 1856 accusationibus
748 1804 858 1856 actum
895 1805 962 1876 est3
998 1797 1055 1861 sed
1079 1817 1180 1883 quum

59 1892 152 1956 multi
182 1913 223 1954 ex
240 1890 324 1956 clero
339 1891 508 1956 Edessena
523 1891 653 1975 scriptis
664 1888 761 1954 Ibam
777 1890 1001 1974 defenderent,
1017 1905 1181 1979 postremo

59 1989 248 2054 conciliatio
274 1988 436 2074 quaedam
461 1989 649 2070 intervenit,
674 1997 773 2074 atque
793 1989 870 2052 Ibas
893 2011 952 2074 pro
977 2000 1122 2077 tempore
1147 1993 1180 2056 in

59 2087 173 2151 sedem
198 2086 401 2150 Edessenam
425 2107 576 2150 reversus
601 2095 659 2150 est.

6 2185 7 2190 ’
145 2183 536 2268 8-Eutychetis
573 2205 791 2248 errores.
829 2221 872 2230 —
908 2184 940 2250 S.
966 2183 1111 2269 Cyrillus
1134 2184 1181 2246 in-

58 2295 145 2347 terea
185 2283 268 2348 obiit
300 2304 386 2348 anno
419 2283 502 2358 444,
526 2282 622 2367 cique
647 2282 804 2346 successit
834 2281 904 2366 ejus
927 2282 1181 2347 archidiaconus

61 2381 252 2462 Dioscorus,
287 2382 342 2466 qui
374 2401 450 2444 cum
482 2377 605 2463 Cyrillo
641 2378 794 2442 adfuerat
826 2379 951 2462 synodo
983 2379 1181 2466 Ephesinae,
1228 2401 1329 2440 roslara.

59 2489 159 2564 atque
197 2500 340 2566 eousque
364 2489 401 2542 ut
435 2477 636 2542 orthodoxus
669 2475 802 2540 habitus
831 2477 947 2542 fuerat.
995 2479 1062 2545 Sed
1084 2477 1181 2542 homo

62 2589 130 2640 crat
155 2575 322 2641 violentus
346 2587 379 2640 et
401 2577 581 2640 ambitione
602 2573 729 2660 plenus,
755 2575 810 2658 qui
836 2586 1010 2661 postquam
1033 2576 1076 2641 ad
1101 2577 1182 2660 epis-

60 2685 217 2760 copatum
242 2677 403 2760 pervenit,
435 2677 470 2739 in
495 2673 611 2757 Cyrilli
645 2673 836 2736 memoriam
862 2673 998 2759 ejusque
1021 2672 1181 2738 familiam

6 2833 7 2842 ,
60 2771 288 2836 debacchatus
312 2785 369 2854 est,
393 2772 572 2837 tendentiis
605 2769 916 2855 Monophysitarum
948 2794 1018 2836 sese
1042 2770 1182 2850 addixit,

6 2943 7 2956 χ
60 2893 184 2956 easque
207 2893 401 2956 promovere
434 2870 569 2950 studuit,
603 2870 686 2934 forte
720 2879 755 2932 ut
779 2889 818 2932 ea
853 2871 981 2934 ratione
1004 2871 1182 2954 primatum

6 2969 7 2984 ,
61 2973 92 3034 in
116 2981 187 3034 toto
213 2969 349 3034 Oriente
384 2973 527 3054 arripere
563 2978 681 3053 posset.
728 2965 933 3031 Audaciores
956 2966 1036 3031 facti
1059 2978 1182 3051 protec-

59 3071 149 3132 tione
175 3069 337 3148 Dioscori,
374 3078 453 3132 tunc
489 3069 685 3151 inceperunt
720 3063 764 3128 illi
802 3067 859 3149 qui
883 3063 1182 3150 hlonophysitismo

59 3166 232 3246 favebant,
266 3166 427 3251 quosdam
457 3167 546 3229 viros
580 3163 780 3228 orthodoxos
811 3175 846 3224 ut
871 3163 1081 3226 Nestorianos
1114 3183 1183 3246 pcr-

60 3268 164 3351 sequi,
191 3275 224 3328 at
247 3287 277 3328 a.
301 3264 367 3328 448
391 3265 581 3341 effecerunt,
606 3272 643 3326 ut
665 3260 887 3325 aTheodosio
908 3259 942 3324 Il
966 3260 1185 3345 deponeretur

62 3363 220 3428 lrenaeus
244 3364 418 3447 episcopus
441 3361 534 3444 Tyri,
560 3363 616 3446 qui
641 3357 808 3444 quondam
832 3357 950 3423 Comes
972 3359 1184 3444 Imperatoris

59 3473 90 3524 et
115 3461 262 3525 Nestorii
296 3463 423 3524 amicus
452 3460 569 3540 fuerat,
606 3458 663 3522 sed
705 3461 839 3520 omnino
875 3457 1045 3522 doctrinae
1079 3454 1184 3520 ortho-

61 3560 170 3624 doxae
195 3581 230 3622 se
254 3558 437 3622 addixerat.
478 3558 557 3622 Mox
582 3558 681 3620 etiam,
711 3563 852 3618 vexatus
876 3565 924 3617 est
948 3553 1183 3620 Theodoretus.

61 3659 114 3722 cui
150 3657 331 3721 Dioscorus
363 3654 540 3720 anathema
566 3654 662 3734 dixit,
687 3673 851 3738 quemque
882 3652 1067 3738 Imperator
1085 3652 1184 3736 jussit

60 3779 93 3820 se
130 3756 301 3818 continere
332 3756 418 3818 inter
447 3754 604 3816 terminos
636 3753 845 3836 episcopatus
876 3751 927 3814 sui
959 3751 1089 3834 exigui,
1124 3773 1184 3814 nec

62 3873 211 3938 unquam
237 3849 326 3934 Cyro
352 3850 532 3916 discedere.

152 3953 183 4015 9.
210 3949 367 4034 Apertius
397 3959 507 4012 autem
538 3944 830 4031 Monophysitismi
862 3965 951 4008 error
982 3945 1132 4030 prorupit
1155 3967 1184 4010 a.

61 4051 127 4114 448
162 4069 222 4134 per
253 4047 475 4130 Eutychctem
509 4043 803 4109 archimandritam
835 4043 1024 4106 monasterii
1049 4039 1183 4105 CPtani.

64 4150 123 4212 l'ir
150 4146 296 4232 vulgaris
329 4145 387 4210 sed
411 4143 590 4210 admodum
622 4141 768 4206 ardentis
793 4141 927 4224 ingenii,
954 4139 996 4204 ob
1020 4140 1108 4203 vitae
1132 4159 1186 4202 au·

62 4248 245 4312 steritatcrn
270 4255 303 4308 et
326 4255 518 4330 provectam
549 4251 690 4305 aetatem
720 4239 816 4303 valde
840 4235 1064 4302 honorabatur
1087 4237 1185 4299 etiam
