2806 4848
283 494 334 550 lea
695 493 737 550 De
754 493 826 551 iacto
843 495 972 552 Nectarii.

283 643 395 704 tionem
412 638 572 724 paulatim
595 637 737 726 delapso.
779 641 864 704 Nam
887 651 992 718 antea,
1016 649 1051 704 ot
1073 641 1210 727 equidem
1231 641 1360 704 ιωίιιίιιο.

282 741 404 801 minora
436 747 525 800 erant
549 747 690 822 peccata,
715 749 779 802 tam
806 737 842 802 cb
874 737 1090 802 veromandinse
1119 759 1222 801 somam
1250 737 1298 822 qni
1317 759 1360 798 roo

282 835 398 898 delicto
421 833 638 912 enuntiabant,
668 846 731 898 tom
755 835 791 899 ob
819 839 1012 901 severitatem
1037 835 1180 925 judicem
1211 837 1261 920 qni
1281 835 1318 898 od
1335 833 1362 894 id

283 943 372 996 erant
396 933 563 996 constituti.
597 969 641 978 -
663 932 755 996 Haec
778 936 902 1020 pariter
923 935 1088 1020 pertinent
1110 933 1152 997 ad
1176 931 1361 997 abolitionem

282 1029 453 1093 tribunalis
475 1028 658 1114 presbyteri
673 1031 916 1114 poenitentiarii
931 1042 963 1095 et
981 1031 1202 1116 poenitentiae
1224 1029 1362 1116 publicae.

281 1128 420 1192 Ratione
443 1125 529 1190 illius
552 1126 692 1212 duplicis
715 1129 943 1210 institutionis,
975 1137 1061 1192 certe
1084 1129 1189 1214 major
1211 1137 1276 1192 erat
1296 1125 1362 1190 dim-

283 1223 395 1304 eultas,
420 1234 456 1286 ut
479 1223 524 1286 illi
549 1225 604 1309 qni
629 1225 662 1288 in
686 1227 838 1309 graviora
861 1225 981 1290 delicta
1004 1225 1191 1291 inciderant
1213 1224 1360 1289 absolutio·

282 1344 358 1386 nem
381 1313 566 1386 obtinerent
589 1323 686 1388 etad
710 1346 802 1388 sacra
816 1325 972 1409 mysteria
995 1323 1255 1388 admitterentur.
1281 1319 1363 1386 Multo

282 1423 386 1505 magis
409 1419 589 1506 apparebat
611 1420 753 1506 aliquem
778 1443 847 1486 esse
874 1431 1089 1508 peccatorem,
1114 1431 1214 1508 atque
1236 1429 1364 1508 peccator

281 1529 350 1582 tum
374 1518 483 1582 verbis
506 1528 577 1581 tum
600 1517 727 1582 actibus
760 1519 984 1583 satisfactoriis
1015 1519 1135 1584 delicta
1159 1543 1219 1583 sua
1240 1515 1365 1604 pluribus

283 1615 521 1679 manifestabat.
555 1615 593 1678 In
618 1625 684 1679 toto
708 1619 836 1700 negotio
860 1618 1081 1703 poenitentias
1104 1618 1212 1703 major
1233 1625 1296 1680 erat
1315 1611 1365 1676 eul-

281 1735 343 1800 pae
358 1723 390 1777 et
405 1711 523 1776 doloris
538 1715 678 1777 ostensio
695 1713 843 1799 publica3
872 1713 961 1798 hinc,
980 1717 1029 1779 uti
1052 1726 1164 1779 censet
1180 1715 1366 1781 Sozomenus.

283 1813 387 1898 major
408 1811 608 1876 verecundis
632 1810 742 1875 delicti
766 1821 798 1875 et
819 1813 925 1898 major
948 1814 1104 1878 severitas
1122 1813 1282 1899 judicum.
1314 1810 1366 1872 lsta

282 1921 391 1974 autern
415 1919 487 1996 post
509 1909 654 1972 Nectarii
679 1909 846 1974 decretum
875 1909 1057 1991 cessabant,
1081 1919 1114 1974 et
1136 1911 1286 1996 quamvis
1305 1905 1367 1970 obli·

281 2010 369 2093 gatio
393 2008 605 2072 confessionis
635 2016 778 2088 secretae
808 2006 906 2072 alicui
939 2008 1129 2094 presbytero
1158 2009 1264 2072 saetam
1284 2025 1367 2068 rema·

281 2116 381 2188 neret,
404 2115 515 2169 tamen
544 2105 673 2168 relative
705 2114 737 2169 et
766 2107 975 2192 comparative
1006 2108 1122 2170 merito
1151 2105 1218 2170 dici
1250 2111 1367 2191 poterat,

281 2224 557 2289 unumquemque,
590 2212 686 2287 prout
715 2200 777 2266 sibi
810 2205 960 2267 conscius
988 2214 1073 2267 esset
1095 2225 1134 2268 ac
1158 2203 1308 2269 fiduciam
1328 2201 1367 2260 sui

281 2301 426 2384 baberet,
445 2301 488 2364 ad
505 2321 670 2364 sacrorum
686 2302 913 2384 mysteriorum
930 2304 1195 2366 communionem
1211 2295 1386 2367 accedendi

280 2399 418 2463 liberam
441 2397 561 2462 habere
584 2419 626 2483 po
629 2406 725 2462 ttesta
726 2420 787 2463 em.

370 2499 421 2560 34.
449 2495 546 2576 Quod
568 2505 679 2560 tamen
703 2505 828 2582 spectat
815 2496 893 2560 tad
922 2497 1168 2583 abrogationem
1193 2495 1279 2561 illam
1300 2513 1368 2578 pres·

158 2583 191 2612 ¹¹¹
209 2583 227 2612 ⁸'
280 2595 387 2679 byteri
404 2594 645 2680 poenitentiarii
668 2602 700 2656 et
715 2595 935 2678 poeniteutiae
958 2593 1110 2680 publicae
1126 2615 1187 2680 per
1200 2591 1367 2658 Nestorium
1384 2621 1385 2685 i

281 2694 411 2772 factam,
444 2713 510 2755 non
544 2699 592 2754 est
624 2713 682 2754 cur
711 2691 883 2755 Nestorius
910 2690 1186 2777 reprebendatnr3
1224 2691 1367 2756 decretum

281 2793 383 2876 ipsius
415 2789 559 2875 prudens
587 2788 687 2852 fuisse
718 2790 953 2854 existimamus.
999 2789 1075 2855 Jam
1108 2811 1147 2853 aa
1179 2791 1267 2853 enirn
1293 2796 1366 2848 eraut

281 2900 463 2974 temporum
486 2885 652 2972 adjuncta,
677 2894 713 2950 ut
736 2887 798 2950 ista
820 2889 856 2950 in
878 2909 913 2950 re
935 2888 1118 2951 immutatio
1140 2885 1254 2973 aliqua
1275 2899 1367 2968 oppor-

281 2997 361 3050 tuna
384 2996 485 3067 esset3
510 2983 701 3048 scandalum
723 2983 810 3070 quod
826 2983 993 3049 acciderat
1014 2983 1240 3070 abrogationis
1262 2977 1368 3046 occasio

280 3086 388 3171 potius
407 3083 478 3166 fuit,
503 3104 601 3168 quam
625 3081 740 3145 ultima
763 3083 856 3146 ratio.
901 3083 1051 3146 Priorum
1066 3081 1270 3146 saeculorum
1293 3075 1369 3142 disei-

280 3181 370 3267 plina
394 3182 536 3244 severior
558 3179 709 3244 salutaris
741 3189 818 3262 erat,
850 3179 1010 3265 quamdiu
1042 3178 1154 3243 fidelos
1185 3177 1295 3244 eadem
1316 3173 1383 3236 eiii-r

281 3281 392 3344 cacius
424 3301 443 3342 a
472 3277 715 3342 committendis
747 3280 891 3362 peccatis
924 3277 1182 3342 deterrebantur.
1230 3273 1291 3343 Sed
1311 3283 1368 3357 post

281 3376 488 3442 Constantini
511 3385 657 3461 tempora
671 3375 847 3440 multitudo
863 3375 1041 3448 admodum
1062 3385 1213 3440 creverat
1236 3369 1367 3438 Christis·

280 3496 405 3556 norum,
421 3475 487 3586 ‘qui
509 3495 625 3559 parum
641 3472 760 3543 fervidi
777 3472 981 3557 benignitate
997 3482 1029 3538 et
1046 3475 1259 3560 persuasione
1280 3467 1382 3555 potios¹

280 3594 378 3658 quam
402 3573 507 3656 rigore
540 3570 705 3635 alliciendi
737 3581 847 3652 erant,
872 3580 908 3635 nt
937 3571 1014 3636 fidei
1046 3591 1085 3634 ac
1108 3569 1275 3655 religionis
1296 3583 1367 3651 pret·

280 3680 374 3756 eepta
410 3668 592 3754 implerent.
652 3668 802 3733 Ecclesia
835 3669 968 3754 quidem
1001 3671 1132 3754 exigere
1170 3665 1314 3742 debebat,
1341 3670 1369 3718 nt

280 3768 439 3854 ejusmodi
464 3766 576 3830 fideles
590 3775 792 3853 praestarent
806 3765 894 3852 quod
908 3766 952 3832 ad
974 3769 1077 3830 vitam
1101 3765 1308 3830 christianam
1327 3777 1368 3837 ct·

280 3865 415 3930 rendam
439 3875 470 3928 et
493 3865 535 3928 ad
558 3875 694 3950 peecata
709 3864 874 3949 expianda
889 3863 1036 3928 absolute
1058 3863 1277 3928 necessarium
1299 3865 1369 3920 eret:

281 3964 337 4028 sed
371 3965 544 4027 severitate
574 3961 681 4046 rigida
708 3961 757 4027 illi
789 3961 968 4027 Christiani
997 3961 1100 4048 tepidi
1130 3963 1239 4047 potius
1261 3957 1299 4022 ab
1322 3951 1380 4042 Ec

281 4062 379 4126 clesia
402 4063 532 4148 penitus
480 4059 731 4124 atbalieirati
755 4061 903 4125 fuissent.
949 4061 1038 4124 Hinc
1060 4069 1097 4123 ut
1120 4060 1266 4124 omnium
1288 4047 1368 4118 salut]

280 4159 505 4245 procurandae
535 4158 685 4222 Ecclesia
714 4179 823 4221 amore
853 4167 999 4222 materno
1029 4169 1188 4244 quantum
1211 4161 1314 4242 posset
1332 4149 1368 4210 iu·

281 4257 426 4336 serviret,
447 4259 560 4320 mcrito
580 4258 689 4320 visum
706 4265 755 4320 est
770 4265 999 4342 opportunum,
1016 4257 1165 4341 mitigare
1179 4249 1379 4338 disciplinam.
