2936 4814
223 437 255 488 18
498 436 537 490 Da
556 434 650 492 histor.
669 434 759 490 eccles.
779 441 840 488 ortu
859 449 891 486 sc
909 446 1059 502 progressu.

225 577 578 660 lhoiacr,Ger1nanus,
602 579 736 642 Baronii
752 576 899 642 Annales
928 583 1120 662 prosecutus
1142 583 1201 640 est
1226 573 1338 654 Quum

221 698 299 739 vero
323 698 405 762 opus
429 675 671 761 amplissimum
689 677 824 740 Baronii
848 693 1011 738 summam
1035 672 1124 757 apud
1148 693 1261 736 omnes
1286 693 1340 734 cx-

222 775 337 836 citaret
359 771 623 855 admirationem,
652 773 867 838 adverterunt
880 783 991 836 tamen
1006 769 1070 834 viri
1094 769 1225 850 eruditi,
1249 769 1340 833 iden-

220 871 322 934 tidem
358 881 509 956 respectu
541 873 622 935 artis
649 873 792 952 criticae,
821 893 860 934 aa
897 867 1069 954 speciatim
1097 864 1339 951 chronologiae,

222 968 350 1055 aliquid
374 969 564 1036 desiderari.
595 969 684 1034 Hinc
708 979 745 1032 ut
766 969 886 1034 lacuna
910 969 973 1032 ista
996 965 1223 1051 compleretur,
1247 975 1341 1028 acuas

221 1068 350 1131 criticas
373 1089 493 1153 easque
517 1069 658 1152 optimas
682 1066 775 1137 libris
799 1067 933 1130 Baronii
964 1065 1158 1149 adjecerunt
1180 1062 1341 1126 Antonias

222 1173 254 1226 et
276 1164 465 1228 Fharact'sccs
489 1166 577 1250 Papi,
611 1174 748 1250 uterquc
772 1163 887 1228 Gallus
918 1173 1015 1227 etex
1039 1161 1165 1226 Ordine
1189 1158 1341 1224 Conven-

221 1261 360 1325 tualium
392 1261 424 1326 S.
449 1263 629 1328 Francisci.
654 1263 844 1326 Editionem
877 1259 955 1326 dein
985 1277 1120 1345 operum
1144 1257 1277 1320 Baronii
1308 1265 1342 1319 et

221 1361 392 1444 utriusque
423 1360 504 1444 Pagi
547 1381 674 1424 necnon
716 1359 880 1444 Raynaldi
923 1356 1160 1422 continuatoris
1192 1355 1339 1434 Baronii,

221 1457 356 1540 triginta
388 1465 421 1520 et
452 1479 572 1522 novem
604 1458 829 1522 voluminibus
853 1457 984 1521 curavit
1011 1454 1196 1520 Domiaicas
1219 1452 1340 1528 Mauri,

223 1575 264 1618 ex
280 1553 416 1618 Clericis
440 1555 647 1639 regularibus
661 1555 777 1620 Matris
791 1555 856 1619 Dei
881 1563 913 1618 et
935 1561 1048 1639 postea
1071 1550 1341 1634 archiepiscopus

222 1651 393 1732 Lucensis,
426 1655 484 1739 qui
508 1653 709 1741 Apparatum
741 1674 871 1738 quoque
903 1662 1053 1736 aomsqssc
1085 1664 1184 1712 acuas
1206 1645 1340 1731 adjecit.

223 1749 276 1812 Ex
308 1749 360 1812 his
393 1749 497 1831 vides,
531 1752 646 1836 quanti
679 1753 776 1836 pretii
804 1751 880 1835 jure
903 1748 1089 1813 habeantur
1120 1744 1167 1809 illi
1191 1741 1341 1807 Annales

223 1847 368 1913 Baronii.
406 1846 673 1912 Centuriatoram
689 1861 775 1912 'vero
799 1847 955 1933 pestilera
978 1844 1158 1924 volumina,
1182 1841 1340 1904 miserum

223 1965 293 2008 esse
317 1955 350 2008 et
372 1944 535 2030 perfidum
559 1946 627 2010 odii
651 1947 777 2026 foetum,
802 1947 849 2008 rei
865 1945 973 2006 exitus
997 1943 1077 2004 satis
1100 1935 1340 2024 comprobavit.

223 2039 342 2106 Libros
365 2041 437 2106 illos
461 2043 637 2107 mendaces
661 2045 722 2130 ipsi
748 2051 897 2106 auctores
915 2045 1133 2126 protestantes
1156 2038 1216 2098 vix
1239 2033 1340 2099 semel

223 2133 406 2222 consulunt,
441 2139 520 2202 dum
554 2141 678 2204 centies
710 2141 844 2204 Baronii
877 2145 1015 2202 utuntur
1047 2133 1219 2220 operibus3
1263 2151 1341 2194 con-

222 2237 361 2300 tinuatio
398 2245 509 2300 autem
540 2235 773 2300 Centuriarum
801 2237 872 2322 jam
904 2255 946 2298 ex
978 2233 1084 2298 tribus
1108 2233 1177 2296 fere
1200 2228 1341 2294 saeculis

222 2341 337 2418 parata
354 2333 455 2419 jacet,
480 2334 538 2398 sed
566 2335 631 2400 alto
661 2333 788 2420 sepulta
821 2332 968 2418 pulvere,
1002 2351 1104 2416 quum
1136 2348 1233 2392 uerno
1266 2347 1341 2390 eam

223 2427 319 2494 edere
343 2429 494 2496 voluerit.

311 2527 364 2592 22.
389 2528 518 2614 Scripta
542 2530 643 2612 igitur
671 2531 735 2593 ista
759 2528 1026 2594 centuriatorum
1051 2535 1084 2589 et
1106 2521 1257 2588 Annales
1277 2522 1340 2586 Ba·

222 2627 306 2688 ronii
331 2627 663 2712 continuatorumquc
686 2627 774 2711 ejus,
799 2647 927 2690 necnon
952 2622 1150 2709 multiplices
1173 2619 1248 2684 libri
1281 2619 1339 2705 qui

223 2723 395 2785 occasione
417 2722 536 2786 horum
559 2722 767 2787 voluminum
801 2726 871 2788 sive
895 2748 914 2789 a
938 2720 1109 2786 catholicis
1131 2721 1202 2784 sive
1225 2741 1245 2782 a
1268 2739 1341 2803 pro·

222 2818 420 2884 testantibus
453 2820 594 2884 confecti
627 2831 712 2904 sunt,
747 2843 851 2907 usque
883 2819 927 2886 ed
949 2829 1099 2903 tempora
1131 2827 1242 2882 nostra
1265 2835 1341 2878 con-

223 2917 363 2980 stituunt
384 2937 481 3002 qenes
503 2919 661 3003 quoddam
683 2919 818 3004 speciale
834 2934 971 3003 operum
994 2915 1105 3001 quoad
1128 2913 1340 2998 disciplinam

223 3012 378 3076 historiae
402 3014 653 3080 ecclesiasticae.
700 3017 746 3080 Ut
778 3017 856 3080 dein
880 3013 1008 3098 reliqua
1032 3031 1117 3098 quae
1149 3011 1340 3075 ultimorum

223 3111 427 3175 saeculorum
451 3112 591 3176 decursu
615 3111 678 3176 hac
692 3115 774 3177 inre
789 3114 945 3198 praestita
960 3121 1036 3175 sunt
1059 3111 1246 3174 accuratius
1267 3129 1340 3192 pro·

223 3227 408 3292 sequamur,
442 3217 623 3294 opportune
660 3210 952 3291 considerabimus,
980 3211 1037 3295 qui
1070 3207 1160 3293 apud
1192 3203 1340 3289 singulas

223 3305 384 3390 quasdam
398 3308 548 3370 natones
561 3306 685 3370 fuerint
699 3309 872 3392 scriptores
887 3306 1092 3372 celebriores.
1107 3341 1151 3352 -—
1166 3301 1341 3366 Habemus

102 3420 126 3448 ¹1⁰
223 3409 334 3466 autem
357 3403 520 3488 imprimis
538 3402 660 3482 Gallos,
676 3403 797 3489 quibus
812 3407 883 3469 sine
899 3403 1001 3468 dubio
1017 3402 1163 3489 palmam
1177 3399 1241 3463 hac
1254 3400 1290 3462 in
1305 3419 1343 3460 re

224 3499 351 3563 deferre
392 3503 557 3566 convenit.
626 3501 727 3588 Apud
769 3504 857 3586 ipsos
899 3501 1025 3564 scilicet
1070 3497 1199 3562 saeculo
1239 3495 1343 3560 XVII

225 3597 427 3681 conspicitur
464 3600 564 3661 series
604 3609 776 3664 assctorum
817 3597 1012 3679 illustrium,
1046 3599 1102 3683 qni
1137 3597 1171 3659 in
1203 3593 1344 3658 historia

225 3693 449 3758 ecclesiastica
467 3694 660 3760 adornanda
682 3717 749 3760 non
772 3698 898 3760 minore
912 3697 1041 3760 fervore
1064 3715 1165 3780 quam
1188 3711 1344 3756 successu

225 3791 434 3872 laboravere3
459 3792 493 3856 id
518 3813 620 3857 unum
644 3793 834 3876 dolendum,
865 3794 975 3879 plures
999 3811 1041 3857 ex
1076 3790 1128 3856 his
1151 3787 1345 3854 auctoribus

225 3885 375 3954 addictos
398 3889 499 3952 fuisse
523 3893 667 3955 erroneis
690 3889 754 3955 illis
778 3891 990 3976 opinionibus
1014 3897 1046 3952 et
1069 3887 1229 3952 doctrinis
1252 3905 1345 3948 nunc

221 3987 292 4073 jam
335 3985 482 4070 rejectis,
527 4005 609 4072 quas
644 3987 836 4052 Gallicanas
880 3988 991 4053 dicere
1034 3986 1148 4050 solent.
1215 3983 1344 4048 sedem

226 4093 398 4148 auctorum
421 4087 527 4168 aperit
541 4086 700 4149 Antonias
717 4083 850 4148 Godsoa
863 4085 1048 4169 Episcopus
1063 4078 1268 4159 Venieensis,
1284 4079 1344 4163 qui

227 4179 464 4264 amplissimam
479 4180 650 4245 historiam
673 4179 931 4245 ecelesiasticam
951 4173 1103 4266 pluribus
1117 4173 1348 4242 voluminibus
