2836 4804
502 447 653 504 Celebratio
672 449 790 506 Caecilii.
1149 457 1208 512 285

86 587 259 652 Dioscoro.
305 589 338 652 Is
368 589 504 654 sedebat
534 591 678 656 secundo
706 592 777 658 loco
806 596 840 658 in
864 595 1017 679 Synodo,
1041 598 1100 663 sed
1124 623 1203 666 mox

83 682 187 768 legati
215 685 387 750 Pontificis
416 687 452 752 id
482 687 666 754 inhibuere.
712 693 932 772 Parrhasiam,
967 694 1082 762 dicunt
1104 697 1200 781 Acta,

84 783 363 847 reverendissimae
387 786 550 871 epiecopus
572 799 603 850 et
620 789 759 852 vicarias
783 789 874 855 Sedis
897 791 1110 879 Apostolicac,
1134 821 1202 862 cam

83 881 119 942 ia
142 879 245 944 medio
267 905 334 946 aaa
356 905 424 946 cam
446 883 494 946 lis
515 885 595 948 airis
616 887 884 953 reverendissimis
906 890 1031 976 cellapii
1054 895 1120 956 suis
1142 904 1202 958 ste-

82 979 186 1057 tc'eaet,
217 979 318 1042 datr:
347 979 530 1044 Beatissimi
562 993 653 1068 atque
684 985 852 1070 apostolici
880 989 945 1050 oiri
975 989 1084 1074 Papae
1113 991 1207 1054 artie

81 1076 216 1158 Romae,
240 1099 320 1161 quae
344 1087 390 1140 est
412 1089 507 1164 caput
530 1081 667 1144 ommium
685 1081 893 1162 materiamen,
911 1097 1086 1173 praecepta
1110 1088 1202 1153 tabe-

1 1169 2 1174 ’
80 1195 155 1235 maa
170 1195 254 1258 prae
276 1173 431 1254 mamam,
456 1176 566 1260 paidos
583 1179 771 1264 praecepere
794 1181 944 1266 clipeatos
967 1195 1013 1247 est
1035 1189 1102 1274 ejas
1124 1209 1205 1273 apo-

79 1269 230 1349 stolatus,
253 1271 471 1336 utDioscoras
493 1297 556 1337 moa
580 1275 687 1339 sedeat
709 1277 744 1339 im
769 1276 919 1358 Concilio,
944 1281 999 1344 sed
1021 1283 1207 1348 audiendus

77 1369 323 1435 intromittatur.
371 1370 441 1434 Hoc
461 1393 516 1434 eos
530 1369 794 1459 (Commissarios
808 1374 1013 1465 Imperiales)
1037 1380 1205 1446 observare

77 1489 206 1530 neeesse
228 1479 282 1532 est.
330 1467 368 1533 Si
390 1491 460 1555 erpo
477 1471 642 1556 praecipit
672 1483 777 1536 vestra
800 1473 1040 1560 mopairiceatia,
1065 1489 1122 1541 aut
1144 1477 1205 1542 ille

78 1565 275 1650 egrediatur,
311 1579 368 1632 aot
400 1589 459 1632 mcc
491 1569 622 1632 emmas.
658 1606 702 1616 -
735 1569 846 1650 Quum
869 1593 948 1636 vero
973 1571 1201 1640 Commissarii

77 1661 277 1747 Imperiales
300 1664 456 1750 ambages
479 1665 634 1749 facerent,
658 1669 848 1732 institerunt
869 1668 979 1754 legati,
1004 1680 1037 1735 et
1058 1671 1199 1737 Pascha·

77 1763 179 1824 sinus
208 1761 310 1826 dixit:
348 1763 420 1827 Nos
448 1773 559 1827 contra
586 1775 761 1851 praecepta
784 1765 957 1830 beatissimi
979 1779 1009 1832 et
1032 1769 1207 1854 apostolici

77 1860 211 1946 Papae,
233 1859 452 1945 pabemeatoris
474 1859 567 1924 Sedis
590 1863 793 1946 apostolicae,
815 1865 921 1927 venire
950 1885 1014 1928 aea
1030 1887 1206 1952 possamus

76 1981 136 2020 aec
164 1967 273 2022 contra
295 1958 521 2024 ecclesiasticas
534 1959 669 2044 reputas,
683 1960 733 2024 vel
755 1972 865 2024 comtra
887 1961 1018 2026 Patrem
1040 1965 1202 2028 instituta..

75 2093 122 2103 -
150 2055 197 2119 Et
218 2056 416 2121 Lucentius:
448 2058 525 2120 Nom
545 2060 688 2142 patimur
711 2069 834 2122 tantam
855 2059 1011 2150 injuriam
1033 2083 1090 2124 aec
1111 2061 1204 2125 vobis

75 2154 164 2231 lieri,
186 2177 242 2220 aec
263 2155 368 2234 mobis,
391 2165 426 2218 at
448 2156 508 2218 iste
520 2155 636 2234 sedeat,
651 2157 705 2242 qai
720 2156 917 2246 judicandas
936 2157 1072 2224 αάυοηίε.
1088 2157 1205 2222 ——Ita

1 2239 2 2262 ¹
74 2273 150 2315 rem
179 2273 216 2316 eo
238 2250 459 2334 adduxerunt,
490 2260 527 2315 ut
559 2252 812 2318 decernentibus
835 2255 1081 2338 magistratibus
1103 2255 1201 2320 Dios-

75 2371 181 2414 corus
197 2349 310 2434 jussus
334 2351 376 2412 sit
397 2350 432 2412 in
456 2348 564 2412 medio
588 2349 711 2414 sedere.
757 2350 909 2416 Surrexit
930 2361 1010 2415 tunc
1033 2351 1201 2416 Eusebius

73 2446 241 2530 Dorylaci
273 2448 456 2532 episcopus,
490 2448 546 2532 qui
574 2447 741 2533 quondam
765 2448 953 2512 Nestorium
977 2459 1009 2512 et
1032 2447 1109 2514 dein
1133 2449 1203 2514 lau·

1 2601 2 2620 ,
73 2545 249 2630 tychetem
284 2547 502 2630 impugnavit,
539 2567 578 2609 ac
613 2545 720 2610 denuo
756 2545 810 2610 bic
844 2557 954 2632 partes
989 2547 1056 2632 egit
1078 2549 1198 2612 actoris

1 2625 2 2668 ³
74 2653 198 2710 contra
220 2643 393 2728 perfidiam
417 2653 450 2707 et
473 2644 612 2708 crimina
626 2643 778 2708 Dioscori
794 2643 1025 2709 Alexandrini.
1048 2643 1103 2708 Ad
1126 2665 1198 2729 pro·

74 2741 285 2830 sequendam
315 2740 402 2805 hane
436 2763 569 2805 causam
602 2763 698 2826 porro
731 2741 819 2806 lecta
851 2751 928 2806 sunt
957 2741 1043 2806 Acta
1071 2738 1197 2806 OPtani

1 2881 2 2892 κ
75 2839 214 2905 concilii
247 2838 308 2903 sub
333 2838 495 2903 Flaviano
526 2837 642 2921 habiti,
676 2849 708 2902 et
735 2849 809 2904 acta
832 2839 996 2925 quaedam
1019 2838 1197 2926 pseudosy-

75 2938 159 3004 nodi
184 2937 381 3023 Ephcsinae.
429 2935 628 3022 Multiplices
661 2938 914 3022 interruptiones
947 2946 979 3001 et
1008 2935 1196 3022 explicatio·

74 3061 136 3103 nes
161 3058 183 3100 a
206 3036 308 3099 variis
331 3035 493 3120 episcopis
514 3034 622 3098 factae
646 3043 731 3098 sunt.
755 3071 800 3082 ·-·
821 3034 863 3098 In
886 3034 952 3098 line
975 3035 1126 3098 Actionis
1144 3033 1197 3119 ju·

1 3135 2 3162 ¹
74 3135 172 3200 dices
194 3155 268 3198 eam
301 3133 496 3196 sententiam
527 3130 704 3213 dederunt,
735 3131 840 3196 videri
864 3131 1072 3213 Dioscorum,
1096 3131 1198 3196 Juve-

74 3234 188 3299 nalem
212 3230 358 3316 aliosque
395 3239 461 3294 tres
490 3230 660 3314 episcopos
696 3232 890 3315 praecipuos
927 3240 1052 3294 actores
1083 3239 1197 3294 contra

75 3331 290 3411 Flavianum,
315 3331 342 3392 si
365 3327 526 3414 placuerit
549 3327 752 3412 Imperatori,
777 3327 998 3413 deponendos.

168 3428 223 3493 36.
248 3425 394 3492 Secunda
417 3425 548 3490 Actioae
572 3434 683 3489 actum
704 3434 752 3488 est
775 3425 817 3489 de
839 3425 915 3508 fide,
940 3448 1107 3512 quumque
1131 3447 1196 3490 ma-

1 3571 2 3574 =
74 3530 234 3613 gistratus
257 3534 429 3589 monerent
447 3524 570 3605 Patres,
596 3531 632 3586 ut
655 3523 892 3608 expositionem
916 3523 1094 3610 quamdam
1118 3524 1196 3588 fidei

1 3599 2 3666 l
74 3633 330 3710 praepararent,
354 3623 422 3687 fere
452 3643 564 3686 omnes
588 3619 785 3702 clamarunt,
810 3619 844 3684 id
868 3642 933 3684 non
958 3643 1026 3684 esse
1050 3643 1196 3686 necessa-

73 3727 174 3804 rium,
199 3722 369 3806 provisum
393 3741 463 3784 esse
486 3741 545 3804 per
569 3717 720 3802 symbola
744 3716 967 3782 Conciliorum
990 3729 1023 3783 et
1045 3741 1104 3806 per
1113 3719 1196 3784 Lea

74 3823 130 3886 nis
152 3817 336 3905 epistolam.
387 3815 553 3904 Cecropias
576 3817 851 3880 reverendissimas
873 3818 1037 3903 episcopas
1051 3815 1194 3882 Sebasto-

1 3963 2 3966 =
71 3917 241 4006 politanae
264 3917 366 3980 dicit:
390 3917 591 3980 Eraerseraat
604 3937 683 4000 petae
707 3913 750 3977 ad
768 3913 966 4000 Eutycltetem
976 3914 1194 4000 pertimebant,

76 4027 107 4078 et
121 4039 216 4102 super
238 4015 281 4078 iia
294 4014 408 4100 forma
422 4014 500 4078 data
523 4023 568 4076 est
582 4035 603 4076 a
617 4012 812 4076 eamcaeeimo
828 4011 1058 4097 archiepiscopo
1073 4013 1194 4077 Romae

75 4114 174 4194 urbis,
200 4124 230 4177 et
253 4114 409 4198 sequimur
423 4135 499 4192 eam,
517 4121 547 4174 et
562 4108 713 4196 epistolae
729 4131 832 4172 ommes
856 4109 1102 4195 cubem-ipsimae.
1132 4111 1193 4173 Re-

74 4211 296 4275 vereadissimi
319 4211 457 4296 episcopi
488 4208 685 4273 clamarunt:
719 4207 787 4270 Ista
810 4229 913 4270 omncs
936 4207 1080 4286 dicimus,
1105 4205 1194 4293 saffi-
