2936 4814
257 423 294 481 tl
613 423 654 482 De
670 421 738 482 ests
754 421 875 482 Rcmtns
892 421 919 484 8.
936 419 1021 482 Petri

258 567 315 634 ἐπὶ
346 569 411 635 τῶν
447 562 673 658 ἡγουμένων,
710 569 775 635 hec
806 591 888 637 voce
911 571 996 635 venii
1030 580 1166 637 censent
1192 569 1374 658 significari
1448 649 1449 658 χ

253 669 473 756 praefectos
503 667 747 755 Nymphidium
757 668 919 734 Sabinum
934 678 967 732 et
975 667 1186 754 Tigellinum,
1202 671 1258 758 qui
1274 693 1305 736 a.
1322 671 1375 752 67,

258 789 361 854 quum
392 767 479 832 Nero
503 768 538 831 in
562 765 691 831 A'cheis
724 766 866 852 degeret,
890 767 1014 831 Romae
1037 769 1195 856 praefecti
1218 772 1375 854 praetorii

258 875 361 949 erent,
385 865 440 930 vel
462 864 597 929 Helium
629 873 662 928 et
693 863 909 950 Polycletum,
933 867 990 952 qui
1013 861 1144 932 Nerone
1174 867 1208 931 in
1232 863 1377 932 Graecia

251 963 399 1050 degente
431 963 541 1027 omnis
573 960 805 1047 gubernabant
836 961 916 1050 (Dic
950 957 1039 1028 Cnss.
1063 963 1191 1030 LXIII.
1224 965 1275 1030 12.
1303 965 1377 1052 19);

258 1064 314 1128 clii
338 1062 538 1144 existiment,
562 1081 679 1126 vocem
698 1060 736 1124 de
760 1063 887 1126 summis
902 1062 1116 1126 Romanomnn
1138 1063 1378 1150 mapistrntibus

257 1164 293 1226 in
302 1163 479 1224 universnm
500 1158 550 1222 cel
572 1161 687 1223 rectius
708 1158 748 1223 de
765 1161 954 1246 imperatore
977 1163 1102 1250 ejnsqsse
1125 1161 1255 1226 consilio
1280 1161 1378 1225 eleeto

259 1283 275 1325 e
292 1257 494 1347 principibus
516 1258 655 1322 civitatis
668 1255 917 1341 intelligendam
940 1278 1019 1323 esse.
1028 1255 1052 1346 ¹)
1070 1295 1114 1305 —
1128 1257 1241 1323 Facile
1263 1269 1378 1323 sutem
1448 1313 1449 1318 ,

259 1358 368 1440 vides,
387 1355 595 1420 harmoniam
610 1354 778 1441 quendem
801 1376 870 1419 esse
894 1357 980 1420 inter
1007 1377 1046 1419 ea
1060 1377 1145 1442 quse
1164 1355 1319 1422 Clemens
1344 1359 1377 1422 in
1448 1439 1449 1448 ἵ

258 1456 322 1522 hnc
344 1451 481 1540 epistole
505 1452 587 1517 dicit
608 1451 743 1516 Petrum
766 1461 799 1515 et
819 1451 961 1517 Paulum
986 1475 1256 1538 commemorans,
1281 1465 1316 1518 et
1340 1477 1379 1518 es
1448 1453 1449 1456 ’

260 1573 344 1643 qnae
368 1551 544 1616 citavimus
568 1571 610 1614 ex
633 1549 770 1636 epistole
792 1549 958 1636 Dionysii.
991 1549 1260 1617 Commemorans
1285 1553 1378 1618 vide·
1448 1635 1449 1644 ἵ

258 1654 336 1717 licet
357 1647 528 1736 epistolem
553 1647 732 1713 Clementis
755 1669 840 1735 qnae
863 1650 899 1713 in
923 1648 1061 1713 ecclesis
1092 1648 1273 1736 legebatur,
1298 1651 1379 1715 Dio·
1448 1653 1449 1722 ξ

259 1751 375 1836 nysius
407 1744 510 1812 verbe
541 1747 622 1811 facit
654 1746 695 1810 dc
718 1745 787 1812 BB.
811 1745 978 1833 Apostolis
1010 1748 1107 1813 Petro
1140 1757 1173 1812 et
1194 1748 1311 1833 Paulo,
1347 1765 1380 1814 et

259 1847 436 1935 specialem
465 1847 627 1910 rationem
658 1853 807 1908 costum
838 1845 881 1910 sd
904 1846 1070 1911 Romanos
1100 1857 1170 1912 tum
1194 1846 1238 1912 sd
1263 1847 1380 1914 Corin·
1448 1839 1449 1894 l

259 1947 346 2013 thies
371 1943 495 2010 hebere
517 1953 610 2028 grato
634 1943 745 2008 animo
768 1942 923 2010 advertit.
956 1983 999 1992 —
1032 1943 1130 2026 Quod
1145 1943 1188 2010 nd
1202 1947 1381 2010 Donos'dos

260 2057 290 2113 et
313 2046 431 2109 Dirces
462 2065 482 2106 s
506 2039 675 2106 Clemente
708 2051 978 2108 commemoratos
1011 2053 1146 2130 spectet,
1175 2043 1318 2108 multum
1343 2047 1379 2109 in
1448 2035 1449 2106 ζ

260 2142 312 2209 his
335 2138 542 2228 explicandis
559 2147 709 2205 suctores
723 2139 930 2225 insudarunt,
946 2151 979 2205 et
992 2142 1092 2208 etism
1115 2141 1196 2207 alias
1218 2142 1381 2207 lectiones
1448 2165 1449 2214 l

260 2247 510 2328 proposuerunt.
556 2235 622 2304 Sed
646 2238 823 2326 explicatio
855 2241 990 2305 omnino
1019 2261 1164 2326 congtns
1197 2251 1256 2323 est,
1276 2263 1380 2330 quem
1448 2225 1449 2268 ³

260 2341 282 2408 l.
307 2363 334 2406 c.
359 2337 461 2403 Funk
483 2335 593 2420 habet,
627 2335 707 2401 dum
740 2339 936 2403 sententiam
970 2338 1151 2403 doctissimi
1183 2337 1308 2405 Aberle
1334 2363 1380 2405 se·
1448 2339 1449 2344 ’

261 2459 366 2526 quens
380 2456 456 2500 eum
471 2437 541 2522 ipso
557 2443 684 2499 censet:
709 2435 860 2514 „Nerone
883 2437 1073 2502 christianos
1081 2449 1287 2526 persequente
1302 2464 1382 2504 eom·
1448 2423 1449 2440 ¹

256 2536 367 2624 plnres
389 2534 535 2621 seminas
558 2534 756 2598 christianos
794 2545 919 2598 coactos
957 2558 1037 2616 esse,
1070 2545 1106 2600 nt
1136 2535 1185 2600 oel
1207 2559 1384 2623 personam

261 2635 389 2713 Dirces,
414 2655 507 2718 mom
528 2630 674 2696 cornibus
698 2633 785 2695 tonri
805 2631 914 2696 rabidi
937 2631 1103 2720 atlipotcm
1118 2633 1225 2721 fieisse
1240 2635 1384 2721 fabiolae
1448 2707 1449 2712 η

262 2732 408 2812 trodnnt,
432 2731 600 2794 induerent
634 2731 735 2816 sicque
762 2741 892 2794 mortem
914 2731 1162 2796 endelissimom
1179 2731 1384 2820 paterentur,
1448 2743 1449 2806 t

260 2829 310 2896 oel
333 2839 501 2916 antequam
522 2837 710 2892 necarentur
742 2827 786 2892 od
809 2827 933 2893 modste
950 2829 1057 2918 plebis
1080 2830 1290 2918 spectantium
1314 2833 1384 2896 Do·

260 2927 432 2995 reciderem
455 2926 614 3014 supplicio
637 2925 778 2991 metirent
811 2927 999 3014 Tortoriqne
1017 2949 1142 3016 poenas
1164 2941 1385 3016 repraesento-

260 3038 340 3108 rent,
374 3037 404 3090 et
435 3025 589 3116 ojnmsodi
619 3035 774 3112 martyres
807 3035 870 3090 tnm
902 3050 924 3090 c
937 3025 1090 3110 fidelibus
1113 3037 1177 3091 tom
1199 3051 1222 3092 o
1237 3032 1386 3116 poponis

260 3126 385 3190 nornine
406 3123 634 3188 Donoidomms
663 3134 693 3188 et
719 3123 833 3188 Dirces
854 3125 1025 3212 insipnitos
1054 3149 1128 3190 esse.
1180 3125 1313 3190 Talibus
1336 3127 1387 3192 vel

262 3223 417 3289 similibus
446 3223 607 3287 temnentis
646 3219 844 3287 Cleristionos
879 3247 901 3287 o
930 3223 1057 3288 Nerone
1087 3227 1242 3290 crncictos
1263 3225 1386 3312 scisse,

263 3333 397 3388 testotnr
420 3323 515 3386 etiam
534 3321 662 3386 Tacitus
676 3321 812 3406 (Annei.
827 3321 899 3386 XV.
923 3323 983 3408 44)
1006 3347 1155 3405 nosram,
1174 3324 1387 3412 pereuntibus

262 3421 378 3488 addita
401 3443 465 3486 esse
489 3419 696 3506 lectoriam)
1448 3431 1449 3496 l

351 3519 405 3586 40.
430 3518 509 3583 Vim
523 3519 703 3583 testimonii
717 3518 750 3585 S.
767 3517 947 3584 Clementis
961 3519 1143 3584 adversarii
1156 3521 1259 3585 variis
1282 3519 1387 3586 cavil-

263 3617 441 3686 lationibus
466 3615 588 3683 elidere
612 3615 825 3701 studuerunt3
863 3616 920 3684 sed
951 3641 993 3682 cx
1023 3621 1093 3705 ipso
1124 3627 1217 3684 textu
1245 3619 1387 3708 ejusque
1448 3681 1449 3710 ἢ

263 3719 469 3804 expositione
501 3737 587 3804 quse
620 3714 823 3802 objiciuntur
854 3714 950 3781 facile
984 3717 1165 3784 diluuntur.
1211 3718 1297 3784 Sunt
1325 3722 1386 3806 qni
1448 3715 1449 3792 l

264 3817 477 3902 contendunt,
502 3837 545 3882 ne
568 3815 718 3899 martyrii
743 3815 877 3901 quidem
892 3815 925 3882 S.
949 3817 1037 3880 Petri
1064 3816 1269 3882 Clementem
1293 3826 1386 3881 certo

339 4057 736 4130 cmmlmnsenn
1448 4079 1449 4130 p

338 4143 362 4212 ¹)
381 4141 462 4197 ank
480 4141 497 4195 l.
518 4157 540 4197 c.
559 4155 584 4211 p
604 4141 646 4195 69.
665 4155 692 4196 n.
711 4140 736 4196 s.
756 4170 790 4179 -
809 4138 864 4196 Otr.
884 4139 1016 4195 Kstholik
1037 4143 1113 4196 1878.
1132 4139 1168 4196 IL
1187 4139 1238 4195 Dis
1257 4139 1387 4196 Christen
1448 4135 1449 4178 t

263 4223 292 4282 in
310 4224 358 4282 der
375 4225 475 4281 trem
493 4219 519 4278 s.
537 4223 599 4281 288.
1448 4265 1449 4272 ,
