2876 4814
228 523 279 576 198
565 517 604 570 De
623 517 708 583 Opere
726 513 1009 582 Philosophoumauon.
1130 539 1133 546 ·

227 663 336 752 quoad
369 661 579 747 disciplinam
612 659 702 723 haud
733 659 835 722 nimio
869 659 976 744 rigore
1008 657 1159 724 Ecclesia
1189 667 1350 740 uteretur,

227 762 285 827 sed
322 769 482 848 quantum
521 758 642 822 licebat
681 757 920 842 mitigationem
960 754 1139 842 quamdam
1161 755 1350 822 adhiberet

228 861 348 925 Variae
372 866 482 924 autem
496 880 556 943 per
570 881 604 920 se
619 855 811 920 oriebantur
833 856 1053 941 quaestiones,
1070 857 1104 919 in
1124 853 1247 941 quibus
1268 855 1350 942 qnid

228 957 390 1044 agendam
410 965 496 1020 esset
513 955 585 1040 jam
605 963 747 1018 statuere
767 952 948 1038 oportebat.
978 952 1090 1040 Atque
1109 955 1276 1040 imprimis
1309 977 1351 1018 ex

228 1077 364 1122 numero
388 1053 536 1119 fidelium
560 1053 642 1116 adeo
673 1061 769 1116 aucto
800 1053 968 1136 provenit,
1002 1062 1039 1115 ut
1062 1050 1155 1116 multi
1180 1051 1352 1116 connubia

229 1154 456 1219 desiderarent
490 1153 591 1234 inire,
626 1171 711 1235 (quae
744 1149 926 1215 secundum
960 1149 1049 1235 leges
1081 1149 1250 1216 Romanas
1284 1173 1352 1216 non

229 1263 322 1317 crant
348 1253 440 1339 justa
473 1249 693 1328 matrimonia,
718 1247 868 1334 adeoque
899 1248 1110 1313 statuendum
1134 1256 1212 1330 erat,
1239 1257 1352 1312 utrum

230 1351 345 1416 eadem
368 1348 606 1435 impedimenta
630 1347 729 1410 etiam
753 1344 904 1410 Ecclesia
935 1347 1177 1428 determinaret,
1201 1369 1248 1412 an
1274 1369 1353 1410 vero

230 1447 397 1513 connubia
429 1445 508 1510 talia
541 1445 754 1530 permitteret.
801 1444 910 1508 Antea
943 1466 1045 1529 quum
1078 1445 1217 1508 rariores
1242 1455 1354 1508 essent

229 1544 374 1610 familiae
407 1546 553 1630 integrae
577 1543 785 1624 christianae,
810 1551 842 1606 et
864 1541 1012 1628 plerique
1037 1541 1150 1608 fideles
1177 1544 1211 1606 in
1237 1541 1353 1607 adulta

230 1651 335 1708 aetate
369 1644 520 1706 conversi
554 1651 663 1706 esseut
695 1639 737 1704 ad
762 1638 1069 1722 christianismum,¹
1086 1642 1227 1706 rariores
1260 1651 1354 1705 erant

231 1742 330 1804 etiam
369 1740 480 1826 lapsus
513 1742 547 1804 in
581 1741 735 1825 graviora
774 1739 916 1802 crimina
948 1739 1068 1803 carnis.
1124 1737 1240 1818 Quum
1275 1760 1353 1802 vero

231 1838 325 1903 multi
345 1839 416 1924 jam
432 1837 612 1903 Christiani
633 1845 847 1901 nascerentur
863 1845 896 1900 et
918 1835 1142 1901 adolescerent
1165 1837 1256 1901 inter
1278 1860 1353 1922 gen-

230 1936 338 2000 tilium
362 1937 455 2018 vitia,
478 1934 609 1999 facilius
633 1936 755 2016 evenit,
787 1943 823 1998 ut
833 1931 1013 1998 Christiani
1038 1957 1169 2021 quoque
1192 1937 1354 2020 passioni·

204 2034 293 2099 bus
334 2034 578 2120 abriperentur,
627 2034 853 2097 accusationes
895 2033 995 2097 etiam
1028 2033 1063 2096 in
1096 2031 1233 2098 clericos
1264 2032 1353 2098 hand

231 2133 276 2196 ita
299 2155 372 2196 raro
397 2131 604 2214 ferebantur;
636 2131 790 2217 permulti
815 2131 949 2196 demum
973 2141 1067 2195 erant
1089 2153 1128 2195 ea
1151 2140 1273 2214 aetate,
1299 2134 1352 2219 qni

232 2253 273 2294 ex
305 2232 407 2295 variis
440 2231 538 2294 sectis
570 2229 745 2294 haereticis
780 2229 823 2293 ad
846 2228 1031 2294 Ecclesiam
1069 2252 1102 2294 se
1134 2229 1353 2315 recipiebant.
1433 2301 1434 2320 ,

232 2327 271 2392 In
296 2328 449 2393 omnibus
473 2326 525 2392 his
543 2349 671 2392 summo
687 2349 763 2390 oum
778 2329 885 2413 rigore
907 2327 1155 2413 procedendum
1178 2349 1264 2412 ease,
1289 2349 1351 2394 uon

233 2426 338 2491 solum
362 2426 584 2490 Montanistae
608 2447 650 2490 ex
681 2425 822 2491 conficta
844 2424 1007 2491 Paracleti
1036 2427 1238 2492 revelatione
1265 2449 1353 2514 prae

234 2524 425 2607 tendebant,
450 2524 508 2588 sed
532 2525 632 2588 etiam
656 2524 712 2588 alii
738 2525 909 2608 rigorismo
940 2524 1066 2589 addicti
1091 2524 1351 2611 proclamabant

232 2621 409 2686 Pontifices
438 2644 516 2686 vero
539 2621 749 2707 Zephyrinus
773 2631 806 2686 et
829 2620 984 2687 Callistus
1008 2625 1118 2708 potius
1134 2622 1352 2707 mitigandam

233 2742 303 2784 esse
326 2719 565 2805 aliquantisper
593 2721 802 2784 severitatem
831 2719 873 2784 ob
901 2721 1058 2805 temporis
1086 2721 1352 2786 circumstantias

234 2818 459 2882 decreverunt.
507 2817 591 2882 Inde
608 2817 820 2882 vehementes
831 2817 986 2882 Auctoris
1001 2820 1102 2884 nostri
1126 2821 1162 2883 in
1179 2817 1352 2884 Callistum

235 2916 470 2982 accusationes.

81 3039 216 3083 minnota
326 3015 379 3078 33.
405 3013 658 3078 Consideremus
681 3015 844 3100 imprimis
867 3037 916 3097 ea,
941 3037 1025 3101 quae
1050 3023 1200 3101 spectant
1222 3015 1269 3080 ad
1293 3039 1351 3079 mu·
1432 3087 1433 3096 χ

83 3102 210 3152 ‘W'l'’
237 3114 386 3178 tamooia
409 3112 603 3200 inaequalia.
643 3111 764 3197 Arguit
779 3111 951 3176 Callistum
966 3111 1102 3196 Auctor,
1127 3111 1214 3200 quod
1238 3134 1351 3200 appro·
1432 3159 1433 3162 ,

235 3211 365 3275 baverit
379 3219 415 3274 ut
428 3209 623 3295 legitimum,
640 3209 844 3274 connubium
859 3211 1058 3276 feminarum
1073 3212 1291 3296 innuptarum
1301 3232 1351 3276 uo·
1432 3213 1433 3220 ’

235 3308 351 3374 bilium
367 3330 443 3372 cum
454 3309 534 3372 viris
548 3308 712 3372 inferioris
721 3307 929 3391 conditionis,
941 3307 1029 3395 quod
1040 3308 1244 3374 connubium
1256 3309 1352 3395 juxta

234 3409 322 3492 leges
331 3407 497 3471 Romanas
511 3427 578 3471 non
593 3416 663 3470 erat
677 3407 925 3471 matrimonium
935 3407 1063 3492 justum
1078 3416 1111 3472 et
1121 3405 1267 3470 civiliter
1276 3403 1351 3469 vali-

235 3505 325 3570 dum.
372 3503 462 3569 Hine
492 3503 575 3567 dicit
603 3505 827 3589 provenissse,
858 3512 894 3568 ut
918 3504 995 3570 dein
1018 3504 1099 3571 tales
1123 3503 1278 3568 mulieres
1300 3501 1351 3568 ab·

235 3613 342 3668 ortum
375 3611 598 3689 procurarent,
632 3624 673 3666 ne
697 3625 740 3666 ex
772 3601 975 3688 ignobilibus
999 3603 1080 3668 viris
1112 3602 1233 3668 liberos
1256 3601 1351 3667 habe-

235 3710 317 3767 rent,
355 3700 406 3766 Ac
429 3700 507 3766 dein
532 3722 653 3786 magna
677 3722 752 3763 oum
768 3700 996 3786 indignatione
1020 3701 1203 3766 exclamat:
1234 3701 1350 3776 Videte,

235 3801 270 3864 ia
293 3811 443 3886 quantam
465 3799 658 3886 impietatem
679 3799 801 3863 viriste
822 3822 954 3886 aequam
963 3801 1165 3888 accesserit,
1189 3800 1352 3865 moedtmm

237 3923 301 3963 ruta
323 3921 391 3963 oum
415 3897 508 3962 caede
531 3895 670 3961 edoceas
718 3896 765 3961 Ut
791 3896 874 3962 haee
897 3895 1125 3984 intelligantur
1147 3895 1350 3962 animadver-

236 3996 373 4062 tendum
388 4003 446 4080 est,
462 4017 502 4060 ea
516 4003 624 4060 aetate
638 4017 681 4059 ex
695 3993 825 4080 legibus
848 3995 1023 4062 Romanis:
1056 3997 1093 4060 1·
1118 3995 1195 4061 Non
1210 3995 1350 4082 potuisse

236 4094 440 4159 matrimonia
472 4091 608 4158 civiliter
637 4092 750 4158 aalide
781 4094 860 4159 iniri
897 4094 984 4159 inter
1013 4091 1135 4160 liberos
1167 4101 1201 4158 et
1231 4113 1348 4158 servos

237 4189 364 4255 Eadem
397 4213 476 4277 prae
506 4189 580 4276 lege
611 4189 702 4256 nulla
735 4199 830 4257 erant
851 4191 961 4278 quoad
991 4213 1066 4258 suos
1089 4192 1235 4258 effeetus.
1281 4190 1348 4254 Lex

238 4298 348 4355 autem
381 4310 448 4354 non
480 4287 684 4388 impediebat
719 4289 998 4356 cohabitationem
1030 4289 1243 4379 conjugalem
1269 4291 1349 4354 iuter
