2900 4800
62 1404 136 1454 tigilli
153 1415 205 1454 pon·

81 1465 183 1507 tillcatns.

222 461 274 514 366
630 459 669 513 De
688 457 775 512 tribas
794 457 934 526 capitulis.

223 603 345 689 Vigilio
370 602 561 685 retulerunt,
586 613 619 666 ct
649 602 847 666 documenta
879 612 947 664 tam
971 601 1074 666 multa
1098 601 1242 689 (decem)
1266 622 1340 686 sup-

222 703 327 786 posita
350 723 429 766 csse.
476 701 566 765 Dum
595 709 732 764 eventus
765 699 1006 780 examinamus,
1044 709 1171 784 oportet
1202 699 1339 787 quidem

222 801 382 864 rationem
415 798 537 864 habere
572 798 836 882 exaggerationis
871 817 957 882 quae
991 799 1113 882 passim
1149 821 1210 862 usu
1248 799 1342 862 veuit

222 897 311 983 apud
336 919 391 962 cos
414 898 471 983 qui
494 896 631 961 factioni
654 895 779 960 addicti
804 903 890 976 sunt,
915 903 1059 960 attamen
1084 895 1341 982 hypercriticam

223 1017 294 1059 esse
310 995 479 1060 Vincentii
501 995 697 1058 sententiam
718 993 946 1057 existimamus
954 991 988 1079 ι).
1021 993 1249 1058 Eruditissimi
1263 1017 1343 1058 sane

223 1095 286 1156 viri
321 1115 402 1178 opus
427 1091 642 1156 nihilominus
666 1090 854 1156 nullatenus
878 1091 1101 1176 spernendum
1131 1103 1199 1173 est,
1224 1113 1266 1158 eo
1290 1092 1342 1156 vel

223 1192 341 1271 minus,
367 1191 454 1277 quod
487 1212 553 1254 non
572 1211 679 1274 pauca
702 1191 737 1253 11
753 1211 791 1252 11
812 1191 1028 1253 inveniuntur
1047 1213 1132 1277 quae
1156 1190 1342 1272 conferunt,

223 1299 259 1352 ut
281 1290 468 1353 accuratius
491 1288 627 1352 historia
651 1286 738 1351 illius
762 1289 878 1350 aetatis
901 1289 1022 1372 exponi
1046 1291 1159 1375 possit.

314 1389 364 1452 74.
389 1387 488 1450 Modo
507 1387 579 1471 jam
610 1395 755 1449 nostram
788 1387 984 1448 sententiam
1014 1386 1345 1474 (1111111111,Ἷὶςί-

222 1485 303 1549 lium
337 1493 486 1569 spectant
515 1484 620 1547 fusius
650 1503 865 1567 exponamus.
912 1482 951 1546 In
982 1485 1023 1547 iis
1051 1506 1136 1570 quae
1165 1496 1347 1548 narrantur·

224 1583 265 1646 de
289 1583 385 1647 modo
410 1580 620 1646 fraudulento
644 1603 708 1666 quo
733 1581 804 1666 ipsc
828 1581 871 1645 ad
899 1581 1095 1664 dignitatem
1118 1582 1346 1668 pontificalem

224 1683 420 1766 pervenerit,
446 1680 487 1744 de
502 1679 682 1744 ambitione
702 1680 773 1764 ejus
794 1680 936 1762 ingenti,
952 1679 994 1743 de
1017 1681 1164 1744 saevitiis
1188 1682 1223 1744 in
1243 1679 1346 1744 Silve-

224 1780 320 1860 rium,
345 1778 487 1863 plurima
510 1787 710 1862 exaggerata
733 1797 804 1840 esse
820 1787 984 1860 putamus.
1031 1777 1264 1861 Admittimus,
1290 1779 1346 1840 Vi·

224 1877 341 1961 gilium
357 1873 641 1960 Constantinopoli
661 1875 772 1953 fuisse,
797 1874 930 1958 quando
945 1875 1115 1962 Agapctus
1137 1875 1270 1940 ibidem
1295 1877 1347 1939 de-

225 1976 358 2038 functus
382 1985 439 2056 est,
455 1997 494 2039 ac
510 1973 550 2038 de
566 1974 772 2036 successione
788 1973 809 2037 J
813 1974 1016 2037 ustinianum
1032 1995 1108 2037 cum
1132 1975 1201 2058 ipso
1226 1975 1345 2059 egisse.

225 2071 265 2136 Id
288 2094 398 2136 rerum
422 2071 678 2136 circumstantiis
703 2069 799 2154 plane
829 2092 1012 2134 consonum
1035 2081 1115 2136 erat.
1160 2073 1348 2158 Imperator

225 2179 312 2235 totus
327 2173 361 2234 in
377 2191 414 2234 eo
431 2180 509 2245 erat,
528 2179 564 2233 ut
579 2167 720 2247 Italiam,
745 2168 911 2232 destructo
928 2169 1110 2234 Gothorum
1141 2191 1258 2254 regno,
1284 2170 1344 2234 sibi

227 2267 413 2353 subjiceret,
438 2290 478 2331 ac
492 2266 671 2331 Belisarius
694 2289 724 2330 a.
748 2266 814 2330 536
833 2267 905 2352 jam
930 2269 1085 2332 victorias
1100 2269 1210 2330 varias
1233 2289 1347 2352 repor-

226 2375 364 2428 taverat.
396 2365 509 2448 Magni
534 2364 711 2428 videbatur
730 2366 897 2444 momenti,
923 2374 959 2429 ut
978 2363 1132 2430 Pontifex
1156 2366 1350 2430 succederet

226 2463 416 2529 Justiuiano
440 2463 602 2542 addictus,
636 2482 804 2548 quumque
837 2461 936 2526 talem
960 2464 1141 2526 invenisset
1163 2463 1350 2548 Imperator

227 2559 399 2645 Vigilium,
425 2561 566 2646 Agapeti
591 2560 784 2634 diaconum,
810 2561 920 2624 virum
951 2563 1088 2624 sanein
1112 2561 1349 2625 RomanaEc·

229 2659 329 2724 clesia
353 2661 561 2738 eminentem,
594 2660 700 2743 potuit
734 2669 901 2743 exoptare,
935 2669 972 2722 ut
999 2657 1070 2744 ipse
1094 2662 1129 2722 in
1151 2659 1348 2723 Pontificem

229 2757 412 2841 eligeretur,
444 2767 476 2820 et
507 2755 666 2820 Belisario
700 2756 947 2836 commendare,
979 2767 1016 2821 ut
1049 2779 1106 2822 suo
1131 2757 1265 2822 influxu
1290 2757 1349 2820 bac

230 2857 264 2918 in
291 2877 326 2918 re
351 2865 505 2919 uteretur.
538 2893 581 2902 —
613 2853 679 2918 Sed
703 2853 827 2918 electus
860 2855 924 2918 fuit
955 2855 1085 2920 influxu
1117 2857 1203 2937 regis
1228 2853 1350 2920 Gotho·

229 2974 303 3016 rum
327 2953 359 3017 S.
385 2950 564 3032 Servilius,
603 2952 682 3015 hinc
705 2953 739 3015 in
773 2953 883 3039 ipsum
913 2963 1071 3038 tanquam
1094 2951 1215 3017 Gothis
1239 2953 1351 3016 laven-

230 3063 296 3116 tem
320 3061 352 3114 ct
375 3061 563 3136 suspectum
588 3052 666 3114 moti
691 3061 767 3114 1111
794 3053 1039 3136 persecutiones
1061 3050 1226 3136 politicae.
1275 3051 1350 3117 ι1111

231 3148 387 3229 vidimus,
417 3147 541 3213 clerum
571 3149 694 3212 Romae
725 3149 834 3234 quoad
865 3150 1013 3214 favorem
1046 3147 1099 3212 vel
1128 3147 1270 3213 Graecis
1300 3148 1349 3212 vel

231 3245 350 3310 Gothis
374 3246 621 3332 praestandum,
645 3247 768 3330 passim
784 3246 931 3312 divisum
946 3247 1057 3330 fuisse,
1082 3258 1114 3312 et
1132 3248 1203 3334 jam
1229 3247 1351 3333 pluries

231 3344 294 3408 hac
325 3346 359 3408 in
393 3366 428 3407 re
464 3343 676 3408 difficultates
709 3355 839 3409 exortas
871 3345 982 3411 fuisse.
1034 3345 1177 3411 Omnino
1211 3346 1350 3411 dubium

233 3463 414 3518 censemus,
450 3465 493 3506 au
527 3441 672 3526 Vigilius
708 3453 823 3506 auctor
858 3443 910 3507 vel
935 3445 1107 3528 instigator
1136 3443 1239 3508 fuerit
1263 3444 1350 3508 exilii

233 3539 386 3622 Silvcrii3
432 3561 535 3625 quum
559 3539 702 3624 Vigilius
736 3539 914 3606 haberetur
946 3551 983 3605 ut
1014 3541 1207 3627 Imperatori
1241 3553 1352 3627 gratus

234 3639 331 3724 eique
354 3637 518 3718 addictus,
543 3636 700 3702 facillime
716 3638 787 3702 lieri
802 3641 918 3724 potuit,
943 3649 980 3703 ut
1003 3641 1032 3704 ci
1056 3639 1119 3704 hac
1143 3641 1178 3703 iu
1202 3663 1237 3704 rc
1264 3641 1351 3704 varia

235 3737 477 3820 imputarentur
500 3757 584 3821 quae
609 3735 724 3822 culpae
759 3738 822 3822 ipsi
850 3739 935 3802 verti
959 3759 1026 3802 non
1048 3748 1209 3824 poterant.
1259 3739 1352 3803 Forte

235 3832 376 3898 Servilio
408 3835 442 3896 in
477 3833 577 3898 exilio
610 3834 767 3918 degente,
791 3835 936 3920 Vigilius
968 3835 1140 3900 ecclesiam
1170 3835 1349 3900 1111111111

233 3931 482 3996 administravit
505 3933 713 4018 permittente
736 3933 907 4000 Pontifice.
947 3934 1201 3999 Advertendum
1225 3955 1350 4021 quoquc

235 4041 293 4107 cst,
319 4032 353 4094 in
377 4029 513 4094 Oriente
537 4029 717 4096 invaluisse
740 4053 778 4095 eo
802 4041 949 4118 tempore
977 4031 1084 4097 abusu
1108 4031 1198 4096 illam
1223 4053 1350 4096 cousue-

312 4235 332 4296 ι)
352 4229 406 4284 Otr.
426 4231 640 4299 Hergeurttbsr‚
667 4233 758 4289 Theol.
778 4233 862 4289 Liter.
883 4233 968 4290 Blstt.
993 4235 1112 4290 186118.
1132 4235 1194 4292 att
