2902 4824
258 482 293 536 7⁸
593 479 1001 536 DeScchomamSPehi

257 637 315 708 est,
338 627 503 692 silentium
535 627 724 712 Scripturas
754 625 863 710 alipio
893 623 1096 711 dfflcisltatis
1124 626 1224 708 sprec
1251 625 1294 688 de
1320 623 1385 688 du-

257 726 335 811 plici
359 735 487 789 tantum
511 725 595 789 libro
617 725 705 788 Novi
727 725 929 789 Testamenti
953 727 1063 808 urgeri
1087 747 1192 809 posse,
1217 723 1384 788 videlicet

258 823 299 887 de
323 823 463 887 Actibus
487 823 718 908 Apostolorum
749 846 789 886 ac
822 824 863 886 de
887 822 1036 909 Epistola
1068 822 1101 887 S.
1126 821 1222 886 Pauli
1246 823 1291 887 ad
1317 824 1384 886 Ro-

258 945 381 987 manos.
405 922 458 986 Ex
481 921 617 1006 reliquis
639 923 729 984 enim
743 921 776 986 S.
793 921 886 985 Pauli
911 921 964 986 vel
984 921 1124 984 aliorum
1139 921 1383 1007 Apostolorum

257 1019 411 1106 epistolis,
436 1018 491 1083 illa
519 1019 640 1082 silentii
671 1018 812 1104 objectio
837 1020 968 1083 nonnisi
1001 1021 1135 1082 omnino
1168 1021 1282 1105 inepte
1307 1019 1383 1083 fieri

257 1129 373 1203 posset.
420 1115 546 1198 Quodsi
570 1139 657 1180 unus
680 1116 733 1181 vel
757 1117 840 1182 alter
861 1127 972 1181 textus
990 1119 1148 1203 positivus
1171 1139 1214 1180 ex
1238 1119 1281 1181 iis
1306 1141 1384 1204 pro-

256 1217 368 1298 fertur,
391 1237 460 1278 rem
485 1215 677 1278 rnminare
700 1237 767 1278 non
791 1237 990 1280 recusamus.

343 1314 397 1378 eo.
422 1312 485 1376 His
494 1314 682 1397 praemissis
690 1313 762 1398 jam
773 1316 1092 1397 argumentationem
1107 1313 1383 1378 adversariorum

255 1412 494 1476 examinemus.
525 1409 738 1475 Contendunt
757 1413 867 1496 igitur,
889 1434 1047 1498 „scopum
1066 1413 1210 1476 aurmris
1227 1411 1384 1476 Aetnam

256 1508 486 1594 Apostolorum
512 1507 603 1573 illum
626 1508 737 1592 fuisse,
771 1519 808 1573 ut
830 1513 1101 1596 propagationem
1126 1509 1382 1573 Christianismi

185 1681 186 1684 Ἴ
255 1605 455 1670 describeret
468 1607 546 1671 inde
570 1607 613 1671 ab
623 1607 863 1692 Hierosolymis
878 1609 1017 1673 Romam
1040 1631 1154 1696 usque.
1166 1605 1382 1672 Relationem

255 1715 365 1768 autem
398 1704 550 1768 concludi
584 1726 660 1769 cum
693 1708 888 1792 captivitate
920 1706 1066 1772 biennali
1090 1706 1185 1770 Pauli
1210 1707 1382 1770 Romana.

255 1813 353 1888 atque
377 1801 476 1866 finem
500 1800 599 1888 hujus
632 1805 835 1889 captivitatis
866 1804 1013 1868 incidere
1045 1807 1080 1869 in
1109 1805 1242 1868 initium
1268 1826 1381 1889 persc-

255 1899 561 1967 cutionisNeronis.
584 1901 809 1966 Nihilominus
824 1903 950 1966 Lucam
974 1923 1016 1964 ne
1040 1901 1212 1966 minimam
1237 1901 1381 1987 quidem

255 1999 292 2064 B.
317 2000 405 2063 Petri
430 2001 631 2064 mentionem
655 2001 773 2082 facere,
798 1999 887 2086 quod
921 2009 1008 2064 certe
1031 2000 1171 2077 fecisset,
1196 2000 1225 2062 si
1249 1999 1383 2062 Romae

256 2099 325 2182 ipsc
347 2098 465 2161 Petrus
488 2097 613 2164 fuisset.
646 2137 690 2146 —
722 2099 850 2162 Pariter
872 2097 1031 2183 explicari
1065 2119 1131 2160 non
1154 2117 1260 2182 posse,
1286 2096 1381 2181 quod

257 2193 377 2258 Paulus
409 2217 471 2258 nec
494 2198 530 2259 in
553 2195 691 2281 epistola
722 2196 767 2261 ad
789 2195 965 2276 Romanos,
999 2196 1117 2259 necin
1142 2193 1381 2278 epistolislto-

256 2313 329 2354 mae
351 2293 497 2377 scriptis,
522 2314 584 2358 nec
614 2295 719 2358 amice
752 2315 814 2356 nec
846 2293 1016 2380 polemico,
1048 2293 1137 2357 Petri
1170 2292 1380 2355 mentionem

255 2389 365 2472 saciat,
389 2391 416 2454 si
439 2390 557 2454 Petrus
579 2390 704 2455 Romae
717 2389 904 2478 Episcopus
927 2389 1089 2476 fuerit.“¹)
1120 2390 1175 2454 Ad
1197 2388 1284 2454 haec
1303 2391 1380 2476 jam

254 2487 520 2572 respondeamus.

5 2577 7 2586 ’
94 2589 237 2640 tumuit·
343 2584 396 2650 60.
422 2583 521 2664 Quod
552 2584 596 2649 ad
629 2606 765 2670 scopum
798 2585 944 2651 Actuum
977 2585 1208 2673 Apostolorum
1241 2585 1379 2652 attinet.

255 2704 373 2768 scopus
401 2683 612 2748 immediatus
635 2692 724 2746 certe
747 2694 796 2747 est
818 2685 998 2763 historicam,
1023 2695 1060 2748 ut
1081 2683 1233 2748 fundatio
1258 2679 1380 2745 Eccle-

254 2781 322 2843 siae
346 2781 432 2844 inter
454 2780 610 2862 Judaeos,
635 2779 858 2846 Samaritanos
882 2791 915 2846 et
937 2781 1076 2865 gentiles
1099 2787 1279 2844 enarretur.
1306 2777 1379 2842 Hie

254 2886 364 2942 tamen
387 2899 506 2964 scopus
530 2877 742 2942 immediatus
774 2878 921 2942 medium
952 2889 1001 2943 est
1024 2879 1067 2944 ad
1090 2878 1190 2943 finem
1214 2874 1379 2944 elenchti·

254 2996 329 3040 cum
362 2986 395 3040 et
427 2974 619 3056 mediatum,
654 2996 795 3060 eumque
827 2979 1053 3062 praecipuum,
1082 2975 1380 3042 demonstrationis

253 3071 380 3138 scilicet
402 3073 537 3139 divinae
560 3073 698 3158 originis
722 3073 921 3138 christianae
941 3075 1109 3160 religionis
1132 3085 1165 3137 ct
1186 3071 1378 3136 Ecclesiae.

252 3170 331 3236 Jam
354 3171 432 3236 inde
455 3169 560 3252 vides,
584 3169 675 3236 haud
698 3171 921 3258 quaerendam
946 3195 1015 3238 esse
1038 3175 1073 3238 in
1096 3170 1237 3235 Actibus
1260 3191 1379 3234 narra-

253 3270 376 3334 tionem
401 3271 549 3334 omnium
574 3277 763 3350 eventuum,
789 3269 842 3333 vel
866 3269 1062 3356 completam
1087 3267 1377 3333 enumerationem

254 3366 520 3452 chronologicam
543 3389 667 3449 eorum,
700 3390 784 3454 quae
814 3367 935 3452 singuli
959 3365 1107 3453 Apostoli
1131 3366 1291 3430 fecerunt
1328 3403 1376 3412 -—-

254 3465 300 3530 Ut
322 3475 433 3530 autem
457 3466 649 3530 oeconomia
671 3463 747 3530 libri
772 3464 901 3552 plenius
921 3465 1138 3548 intelligatur,
1162 3484 1242 3548 prae
1266 3462 1378 3528 oculis

253 3562 444 3628 habendum
468 3571 525 3646 est,
559 3565 592 3628 S.
625 3562 753 3628 Lucam
786 3564 939 3628 comitem
971 3563 1072 3627 frrisse
1104 3561 1143 3626 B.
1171 3559 1278 3642 Pauli,
1303 3582 1376 3646 quo

253 3659 404 3726 hortante
450 3663 550 3726 etiam
595 3660 673 3726 inde
718 3662 761 3726 ab
807 3683 836 3726 a.
883 3662 925 3726 48
957 3663 993 3724 iu
1028 3661 1166 3746 pretinm
1204 3657 1375 3744 gentilium

254 3757 474 3842 Evangelium
507 3759 646 3842 scripsit.
706 3759 886 3822 Doctrinae
919 3767 1019 3842 caput
1058 3755 1146 3843 quod
1179 3755 1212 3820 S.
1245 3753 1376 3818 Paulus

253 3853 496 3940 frequentaret
519 3854 597 3919 data
628 3875 728 3939 opera
752 3854 896 3919 inculcat
925 3855 961 3919 in
984 3853 1129 3940 epistolis
1152 3853 1229 3933 suis,
1255 3861 1305 3915 est
1328 3851 1374 3916 ds·

253 3953 401 4031 gentium
425 3955 597 4018 vocatione
620 3951 664 4016 ad
676 3951 785 4034 fidem,
802 3961 838 4015 ut
857 3951 941 4035 illae,
965 3973 1030 4016 non
1055 3950 1238 4016 observatis
1262 3969 1373 4014 caere·

328 4109 347 4182 ¹)
366 4107 481 4178 Lipsius,
510 4109 688 4179 chronologis
715 4109 762 4164 der
788 4111 864 4164 sun
890 4109 1014 4165 Bischofc
1037 4111 1078 4165 bis
1103 4125 1151 4164 zur
1178 4107 1260 4164 Mitte
1278 4111 1326 4165 des
1344 4115 1373 4168 4.

253 4187 458 4246 Jahrhunderts
477 4188 548 4245 Kiel.
570 4191 646 4244 1869.
665 4189 690 4244 S.
711 4191 762 4243 168
780 4187 808 4244 s.
822 4183 1010 4244 -Resccon'to
1029 4205 1054 4258 p.
1076 4191 1134 4244 100.
1155 4217 1190 4228 —
1209 4187 1264 4244 Cir.
1286 4191 1373 4248 etiam

251 4267 355 4324 Ashur
368 4266 459 4336 Dsr'by
481 4267 517 4322 u
536 4269 568 4324 A
588 4273 647 4336 etc,
659 4268 697 4324 St.
714 4268 796 4326 Peter
813 4283 896 4324 never
913 4273 944 4324 at
956 4268 1048 4336 Rome,
1066 4271 1084 4323 2
1103 4269 1143 4323 ed.
1163 4267 1202 4323 ch.
1223 4271 1248 4326 1.
