2900 4800
244 435 300 490 378
649 432 688 489 De
706 431 794 488 tribus
813 431 954 500 Capitulis.

245 580 292 644 tia
315 580 373 644 uti.
419 579 504 643 Eam
529 577 737 642 clementiam
753 574 873 640 Graeci
887 568 1074 656 uinooopiuv
1095 584 1232 655 vocant,
1249 574 1361 640 Latini
1434 623 1435 656 ,

247 697 359 740 eorum
382 676 533 762 exemplo
549 676 826 762 dispensationem.
856 671 1004 757 Utroque
1017 672 1139 757 agendi
1163 672 1262 738 modo
1286 695 1362 736 usus
1434 661 1435 740 i

245 784 295 838 est
327 775 361 837 in
395 774 457 838 hac
490 775 713 838 controversia
736 769 890 855 Vigilius,
923 793 1013 835 nuno
1032 771 1118 856 juris
1142 781 1175 834 et
1197 791 1361 834 canonum

244 875 369 957 vigore,
393 893 482 936 nunc
506 893 619 936 eorum
642 871 833 934 remissione
854 868 933 934 lidei
948 878 982 933 et
1003 870 1095 954 pacis
1106 865 1278 932 Ecclesiae
1300 877 1360 930 stn-
1434 907 1435 932 r

245 970 465 1034 diosissimum
489 991 524 1033 se
547 967 718 1054 praebens.
757 967 979 1033 Observatum
992 967 1128 1052 quidem
1152 975 1202 1030 est
1225 964 1271 1030 ab
1292 987 1361 1029 eru·
1434 947 1435 1020 l

244 1067 331 1148 ditis,
363 1067 488 1151 Vigilii,
523 1087 607 1152 quae
639 1065 833 1146 videbatur,
867 1065 1141 1144 inconstantiam,
1166 1062 1361 1148 prudentiae

244 1175 277 1230 et
300 1175 427 1230 maturo
460 1164 595 1230 consilio
619 1185 689 1228 esse
712 1162 940 1243 tribuendam,
977 1161 1036 1226 sed
1067 1183 1135 1226 non
1167 1160 1361 1240 docuerunt,
1434 1145 1435 1228 l

244 1285 321 1326 eum
345 1262 466 1347 agendi
488 1261 625 1326 modum
648 1283 669 1325 a
692 1261 853 1325 canonica
877 1258 1053 1345 disciplina
1076 1257 1308 1344 pependisse.“
1434 1301 1435 1350 p

333 1359 386 1424 89.
409 1360 504 1423 Haec
535 1359 666 1423 erudita
696 1359 785 1423 Petri
818 1357 860 1421 de
882 1358 996 1421 Mesoa
1026 1357 1211 1421 observatio
1243 1357 1364 1420 citatur
1434 1399 1435 1402 =

243 1459 343 1522 etiam
367 1479 387 1520 a
410 1456 611 1522 Mazzarelli.
657 1455 767 1542 Atque
798 1467 869 1520 tum
893 1456 964 1540 ipse
993 1463 1064 1518 tum
1088 1453 1129 1520 de
1152 1453 1269 1518 Mares
1292 1475 1362 1517 cen·
1434 1438 1435 1532 l

243 1565 325 1637 sent,
349 1557 385 1619 in
409 1553 594 1620 Constituto
617 1575 684 1618 non
707 1574 835 1618 summo
864 1551 923 1617 sed
946 1553 1082 1616 remisso
1100 1551 1176 1637 jure
1199 1551 1361 1636 Vigilium
1434 1543 1435 1588 l

243 1654 357 1738 egisse,
382 1675 443 1716 nec
467 1653 663 1716 sententiam
686 1673 779 1715 suam
793 1648 847 1714 vel
862 1649 1031 1714 decretum
1054 1650 1100 1712 ita
1123 1649 1271 1714 voluisse
1293 1669 1362 1733 pro·
1434 1669 1435 1744 p

243 1771 374 1836 ponere,
399 1759 434 1814 ut
457 1749 499 1813 ab
524 1770 562 1813 eo
594 1748 687 1813 salve
708 1747 775 1812 fide
804 1747 858 1811 vel
881 1747 1113 1811 communione
1136 1744 1361 1811 ecclesiastica
1434 1757 1435 1768 ¹

244 1847 369 1911 discedi
393 1869 460 1911 uon
483 1859 600 1931 posset.
647 1847 825 1931 Propterea
843 1843 933 1909 haud
956 1844 1019 1908 sub
1042 1843 1256 1908 anathemate
1279 1865 1361 1930 quae
1434 1853 1435 1860 ’

245 1945 467 2010 decernuntur
498 1946 646 2029 proponi.
693 1943 782 2008 Hinc
804 1941 893 2008 illud
927 1941 1149 2008 Constitutum
1177 1940 1361 2028 (concludit

244 2052 482 2128 consequenter
513 2039 717 2127 Muzzarelli)
748 2063 790 2106 ex
814 2043 885 2126 ipsa
907 2040 1077 2105 voluntate
1099 2039 1276 2104 Pontificio
1297 2059 1359 2104 non

242 2161 314 2204 esse
336 2139 575 2204 recensendum
598 2141 684 2204 inter
706 2138 914 2203 definitiones
944 2137 998 2202 vel
1022 2138 1154 2202 decreta
1176 2159 1220 2200 ox
1245 2135 1359 2202 Cathe-

244 2237 304 2302 dra
328 2237 414 2318 data,
438 2237 481 2301 ad
505 2259 588 2323 quae
612 2239 710 2301 unice
732 2246 859 2322 spectat
876 2237 1025 2322 quaestio
1049 2235 1091 2300 de
1113 2235 1360 2300 infallibilitate.

244 2373 288 2382 -
322 2333 543 2400 Constitutum
574 2357 640 2398 uon
673 2355 743 2399 esse
776 2334 1012 2398 documentum
1047 2355 1089 2396 ex
1113 2331 1286 2396 Cathedra
1315 2332 1366 2396 da-

244 2433 450 2510 tumetium
474 2453 533 2496 nos
557 2433 805 2514 existimamus,
842 2441 989 2496 attamen
1021 2431 1104 2494 ratio
1137 2451 1198 2494 cur
1229 2451 1299 2495 non
1321 2432 1365 2494 in·
1434 2425 1435 2482 l

244 2530 422 2592 veniuntur
445 2528 657 2594 anathemata
689 2528 805 2592 addita
837 2528 933 2594 nobis
965 2529 1076 2615 potius
1103 2529 1139 2593 iu
1163 2550 1202 2593 eo
1226 2550 1299 2592 eme
1321 2529 1364 2590 vi-

245 2626 351 2708 detur,
376 2626 464 2712 quod
480 2625 712 2708 Constitutum,
746 2628 795 2691 uti
825 2648 914 2690 nune
942 2625 1092 2707 habetur,
1117 2625 1267 2690 nondum
1293 2625 1365 2690 dcti-
1434 2650 1435 2708 i

246 2725 351 2787 nitito
376 2735 409 2787 et
431 2726 650 2810 peremptorio
674 2725 772 2789 modo
795 2723 1047 2811 proponendum
1071 2733 1151 2788 orat
1197 2723 1266 2789 Sed
1290 2733 1364 2800 erat,
1434 2763 1435 2814 ,

247 2823 294 2885 uti
323 2822 485 2904 diximus,
510 2822 746 2887 documentum
779 2823 974 2908 Imperatori
1003 2819 1311 2900 transmittendum,
1333 2823 1365 2884 in
1434 2815 1435 2871 l

247 2940 312 3004 quo
344 2919 500 2984 Pontifex
531 2919 666 3006 quidem
701 2941 777 2984 cum
809 2921 1005 2984 auctoritate
1043 2920 1241 2984 mamutium
1275 2939 1365 2982 mam

247 3015 459 3098 enuntiabat,
483 3018 530 3080 ite
551 3026 682 3098 tamen,
707 3026 745 3080 ut
767 3016 1004 3082 deliberatione
1027 3015 1141 3082 habite
1164 3017 1249 3081 forte
1272 3037 1365 3102 qnae·

15 3117 16 3202 l
249 3113 326 3178 dam
357 3115 478 3178 mutari
508 3123 642 3199 possent
674 3123 706 3177 et
736 3113 909 3178 definitive
931 3114 1037 3178 forma
1061 3115 1260 3180 documento
1285 3114 1364 3178 dar-i.

15 3217 16 3224 '
92 3238 188 3289 seusun
203 3237 229 3278 su
337 3211 390 3275 90.
415 3211 467 3275 De
499 3212 651 3298 Epistola
688 3211 799 3296 Vipils's'
831 3213 875 3276 ad
897 3213 1093 3299 fistycltisam,
1123 3233 1189 3299 que
1213 3213 1287 3297 ipse
1308 3212 1367 3274 bia

86 3299 226 3350 mmm·
249 3307 404 3394 Capitula
439 3309 688 3390 condemnavit,
726 3307 816 3373 baud
856 3309 945 3374 facta
982 3311 1150 3374 mentione
1185 3311 1366 3374 sententiae

250 3405 391 3471 Concilii
415 3408 533 3491 quinti,
553 3407 624 3492 jam
648 3408 879 3492 proposuimus
901 3429 950 3490 ca,
975 3429 1060 3493 qnae
1082 3407 1168 3474 bene
1187 3409 1307 3472 Petrus
1328 3406 1365 3470 de

248 3507 361 3570 Marce
394 3504 565 3586 observat,
594 3504 824 3590 vidimusque,
848 3507 1078 3570 auctoritatem
1111 3503 1208 3569 Sedis
1231 3505 1365 3590 Aposto-

247 3603 332 3668 licae
356 3600 517 3685 Vigilium
541 3603 707 3666 incudem
723 3623 846 3686 magna
860 3625 937 3667 cnm
950 3603 1127 3690 prudentie
1149 3603 1246 3668 tueri.
1272 3599 1365 3682 Quod

248 3699 293 3765 ad
320 3699 529 3766 Comtitutum
561 3700 728 3765 seouadwn
757 3703 889 3782 attinet,
913 3699 996 3765 baec
1018 3700 1283 3766 animadvertere
1305 3698 1365 3764 suf·

15 3229 17 3284 l

15 3289 17 3396 l

15 3779 21 3856 i
249 3799 329 3863 licit.
378 3798 489 3878 Quum
513 3799 548 3860 in
571 3797 671 3862 rebus
693 3797 887 3862 difficilibus
911 3819 953 3862 ac
979 3797 1091 3863 dubiis
1113 3797 1267 3864 voluntas
1290 3797 1365 3862 mul·
1434 3781 1435 3850 l

15 3859 21 4118 k
249 3907 319 3960 tum
331 3895 451 3959 influat
466 3895 501 3958 in
508 3894 687 3980 judicium,
706 3894 855 3980 illudque
869 3897 948 3960 setis
965 3898 1063 3982 proni
1079 3897 1181 3962 simus
1194 3895 1365 3961 admittere

250 4004 283 4058 et
304 4003 427 4075 tenere,
453 3993 542 4078 quod
576 3995 683 4078 magis
705 3991 801 4058 nobis
825 3993 941 4079 placet,
967 4015 1006 4058 eo
1029 3993 1193 4060 adductus
1216 4004 1264 4058 est
1286 3993 1364 4059 Pon·

15 4119 19 4176 g
250 4090 352 4172 tifex,
377 4112 479 4177 quum
503 4093 665 4174 angustiis
689 4091 914 4156 circumdatus
938 4114 977 4156 ea
1010 4113 1095 4178 quae
1125 4094 1188 4156 tria
1216 4088 1363 4177 Capitale
1434 4085 1435 4110 ¹

251 4197 401 4270 spectant
423 4187 563 4251 sollicita
591 4198 702 4253 mente
724 4189 950 4274 pervolveret,
974 4199 1012 4254 et
1043 4191 1262 4270 existimaret,
1286 4187 1361 4252 Ibae
