2810 4846
198 441 201 450 ’
271 473 322 528 use
657 469 697 524 ue
715 469 833 524 conum
851 467 993 537 upsasno.
1380 481 1381 552 ,

270 613 373 700 regali
394 613 567 680 Ecclesiae
590 613 772 678 sacerdotio
795 615 920 698 regiam
948 633 1077 698 quoque
1101 613 1346 699 magnificentiam
1380 591 1381 662 l

270 712 371 779 fluisse
402 712 622 798 conjunctam.
670 709 763 791 Quae
795 712 882 774 enim
906 710 949 775 ab
973 710 1105 775 ethnico
1130 714 1274 798 scriptore
1295 732 1346 774 cur·

270 819 402 896 puntur,
438 831 541 895 aeque
575 808 617 873 ab
651 808 825 872 haereticis
859 809 1096 872 recentioribus
1131 811 1242 875 canino
1271 809 1348 872 deute

270 907 431 975 rabiosius
465 906 697 988 corroduntur,
734 905 924 992 isthaecque
958 905 1000 970 ab
1036 906 1211 971 Ammiano
1242 908 1349 992 scripta,

270 1005 363 1070 velut
393 1026 411 1068 e
441 1004 554 1068 divino
588 1003 719 1068 oraculo
750 1004 882 1089 prodita
911 1005 946 1068 in
978 1004 1162 1068 &manum
1193 1003 1349 1067 Ecclesiam

196 1139 204 1156 ·
270 1102 480 1188 exprobrant,
505 1103 640 1165 minime
651 1102 906 1182 considerantes,
929 1103 1099 1186 antiquam
1123 1123 1195 1165 essa
1214 1100 1290 1164 hauc
1309 1121 1348 1162 ca·

270 1201 430 1266 lumniam
454 1199 496 1264 ab
529 1198 670 1264 ethnicis
693 1201 728 1263 in
753 1197 959 1264 Christianos
989 1220 1102 1264 omnes
1135 1199 1262 1279 illatam,
1284 1219 1351 1276 curu,
1380 1195 1381 1248 l

271 1307 308 1362 ut
330 1299 377 1362 ait
390 1295 612 1361 Tertullianus
619 1294 653 1381 ¹),
663 1296 819 1382 prodique
831 1319 936 1360 eorum
950 1317 1062 1360 coenos
1073 1297 1267 1381 sugillarunt,
1287 1315 1353 1380 quae

271 1416 347 1461 cum
371 1417 391 1458 a
406 1394 565 1460 charitate
577 1395 701 1458 fuerint
714 1415 839 1479 agapae
854 1393 1094 1474 denominatae,
1119 1395 1353 1478 paucasque,
1380 1385 1381 1422 l

271 1493 388 1578 iuquit,
413 1491 585 1577 sumptibus
600 1501 749 1570 comunt,
766 1490 886 1555 lacrum
909 1501 963 1570 eat,
980 1492 1116 1577 pieta-tie
1134 1493 1253 1554 uorans
1266 1489 1355 1576 socero

270 1600 420 1676 sumptura,
444 1589 608 1674 siquidem
631 1610 673 1652 ex
696 1590 744 1652 eis
776 1591 875 1653 etiam
907 1591 1022 1674 inopes
1048 1588 1276 1673 pascebantur:
1297 1606 1354 1650 cun

271 1687 419 1773 alioquin
441 1686 543 1751 iidem
566 1686 769 1772 frequentius
788 1687 941 1773 jejunare
965 1685 1105 1750 solerent
1128 1709 1170 1750 ac
1183 1685 1295 1750 Romae
1314 1703 1355 1768 po·
1380 1709 1381 1790 p

272 1786 453 1867 tissimum,
477 1783 535 1848 ubi
559 1785 664 1848 tribus
689 1783 806 1849 dicbus
836 1783 1013 1870 cujuslibet
1034 1783 1259 1847 hebdomadae
1279 1784 1381 1844 totiusl

271 1884 361 1965 anni,
386 1891 523 1967 excepto
546 1891 693 1967 tempore
707 1881 1019 1968 Quinquagesimae,
1045 1879 1246 1945 Christianos
1267 1897 1358 1944 omues

267 1981 420 2068 jejunare
444 1980 663 2061 consuevisse,
679 1979 713 2045 S.
728 1979 935 2066 Augustinus
958 1979 1001 2044 ad
1013 1977 1215 2043 Casulanum
1237 1978 1358 2042 scribens

273 2078 402 2143 disertis
425 2076 536 2141 verbis
558 2077 734 2143 affirmat.“

362 2175 392 2240 8.
418 2173 505 2258 „Sed
527 2175 615 2260 quod
644 2176 691 2239 ait
713 2174 910 2240 Ammianus
937 2174 979 2238 de
1008 2173 1246 2260 profusioribus
1266 2169 1358 2256 epulis

273 2271 549 2339 considerandum
579 2282 636 2354 est,
670 2293 770 2336 causa
793 2281 940 2356 urgente,
972 2271 1139 2336 interdum
1166 2268 1358 2335 sanctissimos

272 2373 361 2435 viros
392 2371 499 2454 regias
532 2391 650 2434 coenas
673 2391 790 2455 parare
811 2369 932 2436 solitos.
978 2369 1031 2433 De
1059 2379 1175 2434 sancto
1199 2369 1279 2432 enim
1300 2365 1359 2426 Aru·

272 2468 381 2533 brosio
404 2475 541 2531 testatus
563 2475 612 2530 est
634 2467 830 2532 Vincentius
852 2468 889 2532 P.
913 2468 1080 2532 Praetorio
1109 2467 1146 2530 in
1170 2463 1271 2530 Gallis
1290 2457 1360 2545 apud

272 2575 424 2631 sanctum
447 2563 668 2650 Martinuma),
692 2567 800 2651 ipsum
824 2573 976 2649 agentem
999 2563 1276 2629 Mediolanensem
1295 2559 1359 2642 spis·

272 2685 393 2750 eopum
416 2664 626 2727 consuevisse
642 2662 798 2728 exhibere
822 2664 977 2727 convivia
991 2661 1169 2748 praefectis
1192 2670 1284 2746 atque
1302 2675 1359 2719 con·

272 2761 408 2842 salibus,
433 2770 465 2824 et
487 2759 611 2846 absque
628 2759 729 2824 dubio
745 2760 846 2845 digno
860 2759 1214 2825 invitatishominibus
1236 2761 1358 2838 sumplut

274 2881 349 2925 cum
383 2867 494 2922 tamen
528 2856 618 2921 haud
653 2859 722 2944 ipse
755 2857 953 2923 Ambrosius
988 2857 1206 2943 voluptuosus
1228 2861 1302 2919 esmt
1319 2845 1381 2936 seli

268 2956 421 3044 jejunare
455 2957 736 3042 praetermitteret,
773 2955 814 3020 de
848 2977 914 3041 quo
936 2954 1095 3020 Paulinus
1130 2954 1248 3034 tradit,
1279 2947 1381 3034 quoti,

274 3055 373 3120 diano
402 3053 530 3140 jejunio
566 3075 683 3139 corpus
717 3054 892 3119 attrivisse.
951 3052 1019 3134 Gai,
1054 3055 1174 3138 iuquit,
1204 3041 1360 3138 prurudutll

271 3175 430 3236 uunquam
452 3151 639 3215 omasuetudo
655 3150 737 3236 fuit,
759 3153 826 3215 ruisi
846 3150 977 3215 sabbato
1001 3161 1030 3214 et
1053 3149 1225 3224 domimica,
1248 3144 1290 3212 uel
1309 3161 1360 3206 osu

270 3251 417 3317 natilitio
444 3249 711 3312 celeberrimorum
743 3259 916 3336 martyrum
950 3259 1060 3313 esseut.
1108 3247 1231 3333 Sicque
1265 3249 1381 3318 seem,

272 3349 353 3414 dum
382 3347 465 3412 illud
487 3345 655 3432 Apostoli:
687 3344 758 3410 Scio
782 3345 954 3426 uboudma
979 3357 1008 3410 et
1030 3348 1094 3410 scio
1112 3345 1280 3432 pmurious
1293 3337 1381 3424 poli..

273 3445 455 3532 Apostolici
493 3465 622 3529 quoque
651 3445 730 3526 viri,
766 3453 802 3507 ut
830 3443 1024 3509 Ambrosius
1067 3451 1168 3528 atque
1208 3441 1359 3506 Damasus.

273 3546 321 3608 ita
343 3551 508 3608 noverunt
535 3543 625 3606 vitae
655 3543 843 3606 institutum
877 3551 1105 3627 attemperare,
1129 3549 1167 3604 ut
1185 3541 1278 3626 juxta
1297 3533 1359 3617 ejus-

276 3641 351 3706 dem
375 3639 525 3726 Apostoli
548 3642 744 3704 seutentiam
767 3641 838 3704 sive
862 3639 1111 3716 manducarent,
1129 3639 1271 3702 Domino
1291 3649 1361 3696 man·

275 3740 446 3819 ducerent,
470 3739 540 3803 sive
564 3759 630 3803 non
651 3739 899 3821 manducarent,
914 3758 1019 3823 aeque
1037 3737 1175 3801 Domini
1199 3755 1292 3798 causa
1311 3745 1362 3790 non
1380 3689 1381 3780 l

274 3837 522 3917 manducarent,
548 3839 733 3922 omniaque,
767 3837 901 3900 caritate
920 3835 1070 3921 jubente,
1094 3834 1230 3898 arbitrio
1253 3828 1363 3914 spiritus

273 3936 430 4020 agerent“
438 3933 473 4019 ⁸).
487 3933 630 3998 —Obiit
638 3933 670 3999 S.
681 3935 847 3998 Damasus
855 3933 1009 3998 Pontifex
1021 3953 1109 3996 anuo
1121 3931 1186 3996 384
1198 3931 1288 3994 tertio
1301 3923 1363 3987 Idus
1380 3969 1381 4042 ,

351 4103 629 4173 ¹)Apolog.n.134.
879 4099 1236 4169 ²¹)Sulpit.Severusniat
1257 4099 1277 4150 1.

350 4184 371 4248 ⁸)
389 4182 431 4235 Ad
458 4196 543 4236 mores
568 4181 639 4236 illius
667 4181 766 4234 aetatis
791 4181 934 4236 noscendas
962 4180 1044 4234 etiam
1072 4180 1213 4234 conferunt
1239 4177 1287 4240 illa
1309 4149 1381 4244 quael

278 4259 306 4313 in
321 4259 495 4314 Praelatione
513 4259 596 4315 libelli
606 4259 755 4315 Marcellini
773 4266 802 4315 et
811 4259 937 4314 Faustini
954 4259 1096 4329 leguntur:
1129 4259 1215 4326 „Quos
1239 4255 1381 4344 (eplwlffi,
