2876 4814
489 487 733 556 Defiflyprlano.
1139 493 1196 549 tw

84 645 192 698 eom
211 634 291 698 lens
312 633 396 718 eopit
418 643 568 711 renam,
592 655 656 697 non
673 645 806 720 propter
821 635 1006 720 'eloquentum
1026 637 1197 700 novitatem

85 754 137 796 aee
161 741 296 816 propter
326 730 498 807 mosim,
529 741 564 793 at
586 755 669 796 smne
700 732 851 796 aduam
873 757 942 797 eam
972 733 1081 796 rabidi
1104 757 1197 801 coms

84 827 241 904 simlmt,
264 827 321 892 aad
343 829 418 912 pisia
440 827 574 913 pluriam
588 827 781 914 eloquentiae
798 835 865 919 ejas
888 841 918 893 et
940 831 1089 894 aemonae
1104 831 1195 916 ferne

84 949 143 990 aon
160 935 315 1010 poteram
337 934 368 989 et
389 923 449 988 illo
471 925 598 989 docente
622 949 726 990 omnes
748 929 827 992 mad
844 925 1083 1013 putabam).
1110 927 1196 1007 Quo-

86 1021 178 1088 modo
199 1043 254 1088 res
276 1043 312 1088 se
335 1021 513 1088 habuerint
529 1023 784 1108 jamdioamus.

169 1121 201 1186 8.
224 1119 350 1186 Audax
372 1119 503 1186 lacinus
517 1120 733 1186 mutilationis
748 1121 911 1206 Origenes
933 1122 1043 1186 adhue
1061 1123 1197 1207 juvenis

85 1221 116 1282 in
146 1220 295 1304 seipsum
326 1217 514 1299 admiserat,
548 1218 633 1282 male
665 1221 818 1304 capiens,
852 1229 890 1282 ut
920 1219 1060 1302 dieitur,
1094 1219 1197 1284 verba

85 1315 202 1382 Christi
227 1315 319 1400 apud
334 1314 452 1382 Matth.
471 1315 556 1380 XIX
580 1317 621 1380 de
643 1316 807 1381 eunuchis
829 1319 886 1402 qui
910 1339 945 1381 se
968 1319 1056 1403 ipsos
1078 1327 1197 1382 eastra·

85 1427 199 1480 venat
232 1423 367 1499 propter
397 1434 536 1496 regnum
560 1414 636 1480 Dei.
683 1415 816 1496 Ferunt,
851 1435 926 1478 eum
959 1415 1103 1480 voluisse
1134 1414 1197 1479 bae

84 1513 206 1578 ratione
230 1512 400 1576 securitati
423 1531 503 1578 suae
521 1511 696 1597 providere
711 1512 765 1576 vel
787 1513 909 1576 lamam
934 1514 1032 1576 tutari
1056 1535 1077 1575 a
1101 1511 1197 1576 male·

84 1609 238 1688 dieenth,
272 1629 374 1693 quum
406 1608 537 1674 sebolae
560 1609 807 1674 Alexandrinae
840 1611 1025 1695 praefectus
1057 1619 1091 1673 et
1116 1611 1198 1674 viris

86 1719 115 1768 et
151 1705 349 1770 mulieribus
386 1715 560 1791 praecepta
598 1707 675 1771 fidei
715 1708 874 1790 traderet3
917 1708 974 1772 sed
998 1707 1032 1770 id
1068 1709 1198 1772 lacinus

85 1815 192 1888 postea
240 1805 276 1868 in
307 1802 559 1868 Commentariis
595 1807 630 1868 in
667 1805 701 1870 S.
747 1804 951 1868 Matthaeum
988 1805 1197 1889 improbavit.

85 1903 228 1968 Pmluit
262 1903 361 1984 igitur
392 1903 462 1986 ipse
494 1911 531 1966 ut
562 1902 666 1967 laions
699 1901 810 1966 multis
842 1904 938 1966 annis
961 1900 1091 1966 scholae
1115 1911 1198 1966 eate-

85 1997 228 2064 ehetieae
263 1998 520 2080 Alexandrinae,
553 2023 593 2064 ae
625 1999 768 2085 plurima
801 2000 845 2064 ibi
872 2001 1066 2085 conseripsit
1088 2019 1198 2085 opera.

85 2097 215 2162 Praeter
245 2096 317 2182 ejus
341 2097 584 2170 Commentario
614 2100 649 2161 in
680 2119 796 2162 omnes
817 2102 851 2162 S.
876 2097 1064 2184 Scripturas
1087 2096 1197 2179 libros,

85 2195 215 2281 ejusque
240 2217 324 2282 opas
337 2195 387 2258 De
405 2196 596 2281 prineipiia,
621 2194 833 2260 celeberrima
857 2207 907 2259 est
928 2197 1032 2281 ipsius
1055 2195 1199 2280 Scriptu-

87 2315 188 2358 rarnm
212 2291 319 2358 editio
348 2293 499 2379 Tetraplo
523 2303 555 2356 et
579 2291 741 2378 Honaplo.
775 2293 1007 2357 vastissimum
1031 2292 1095 2357 hoo
1117 2313 1200 2378 opus

87 2391 325 2476 quinquaginta
357 2389 582 2456 volumInibue
614 2401 805 2454 contentum
839 2402 911 2476 post
943 2413 1046 2454 annos
1077 2391 1197 2474 viginti

89 2487 243 2570 absolvit3
277 2489 311 2552 in
345 2487 546 2553 bibliotheca
568 2488 734 2573 Pamphili
767 2487 992 2552 Alexandriae
1015 2488 1199 2572 depositum

90 2585 243 2672 inhujus
267 2586 359 2650 urbis
381 2609 440 2671 per
462 2586 644 2650 Saracenos
668 2588 852 2650 vastatione
875 2587 1010 2670 periisse
1033 2587 1146 2651 femur.

170 2685 202 2750 9.
229 2684 355 2748 Versus
376 2705 502 2749 annum
526 2685 591 2748 228
616 2685 777 2767 Origenes
806 2683 849 2748 ad
873 2683 1029 2746 ecelesias
1052 2681 1200 2746 Achaiae
1252 2712 1338 2754 non..

90 2779 248 2866 legatione
271 2782 414 2862 functus,
448 2781 635 2866 petentibus
664 2780 852 2846 Theoetisto
887 2779 1067 2844 Caesareae
1090 2777 1201 2843 Palae-

89 2880 204 2960 stinae,
235 2889 269 2944 et
292 2879 483 2946 Alexandro
511 2878 812 2962 Hierosolymorum
833 2879 1004 2964 episeopis,
1028 2879 1065 2939 in
1087 2897 1200 2940 eorum

90 2976 242 3058 eeclesiis,
267 2977 420 3062 quamvis
443 2976 546 3041 laicus
569 2987 663 3058 esset,
687 2977 900 3040 ooneionatns
924 2985 982 3039 est.
1028 2974 1067 3038 Id
1089 2972 1201 3058 displi-

91 3077 155 3138 cuit
185 3077 305 3140 marito
328 3073 499 3140 Demetrio
523 3073 760 3144 Alexandrino.
807 3073 872 3138 Sed
896 3083 1065 3158 praeterea
1088 3071 1201 3154 Orige-

91 3191 144 3234 nes
172 3197 194 3236 a
227 3171 427 3252 Theaetiato,
459 3171 666 3257 approbante
689 3171 890 3251 Alexandro,
924 3170 985 3234 sub
1015 3170 1200 3232 testimonio
1256 3213 1262 3220 ·

91 3269 327 3334 Matinae
359 3270 516 3354 epistolae
548 3291 649 3355 qnam
671 3271 702 3332 ei
735 3269 871 3333 dederat
892 3269 1091 3347 Demetrius,
1114 3287 1201 3351 pres-

93 3363 180 3448 byter
212 3367 384 3432 ordinatus
417 3378 475 3434 est.
522 3366 596 3430 Tali
628 3375 738 3431 autem
771 3365 977 3430 ordinatione
1005 3385 1146 3428 canones
1169 3374 1202 3427 et

92 3462 263 3551 disciplina
285 3464 456 3530 Eeelesiae
479 3463 656 3549 dupliciter
679 3463 897 3544 violabantur,
922 3473 994 3528 tum
1017 3461 1139 3549 quodj

91 3561 256 3628 Ordinarii
281 3570 555 3647 postponerentur
577 3572 609 3625 et
641 3561 685 3625 ab
707 3571 864 3624 extraneo
889 3561 1050 3644 Origenes
1073 3558 1201 3623 ordina·

92 3669 185 3740 mter,
208 3671 281 3724 tum
306 3659 394 3745 quod
418 3658 580 3724 mutilatio
611 3659 682 3744 ejus
712 3658 899 3723 voluntaria
928 3657 1200 3743 impedimentum

92 3759 283 3822 eanonicam
308 3759 529 3822 constitueret
559 3757 641 3820 lure
664 3757 766 3840 igitur
787 3754 850 3819 hoe
871 3756 997 3820 factum
1021 3755 1201 3838 aegerrime

93 3853 161 3918 tulit
192 3856 383 3920 Demetrius
416 3853 639 3918 Alexandriae
667 3855 855 3938 episeopus.
903 3853 979 3916 Alia
1007 3853 1106 3916 etiam
1131 3869 1201 3935 gra·

95 3951 181 4016 viora
203 3954 329 4016 motiva
351 3952 394 4017 de
413 3951 557 4035 Origene
581 3951 804 4037 conquerendi
829 3952 890 4035 ipsi
916 3961 1009 4014 erant
1031 3949 1202 4013 doetrinae

94 4053 291 4132 hnmanae,
315 4071 400 4136 qnae
423 4049 695 4114 instructionibus
717 4050 785 4112 suis
808 4059 961 4112 oretenus
984 4047 1081 4112 saetis
1104 4047 1200 4112 modo

96 4181 229 4194 'mu-—

164 4247 184 4312 ι)
199 4245 243 4300 Ad
261 4243 375 4302 Paulam
393 4261 434 4312 ap.
454 4243 582 4301 XXXIII.
