<?xml version="1.0" encoding="UTF-8"?>
<!DOCTYPE html PUBLIC "-//W3C//DTD XHTML 1.0 Transitional//EN"
    "http://www.w3.org/TR/xhtml1/DTD/xhtml1-transitional.dtd">
<html xmlns="http://www.w3.org/1999/xhtml" xml:lang="en" lang="en">
 <head>
  <title>
</title>
<meta http-equiv="Content-Type" content="text/html;charset=utf-8" />
  <meta name='ocr-system' content='tesseract 3.04.00' />
  <meta name='ocr-capabilities' content='ocr_page ocr_carea ocr_par ocr_line ocrx_word'/>
</head>
<body>
  <div class='ocr_page' id='page_1' title='image "./dissertationess02junggoog_0233.png"; bbox 0 0 2876 4814; ppageno 0'>
   <div class='ocr_carea' id='block_1_1' title="bbox 239 464 1020 540">
    <p class='ocr_par' dir='ltr' id='par_1_1' title="bbox 239 464 1020 540">
     <span class='ocr_line' id='line_1_1' title="bbox 239 464 1020 540; baseline 0.008 -20"><span class='ocrx_word' id='word_1_1' title='bbox 239 464 292 520; x_wconf 61' lang='lat' dir='ltr'><strong>nt</strong></span> <span class='ocrx_word' id='word_1_2' title='bbox 575 465 615 524; x_wconf 86' lang='lat' dir='ltr'><strong>De</strong></span> <span class='ocrx_word' id='word_1_3' title='bbox 633 469 720 538; x_wconf 81' lang='lat' dir='ltr'>Opere</span> <span class='ocrx_word' id='word_1_4' title='bbox 737 465 1020 540; x_wconf 84' lang='lat' dir='ltr'><strong>Philosophoumenon.</strong></span> 
     </span>
    </p>
   </div>
   <div class='ocr_carea' id='block_1_2' title="bbox 237 613 1431 1190">
    <p class='ocr_par' dir='ltr' id='par_1_2' title="bbox 237 613 1431 1190">
     <span class='ocr_line' id='line_1_2' title="bbox 240 613 1360 698; baseline 0.007 -24"><span class='ocrx_word' id='word_1_5' title='bbox 240 633 307 676; x_wconf 89' lang='lat' dir='ltr'><strong>non</strong></span> <span class='ocrx_word' id='word_1_6' title='bbox 330 613 498 698; x_wconf 78' lang='lat' dir='ltr'><strong>numerica</strong></span> <span class='ocrx_word' id='word_1_7' title='bbox 522 615 620 680; x_wconf 88' lang='lat' dir='ltr'><strong>unius</strong></span> <span class='ocrx_word' id='word_1_8' title='bbox 644 637 720 680; x_wconf 87' lang='lat' dir='ltr'><strong>eum</strong></span> <span class='ocrx_word' id='word_1_9' title='bbox 734 616 832 680; x_wconf 88' lang='lat' dir='ltr'><strong>Patre</strong></span> <span class='ocrx_word' id='word_1_10' title='bbox 855 616 1068 682; x_wconf 86' lang='lat' dir='ltr'><strong>substantiae.</strong></span> <span class='ocrx_word' id='word_1_11' title='bbox 1093 613 1149 682; x_wconf 85' lang='lat' dir='ltr'><strong>Sic</strong></span> <span class='ocrx_word' id='word_1_12' title='bbox 1172 617 1285 683; x_wconf 82' lang='lat' dir='ltr'><strong>unitas</strong></span> <span class='ocrx_word' id='word_1_13' title='bbox 1294 615 1360 684; x_wconf 88' lang='lat' dir='ltr'><strong>Dei</strong></span> 
     </span>
     <span class='ocr_line' id='line_1_3' title="bbox 240 709 1361 800; baseline 0.007 -28"><span class='ocrx_word' id='word_1_14' title='bbox 240 709 346 796; x_wconf 64' lang='lat' dir='ltr'><strong>lupico,</strong></span> <span class='ocrx_word' id='word_1_15' title='bbox 357 710 502 796; x_wconf 87' lang='lat' dir='ltr'><strong>quidem,</strong></span> <span class='ocrx_word' id='word_1_16' title='bbox 522 711 579 776; x_wconf 91' lang='lat' dir='ltr'><strong>sed</strong></span> <span class='ocrx_word' id='word_1_17' title='bbox 588 735 653 777; x_wconf 82' lang='lat' dir='ltr'><strong>aaa</strong></span> <span class='ocrx_word' id='word_1_18' title='bbox 667 713 766 778; x_wconf 80' lang='lat' dir='ltr'><strong>realis</strong></span> <span class='ocrx_word' id='word_1_19' title='bbox 782 723 875 780; x_wconf 83' lang='lat' dir='ltr'><strong>esset.</strong></span> <span class='ocrx_word' id='word_1_20' title='bbox 917 713 1030 795; x_wconf 81' lang='lat' dir='ltr'><strong>Quum</strong></span> <span class='ocrx_word' id='word_1_21' title='bbox 1046 725 1217 800; x_wconf 83' lang='lat' dir='ltr'><strong>praeterea</strong></span> <span class='ocrx_word' id='word_1_22' title='bbox 1231 717 1361 783; x_wconf 83' lang='lat' dir='ltr'><strong>Auctor</strong></span> 
     </span>
     <span class='ocr_line' id='line_1_4' title="bbox 239 810 1431 896; baseline 0.008 -26"><span class='ocrx_word' id='word_1_23' title='bbox 239 818 407 894; x_wconf 83' lang='lat' dir='ltr'>oppugnet</span> <span class='ocrx_word' id='word_1_24' title='bbox 430 817 520 874; x_wconf 89' lang='lat' dir='ltr'><strong>tanto</strong></span> <span class='ocrx_word' id='word_1_25' title='bbox 544 810 660 875; x_wconf 88' lang='lat' dir='ltr'><strong>ardore</strong></span> <span class='ocrx_word' id='word_1_26' title='bbox 683 813 897 876; x_wconf 81' lang='lat' dir='ltr'>assertionem</span> <span class='ocrx_word' id='word_1_27' title='bbox 921 812 1058 896; x_wconf 80' lang='lat' dir='ltr'><strong>Callisti,</strong></span> <span class='ocrx_word' id='word_1_28' title='bbox 1073 814 1207 878; x_wconf 88' lang='lat' dir='ltr'><strong>Patrem</strong></span> <span class='ocrx_word' id='word_1_29' title='bbox 1230 825 1266 879; x_wconf 82' lang='lat' dir='ltr'><strong>et</strong></span> <span class='ocrx_word' id='word_1_30' title='bbox 1279 815 1359 880; x_wconf 87' lang='lat' dir='ltr'><strong>Ver·</strong></span> <span class='ocrx_word' id='word_1_31' title='bbox 1430 829 1431 832; x_wconf 76' lang='grc'>’</span> 
     </span>
     <span class='ocr_line' id='line_1_5' title="bbox 237 906 1431 997; baseline 0.008 -28"><span class='ocrx_word' id='word_1_32' title='bbox 237 906 317 970; x_wconf 90' lang='lat' dir='ltr'><strong>bum</strong></span> <span class='ocrx_word' id='word_1_33' title='bbox 341 929 411 970; x_wconf 85' lang='lat' dir='ltr'><strong>esse</strong></span> <span class='ocrx_word' id='word_1_34' title='bbox 434 929 538 971; x_wconf 91' lang='lat' dir='ltr'><strong>unum</strong></span> <span class='ocrx_word' id='word_1_35' title='bbox 562 911 724 994; x_wconf 90' lang='lat' dir='ltr'><strong>spiritum,</strong></span> <span class='ocrx_word' id='word_1_36' title='bbox 757 910 939 997; x_wconf 88' lang='lat' dir='ltr'><strong>etreliqua</strong></span> <span class='ocrx_word' id='word_1_37' title='bbox 971 911 1092 996; x_wconf 90' lang='lat' dir='ltr'><strong>quibus</strong></span> <span class='ocrx_word' id='word_1_38' title='bbox 1115 915 1282 978; x_wconf 85' lang='lat' dir='ltr'><strong>unitatem</strong></span> <span class='ocrx_word' id='word_1_39' title='bbox 1305 937 1359 978; x_wconf 86' lang='lat' dir='ltr'><strong>na-</strong></span> <span class='ocrx_word' id='word_1_40' title='bbox 1430 951 1431 962; x_wconf 40' lang='grc' dir='ltr'>ι</span> 
     </span>
     <span class='ocr_line' id='line_1_6' title="bbox 237 1004 1359 1092; baseline 0.007 -24"><span class='ocrx_word' id='word_1_41' title='bbox 237 1015 330 1069; x_wconf 74' lang='lat' dir='ltr'><strong>tinae</strong></span> <span class='ocrx_word' id='word_1_42' title='bbox 363 1004 518 1070; x_wconf 79' lang='lat' dir='ltr'><strong>Callistus</strong></span> <span class='ocrx_word' id='word_1_43' title='bbox 549 1007 759 1090; x_wconf 80' lang='lat' dir='ltr'><strong>adstruebat,</strong></span> <span class='ocrx_word' id='word_1_44' title='bbox 793 1011 1036 1092; x_wconf 82' lang='lat' dir='ltr'><strong>existimamus,</strong></span> <span class='ocrx_word' id='word_1_45' title='bbox 1068 1009 1159 1074; x_wconf 89' lang='lat' dir='ltr'><strong>hand</strong></span> <span class='ocrx_word' id='word_1_46' title='bbox 1192 1012 1359 1076; x_wconf 85' lang='lat' dir='ltr'><strong>immerito</strong></span> 
     </span>
     <span class='ocr_line' id='line_1_7' title="bbox 237 1103 1431 1190; baseline 0.008 -24"><span class='ocrx_word' id='word_1_47' title='bbox 237 1103 417 1167; x_wconf 75' lang='lat' dir='ltr'><strong>Auctorem</strong></span> <span class='ocrx_word' id='word_1_48' title='bbox 439 1104 785 1190; x_wconf 89' lang='lat' dir='ltr'><strong>Philosophoumenon</strong></span> <span class='ocrx_word' id='word_1_49' title='bbox 818 1106 987 1171; x_wconf 90' lang='lat' dir='ltr'><strong>ditheismi</strong></span> <span class='ocrx_word' id='word_1_50' title='bbox 1020 1117 1212 1172; x_wconf 84' lang='lat' dir='ltr'><strong>accusatum</strong></span> <span class='ocrx_word' id='word_1_51' title='bbox 1246 1109 1359 1176; x_wconf 84' lang='lat' dir='ltr'><strong>fuisse.</strong></span> <span class='ocrx_word' id='word_1_52' title='bbox 1430 1161 1431 1188; x_wconf 81' lang='lat'><strong>,</strong></span> 
     </span>
    </p>
   </div>
   <div class='ocr_carea' id='block_1_3' title="bbox 296 1413 1303 1616">
    <p class='ocr_par' dir='ltr' id='par_1_3' title="bbox 296 1413 1303 1616">
     <span class='ocr_line' id='line_1_8' title="bbox 769 1413 824 1478; baseline -0.018 0"><span class='ocrx_word' id='word_1_53' title='bbox 769 1413 824 1478; x_wconf 86' lang='lat' dir='ltr'><strong>V.</strong></span> 
     </span>
     <span class='ocr_line' id='line_1_9' title="bbox 296 1535 1303 1616; baseline 0.005 -17"><span class='ocrx_word' id='word_1_54' title='bbox 296 1535 503 1614; x_wconf 63' lang='lat' dir='ltr'><strong>Qatsaam</strong></span> <span class='ocrx_word' id='word_1_55' title='bbox 520 1535 655 1616; x_wconf 71' lang='lat' dir='ltr'><strong>fuer-tt</strong></span> <span class='ocrx_word' id='word_1_56' title='bbox 676 1535 831 1600; x_wconf 78' lang='lat' dir='ltr'><strong>Auctor</strong></span> <span class='ocrx_word' id='word_1_57' title='bbox 854 1537 1303 1616; x_wconf 72' lang='lat' dir='ltr'><strong>Pauoaopuoomeama</strong></span> 
     </span>
    </p>
   </div>
   <div class='ocr_carea' id='block_1_4' title="bbox 84 1675 1431 3819">
    <p class='ocr_par' dir='ltr' id='par_1_4' title="bbox 84 1675 1431 2054">
     <span class='ocr_line' id='line_1_10' title="bbox 84 1675 1431 1788; baseline 0 -48"><span class='ocrx_word' id='word_1_58' title='bbox 84 1683 145 1786; x_wconf 52' lang='grc' dir='ltr'>Ἢ</span> <span class='ocrx_word' id='word_1_59' title='bbox 126 1683 181 1784; x_wconf 55' lang='lat'>{⁰¹¹⁰</span> <span class='ocrx_word' id='word_1_60' title='bbox 182 1682 212 1723; x_wconf 81' lang='lat' dir='ltr'><strong>a</strong></span> <span class='ocrx_word' id='word_1_61' title='bbox 325 1675 378 1740; x_wconf 81' lang='lat'><strong>65.</strong></span> <span class='ocrx_word' id='word_1_62' title='bbox 402 1675 516 1741; x_wconf 88' lang='lat' dir='ltr'><strong>Restat</strong></span> <span class='ocrx_word' id='word_1_63' title='bbox 552 1675 771 1760; x_wconf 83' lang='lat' dir='ltr'><strong>expendenda</strong></span> <span class='ocrx_word' id='word_1_64' title='bbox 803 1678 950 1788; x_wconf 86' lang='lat' dir='ltr'><strong>quaestio</strong></span> <span class='ocrx_word' id='word_1_65' title='bbox 984 1677 1082 1742; x_wconf 88' lang='lat' dir='ltr'><strong>valde</strong></span> <span class='ocrx_word' id='word_1_66' title='bbox 1115 1677 1291 1764; x_wconf 85' lang='lat' dir='ltr'><strong>implicata</strong></span> <span class='ocrx_word' id='word_1_67' title='bbox 1320 1680 1360 1743; x_wconf 91' lang='lat' dir='ltr'><strong>de</strong></span> <span class='ocrx_word' id='word_1_68' title='bbox 1430 1675 1431 1740; x_wconf 83' lang='lat' dir='ltr'><strong>l</strong></span> 
     </span>
     <span class='ocr_line' id='line_1_11' title="bbox 147 1745 1360 1863; baseline 0 -23"><span class='ocrx_word' id='word_1_69' title='bbox 147 1745 370 1840; x_wconf 65' lang='lat' dir='ltr'><strong>tor&#39;stratore</strong></span> <span class='ocrx_word' id='word_1_70' title='bbox 393 1773 757 1860; x_wconf 85' lang='lat' dir='ltr'><strong>Philosophoumonou3</strong></span> <span class='ocrx_word' id='word_1_71' title='bbox 791 1775 855 1838; x_wconf 89' lang='lat' dir='ltr'><strong>viri</strong></span> <span class='ocrx_word' id='word_1_72' title='bbox 884 1776 972 1840; x_wconf 92' lang='lat' dir='ltr'><strong>enim</strong></span> <span class='ocrx_word' id='word_1_73' title='bbox 997 1775 1117 1839; x_wconf 89' lang='lat' dir='ltr'><strong>eruditi</strong></span> <span class='ocrx_word' id='word_1_74' title='bbox 1142 1775 1222 1840; x_wconf 90' lang='lat' dir='ltr'><strong>dum</strong></span> <span class='ocrx_word' id='word_1_75' title='bbox 1246 1778 1360 1863; x_wconf 84' lang='lat' dir='ltr'><strong>explo</strong></span> 
     </span>
     <span class='ocr_line' id='line_1_12' title="bbox 235 1870 1360 1957; baseline -0.001 -19"><span class='ocrx_word' id='word_1_76' title='bbox 235 1883 319 1956; x_wconf 87' lang='lat' dir='ltr'><strong>rant,</strong></span> <span class='ocrx_word' id='word_1_77' title='bbox 344 1875 476 1937; x_wconf 87' lang='lat' dir='ltr'><strong>cuinam</strong></span> <span class='ocrx_word' id='word_1_78' title='bbox 510 1872 660 1957; x_wconf 80' lang='lat' dir='ltr'><strong>scriptori</strong></span> <span class='ocrx_word' id='word_1_79' title='bbox 693 1870 748 1935; x_wconf 85' lang='lat' dir='ltr'><strong>illa</strong></span> <span class='ocrx_word' id='word_1_80' title='bbox 772 1871 945 1936; x_wconf 82' lang='lat' dir='ltr'><strong>haeresum</strong></span> <span class='ocrx_word' id='word_1_81' title='bbox 973 1872 1154 1937; x_wconf 85' lang='lat' dir='ltr'><strong>confutatio</strong></span> <span class='ocrx_word' id='word_1_82' title='bbox 1179 1874 1360 1939; x_wconf 86' lang='lat' dir='ltr'><strong>tribuenda</strong></span> 
     </span>
     <span class='ocr_line' id='line_1_13' title="bbox 236 1968 894 2054; baseline 0.003 -20"><span class='ocrx_word' id='word_1_83' title='bbox 236 1973 288 2054; x_wconf 86' lang='lat' dir='ltr'><strong>sit,</strong></span> <span class='ocrx_word' id='word_1_84' title='bbox 312 1973 457 2036; x_wconf 86' lang='lat' dir='ltr'><strong>maxime</strong></span> <span class='ocrx_word' id='word_1_85' title='bbox 482 1971 567 2034; x_wconf 92' lang='lat' dir='ltr'><strong>inter</strong></span> <span class='ocrx_word' id='word_1_86' title='bbox 591 1991 661 2034; x_wconf 90' lang='lat' dir='ltr'><strong>sese</strong></span> <span class='ocrx_word' id='word_1_87' title='bbox 686 1968 894 2036; x_wconf 84' lang='lat' dir='ltr'><strong>dissentiunt.</strong></span> 
     </span>
    </p>

    <p class='ocr_par' dir='ltr' id='par_1_5' title="bbox 235 2067 1359 2641">
     <span class='ocr_line' id='line_1_14' title="bbox 325 2067 1358 2156; baseline 0 -22"><span class='ocrx_word' id='word_1_88' title='bbox 325 2068 409 2134; x_wconf 91' lang='lat' dir='ltr'><strong>Ori</strong></span> <span class='ocrx_word' id='word_1_89' title='bbox 423 2068 542 2151; x_wconf 84' lang='lat' dir='ltr'><strong>geni</strong></span> <span class='ocrx_word' id='word_1_90' title='bbox 580 2089 662 2154; x_wconf 91' lang='lat' dir='ltr'><strong>opus</strong></span> <span class='ocrx_word' id='word_1_91' title='bbox 698 2067 850 2132; x_wconf 87' lang='lat' dir='ltr'><strong>attribuit</strong></span> <span class='ocrx_word' id='word_1_92' title='bbox 886 2069 923 2133; x_wconf 87' lang='lat' dir='ltr'><strong>E.</strong></span> <span class='ocrx_word' id='word_1_93' title='bbox 966 2069 1091 2147; x_wconf 81' lang='lat' dir='ltr'><strong>Miller,</strong></span> <span class='ocrx_word' id='word_1_94' title='bbox 1129 2071 1185 2154; x_wconf 92' lang='lat' dir='ltr'><strong>qui</strong></span> <span class='ocrx_word' id='word_1_95' title='bbox 1229 2072 1358 2156; x_wconf 88' lang='lat' dir='ltr'><strong>primus</strong></span> 
     </span>
     <span class='ocr_line' id='line_1_15' title="bbox 235 2163 1359 2252; baseline 0.003 -21"><span class='ocrx_word' id='word_1_96' title='bbox 235 2165 557 2252; x_wconf 87' lang='lat' dir='ltr'><strong>Philosophoumena</strong></span> <span class='ocrx_word' id='word_1_97' title='bbox 581 2167 616 2228; x_wconf 92' lang='lat' dir='ltr'><strong>in</strong></span> <span class='ocrx_word' id='word_1_98' title='bbox 638 2163 807 2252; x_wconf 84' lang='lat' dir='ltr'><strong>publicam</strong></span> <span class='ocrx_word' id='word_1_99' title='bbox 835 2166 940 2231; x_wconf 87' lang='lat' dir='ltr'><strong>edidit</strong></span> <span class='ocrx_word' id='word_1_100' title='bbox 971 2166 1098 2248; x_wconf 79' lang='lat' dir='ltr'><strong>luecm3</strong></span> <span class='ocrx_word' id='word_1_101' title='bbox 1132 2167 1204 2252; x_wconf 90' lang='lat' dir='ltr'><strong>ejus</strong></span> <span class='ocrx_word' id='word_1_102' title='bbox 1229 2179 1359 2234; x_wconf 83' lang='lat' dir='ltr'><strong>senten-</strong></span> 
     </span>
     <span class='ocr_line' id='line_1_16' title="bbox 236 2260 1359 2351; baseline 0.004 -25"><span class='ocrx_word' id='word_1_103' title='bbox 236 2266 316 2328; x_wconf 87' lang='lat' dir='ltr'><strong>tiam</strong></span> <span class='ocrx_word' id='word_1_104' title='bbox 348 2263 522 2351; x_wconf 83' lang='lat' dir='ltr'><strong>amplexus</strong></span> <span class='ocrx_word' id='word_1_105' title='bbox 554 2273 602 2327; x_wconf 88' lang='lat' dir='ltr'><strong>est</strong></span> <span class='ocrx_word' id='word_1_106' title='bbox 634 2260 767 2327; x_wconf 81' lang='lat' dir='ltr'><strong>Carolus</strong></span> <span class='ocrx_word' id='word_1_107' title='bbox 790 2263 1034 2351; x_wconf 78' lang='lat' dir='ltr'><strong>Loaormoat¹)3</strong></span> <span class='ocrx_word' id='word_1_108' title='bbox 1075 2274 1107 2328; x_wconf 87' lang='lat' dir='ltr'><strong>et</strong></span> <span class='ocrx_word' id='word_1_109' title='bbox 1138 2262 1234 2328; x_wconf 78' lang='lat' dir='ltr'><strong>Cor-d.</strong></span> <span class='ocrx_word' id='word_1_110' title='bbox 1266 2267 1359 2330; x_wconf 79' lang='lat' dir='ltr'><strong>Pitra</strong></span> 
     </span>
     <span class='ocr_line' id='line_1_17' title="bbox 236 2360 1358 2448; baseline 0.001 -23"><span class='ocrx_word' id='word_1_111' title='bbox 236 2364 269 2426; x_wconf 93' lang='lat' dir='ltr'><strong>in</strong></span> <span class='ocrx_word' id='word_1_112' title='bbox 294 2361 470 2448; x_wconf 84' lang='lat' dir='ltr'><strong>Spieilegio</strong></span> <span class='ocrx_word' id='word_1_113' title='bbox 505 2360 703 2427; x_wconf 83' lang='lat' dir='ltr'><strong>Solesmensi</strong></span> <span class='ocrx_word' id='word_1_114' title='bbox 735 2363 903 2447; x_wconf 84' lang='lat' dir='ltr'><strong>opinatur,</strong></span> <span class='ocrx_word' id='word_1_115' title='bbox 937 2360 1264 2447; x_wconf 84' lang='lat' dir='ltr'><strong>Philosophoumona</strong></span> <span class='ocrx_word' id='word_1_116' title='bbox 1289 2385 1358 2428; x_wconf 84' lang='lat' dir='ltr'><strong>esse</strong></span> 
     </span>
     <span class='ocr_line' id='line_1_18' title="bbox 235 2459 1358 2545; baseline 0 -21"><span class='ocrx_word' id='word_1_117' title='bbox 235 2460 359 2524; x_wconf 88' lang='lat' dir='ltr'><strong>foetum</strong></span> <span class='ocrx_word' id='word_1_118' title='bbox 387 2459 526 2525; x_wconf 85' lang='lat' dir='ltr'><strong>Sebolae</strong></span> <span class='ocrx_word' id='word_1_119' title='bbox 549 2459 781 2544; x_wconf 85' lang='lat' dir='ltr'><strong>Origenianae,</strong></span> <span class='ocrx_word' id='word_1_120' title='bbox 815 2481 873 2523; x_wconf 87' lang='lat' dir='ltr'><strong>seu</strong></span> <span class='ocrx_word' id='word_1_121' title='bbox 896 2459 1073 2544; x_wconf 90' lang='lat' dir='ltr'><strong>abaliquo</strong></span> <span class='ocrx_word' id='word_1_122' title='bbox 1098 2459 1263 2545; x_wconf 82' lang='lat' dir='ltr'><strong>discipulo</strong></span> <span class='ocrx_word' id='word_1_123' title='bbox 1289 2461 1358 2528; x_wconf 89' lang='lat' dir='ltr'><strong>Ori-</strong></span> 
     </span>
     <span class='ocr_line' id='line_1_19' title="bbox 235 2557 705 2641; baseline 0 -19"><span class='ocrx_word' id='word_1_124' title='bbox 235 2559 330 2641; x_wconf 83' lang='lat' dir='ltr'><strong>genis</strong></span> <span class='ocrx_word' id='word_1_125' title='bbox 353 2579 392 2621; x_wconf 86' lang='lat' dir='ltr'><strong>ea</strong></span> <span class='ocrx_word' id='word_1_126' title='bbox 416 2579 486 2622; x_wconf 89' lang='lat' dir='ltr'><strong>esse</strong></span> <span class='ocrx_word' id='word_1_127' title='bbox 510 2557 705 2641; x_wconf 87' lang='lat' dir='ltr'><strong>conscripta.</strong></span> 
     </span>
    </p>

    <p class='ocr_par' dir='ltr' id='par_1_6' title="bbox 237 2654 1358 2839">
     <span class='ocr_line' id='line_1_20' title="bbox 326 2654 1356 2742; baseline 0.001 -23"><span class='ocrx_word' id='word_1_128' title='bbox 326 2654 445 2721; x_wconf 90' lang='lat' dir='ltr'><strong>Caio</strong></span> <span class='ocrx_word' id='word_1_129' title='bbox 470 2654 657 2718; x_wconf 86' lang='lat' dir='ltr'><strong>tribuerunt</strong></span> <span class='ocrx_word' id='word_1_130' title='bbox 678 2654 964 2742; x_wconf 90' lang='lat' dir='ltr'><strong>Philophoumena</strong></span> <span class='ocrx_word' id='word_1_131' title='bbox 997 2657 1172 2741; x_wconf 84' lang='lat' dir='ltr'><strong>scriptores</strong></span> <span class='ocrx_word' id='word_1_132' title='bbox 1196 2659 1356 2742; x_wconf 85' lang='lat' dir='ltr'><strong>anonymi</strong></span> 
     </span>
     <span class='ocr_line' id='line_1_21' title="bbox 237 2751 1358 2839; baseline 0 -21"><span class='ocrx_word' id='word_1_133' title='bbox 237 2755 271 2818; x_wconf 92' lang='lat' dir='ltr'><strong>in</strong></span> <span class='ocrx_word' id='word_1_134' title='bbox 285 2753 457 2818; x_wconf 86' lang='lat' dir='ltr'><strong>Periodioo</strong></span> <span class='ocrx_word' id='word_1_135' title='bbox 476 2751 605 2837; x_wconf 86' lang='lat' dir='ltr'><strong>anglico</strong></span> <span class='ocrx_word' id='word_1_136' title='bbox 622 2753 824 2818; x_wconf 70' lang='lat' dir='ltr'><strong>Euclea-tostis</strong></span> <span class='ocrx_word' id='word_1_137' title='bbox 838 2754 905 2818; x_wconf 86' lang='lat' dir='ltr'><strong>aad</strong></span> <span class='ocrx_word' id='word_1_138' title='bbox 924 2752 1127 2839; x_wconf 74' lang='lat' dir='ltr'><strong>Tteolopiea,</strong></span> <span class='ocrx_word' id='word_1_139' title='bbox 1152 2754 1209 2839; x_wconf 92' lang='lat' dir='ltr'><strong>qui</strong></span> <span class='ocrx_word' id='word_1_140' title='bbox 1227 2753 1358 2818; x_wconf 87' lang='lat' dir='ltr'><strong>duabus</strong></span> 
     </span>
    </p>

    <p class='ocr_par' dir='ltr' id='par_1_7' title="bbox 147 2849 1357 3427">
     <span class='ocr_line' id='line_1_22' title="bbox 147 2849 1357 2924; baseline 0.002 -9"><span class='ocrx_word' id='word_1_141' title='bbox 147 2919 150 2924; x_wconf 75' lang='grc'>,</span> <span class='ocrx_word' id='word_1_142' title='bbox 236 2850 532 2918; x_wconf 85' lang='lat' dir='ltr'><strong>Dissertationibus</strong></span> <span class='ocrx_word' id='word_1_143' title='bbox 565 2875 594 2916; x_wconf 88' lang='lat' dir='ltr'><strong>a.</strong></span> <span class='ocrx_word' id='word_1_144' title='bbox 630 2851 712 2916; x_wconf 77' lang='lat'>1851</span> <span class='ocrx_word' id='word_1_145' title='bbox 748 2853 945 2916; x_wconf 87' lang='lat' dir='ltr'><strong>seutentiam</strong></span> <span class='ocrx_word' id='word_1_146' title='bbox 977 2849 1097 2916; x_wconf 88' lang='lat' dir='ltr'><strong>Milleri</strong></span> <span class='ocrx_word' id='word_1_147' title='bbox 1129 2850 1277 2916; x_wconf 82' lang='lat' dir='ltr'><strong>refutare</strong></span> <span class='ocrx_word' id='word_1_148' title='bbox 1309 2875 1357 2916; x_wconf 86' lang='lat' dir='ltr'><strong>oo·</strong></span> 
     </span>
     <span class='ocr_line' id='line_1_23' title="bbox 237 2948 1356 3034; baseline 0 -22"><span class='ocrx_word' id='word_1_149' title='bbox 237 2951 306 3014; x_wconf 86' lang='lat' dir='ltr'><strong>nati</strong></span> <span class='ocrx_word' id='word_1_150' title='bbox 339 2959 424 3014; x_wconf 91' lang='lat' dir='ltr'><strong>sunt.</strong></span> <span class='ocrx_word' id='word_1_151' title='bbox 471 2948 558 3014; x_wconf 89' lang='lat' dir='ltr'><strong>Satis</strong></span> <span class='ocrx_word' id='word_1_152' title='bbox 591 2951 700 3034; x_wconf 85' lang='lat' dir='ltr'><strong>inepte</strong></span> <span class='ocrx_word' id='word_1_153' title='bbox 733 2949 835 3014; x_wconf 90' lang='lat' dir='ltr'><strong>iidem</strong></span> <span class='ocrx_word' id='word_1_154' title='bbox 868 2959 1076 3032; x_wconf 84' lang='lat' dir='ltr'><strong>censuerunt,</strong></span> <span class='ocrx_word' id='word_1_155' title='bbox 1111 2951 1144 3014; x_wconf 94' lang='lat' dir='ltr'><strong>in</strong></span> <span class='ocrx_word' id='word_1_156' title='bbox 1178 2969 1279 3034; x_wconf 87' lang='lat' dir='ltr'><strong>opere</strong></span> <span class='ocrx_word' id='word_1_157' title='bbox 1304 2949 1356 3014; x_wconf 92' lang='lat' dir='ltr'><strong>illo</strong></span> 
     </span>
     <span class='ocr_line' id='line_1_24' title="bbox 236 3044 1355 3128; baseline 0 -16"><span class='ocrx_word' id='word_1_158' title='bbox 236 3070 302 3112; x_wconf 91' lang='lat' dir='ltr'><strong>uon</strong></span> <span class='ocrx_word' id='word_1_159' title='bbox 328 3045 501 3111; x_wconf 82' lang='lat' dir='ltr'><strong>Callistum</strong></span> <span class='ocrx_word' id='word_1_160' title='bbox 510 3046 715 3128; x_wconf 87' lang='lat' dir='ltr'><strong>Pontificem,</strong></span> <span class='ocrx_word' id='word_1_161' title='bbox 740 3046 924 3112; x_wconf 84' lang='lat' dir='ltr'><strong>sodalium</strong></span> <span class='ocrx_word' id='word_1_162' title='bbox 948 3045 1127 3110; x_wconf 86' lang='lat' dir='ltr'><strong>obscurum</strong></span> <span class='ocrx_word' id='word_1_163' title='bbox 1150 3044 1355 3112; x_wconf 87' lang='lat' dir='ltr'><strong>haereticum</strong></span> 
     </span>
     <span class='ocr_line' id='line_1_25' title="bbox 236 3143 1355 3231; baseline 0.001 -23"><span class='ocrx_word' id='word_1_164' title='bbox 236 3147 434 3231; x_wconf 87' lang='lat' dir='ltr'><strong>impugnari.</strong></span> <span class='ocrx_word' id='word_1_165' title='bbox 468 3179 510 3189; x_wconf 86' lang='lat'><strong>-·</strong></span> <span class='ocrx_word' id='word_1_166' title='bbox 545 3143 625 3209; x_wconf 89' lang='lat' dir='ltr'><strong>Caio</strong></span> <span class='ocrx_word' id='word_1_167' title='bbox 661 3148 783 3231; x_wconf 84' lang='lat' dir='ltr'><strong>pariter</strong></span> <span class='ocrx_word' id='word_1_168' title='bbox 814 3145 929 3210; x_wconf 91' lang='lat' dir='ltr'><strong>Illmus</strong></span> <span class='ocrx_word' id='word_1_169' title='bbox 962 3144 1085 3210; x_wconf 81' lang='lat' dir='ltr'><strong>Fossler</strong></span> <span class='ocrx_word' id='word_1_170' title='bbox 1117 3143 1355 3231; x_wconf 90' lang='lat' dir='ltr'><strong>Philosophou-</strong></span> 
     </span>
     <span class='ocr_line' id='line_1_26' title="bbox 236 3240 1357 3328; baseline -0.002 -20"><span class='ocrx_word' id='word_1_171' title='bbox 236 3265 333 3308; x_wconf 87' lang='lat' dir='ltr'><strong>mana</strong></span> <span class='ocrx_word' id='word_1_172' title='bbox 357 3240 589 3328; x_wconf 65' lang='lat' dir='ltr'><strong>vindicaris),</strong></span> <span class='ocrx_word' id='word_1_173' title='bbox 614 3265 752 3328; x_wconf 86' lang='lat' dir='ltr'><strong>eamque</strong></span> <span class='ocrx_word' id='word_1_174' title='bbox 786 3245 983 3308; x_wconf 86' lang='lat' dir='ltr'><strong>sententiam</strong></span> <span class='ocrx_word' id='word_1_175' title='bbox 1015 3245 1110 3307; x_wconf 88' lang='lat' dir='ltr'><strong>initio</strong></span> <span class='ocrx_word' id='word_1_176' title='bbox 1143 3245 1244 3307; x_wconf 86' lang='lat' dir='ltr'><strong>etiam</strong></span> <span class='ocrx_word' id='word_1_177' title='bbox 1268 3245 1357 3308; x_wconf 66' lang='lat' dir='ltr'><strong>Bous</strong></span> 
     </span>
     <span class='ocr_line' id='line_1_27' title="bbox 235 3337 498 3427; baseline 0 -22"><span class='ocrx_word' id='word_1_178' title='bbox 235 3337 498 3427; x_wconf 69' lang='lat' dir='ltr'><strong>propugnavitl).</strong></span> 
     </span>
    </p>

    <p class='ocr_par' dir='ltr' id='par_1_8' title="bbox 234 3437 1355 3819">
     <span class='ocr_line' id='line_1_28' title="bbox 324 3437 1355 3525; baseline -0.001 -22"><span class='ocrx_word' id='word_1_179' title='bbox 324 3437 619 3525; x_wconf 89' lang='lat' dir='ltr'><strong>Hippolyto</strong></span> <span class='ocrx_word' id='word_1_180' title='bbox 652 3439 806 3523; x_wconf 87' lang='lat' dir='ltr'><strong>episcopo</strong></span> <span class='ocrx_word' id='word_1_181' title='bbox 844 3461 926 3524; x_wconf 89' lang='lat' dir='ltr'><strong>opus</strong></span> <span class='ocrx_word' id='word_1_182' title='bbox 959 3437 1114 3524; x_wconf 88' lang='lat' dir='ltr'><strong>permulti</strong></span> <span class='ocrx_word' id='word_1_183' title='bbox 1155 3439 1278 3504; x_wconf 85' lang='lat' dir='ltr'><strong>eruditi</strong></span> <span class='ocrx_word' id='word_1_184' title='bbox 1312 3451 1355 3504; x_wconf 86' lang='lat' dir='ltr'><strong>at-</strong></span> 
     </span>
     <span class='ocr_line' id='line_1_29' title="bbox 234 3536 1352 3622; baseline 0.002 -20"><span class='ocrx_word' id='word_1_185' title='bbox 234 3537 430 3602; x_wconf 85' lang='lat' dir='ltr'><strong>tribuerunt.</strong></span> <span class='ocrx_word' id='word_1_186' title='bbox 476 3536 607 3600; x_wconf 88' lang='lat' dir='ltr'><strong>Primus</strong></span> <span class='ocrx_word' id='word_1_187' title='bbox 629 3536 692 3599; x_wconf 89' lang='lat' dir='ltr'><strong>t&#39;uit</strong></span> <span class='ocrx_word' id='word_1_188' title='bbox 714 3536 845 3615; x_wconf 79' lang='lat' dir='ltr'><strong>Jacobi,</strong></span> <span class='ocrx_word' id='word_1_189' title='bbox 870 3539 926 3622; x_wconf 92' lang='lat' dir='ltr'><strong>qui</strong></span> <span class='ocrx_word' id='word_1_190' title='bbox 950 3561 981 3602; x_wconf 87' lang='lat' dir='ltr'><strong>a.</strong></span> <span class='ocrx_word' id='word_1_191' title='bbox 1007 3537 1092 3602; x_wconf 79' lang='lat'><strong>1853</strong></span> <span class='ocrx_word' id='word_1_192' title='bbox 1116 3537 1204 3602; x_wconf 88' lang='lat' dir='ltr'><strong>benc</strong></span> <span class='ocrx_word' id='word_1_193' title='bbox 1228 3549 1352 3604; x_wconf 83' lang='lat' dir='ltr'><strong>senten·</strong></span> 
     </span>
     <span class='ocr_line' id='line_1_30' title="bbox 234 3631 1354 3720; baseline 0.002 -22"><span class='ocrx_word' id='word_1_194' title='bbox 234 3637 315 3700; x_wconf 90' lang='lat' dir='ltr'><strong>tiam</strong></span> <span class='ocrx_word' id='word_1_195' title='bbox 352 3636 387 3699; x_wconf 92' lang='lat' dir='ltr'><strong>in</strong></span> <span class='ocrx_word' id='word_1_196' title='bbox 419 3633 591 3700; x_wconf 86' lang='lat' dir='ltr'><strong>Periodico</strong></span> <span class='ocrx_word' id='word_1_197' title='bbox 624 3631 861 3720; x_wconf 76' lang='lat' dir='ltr'><strong>Berolinensi⁴)</strong></span> <span class='ocrx_word' id='word_1_198' title='bbox 894 3637 1056 3720; x_wconf 85' lang='lat' dir='ltr'><strong>exposuit.</strong></span> <span class='ocrx_word' id='word_1_199' title='bbox 1103 3635 1233 3701; x_wconf 80' lang='lat' dir='ltr'><strong>Eodem</strong></span> <span class='ocrx_word' id='word_1_200' title='bbox 1266 3660 1354 3702; x_wconf 87' lang='lat' dir='ltr'><strong>anno</strong></span> 
     </span>
     <span class='ocr_line' id='line_1_31' title="bbox 235 3731 1355 3819; baseline 0.003 -23"><span class='ocrx_word' id='word_1_201' title='bbox 235 3733 346 3796; x_wconf 92' lang='lat' dir='ltr'><strong>multis</strong></span> <span class='ocrx_word' id='word_1_202' title='bbox 370 3754 444 3796; x_wconf 86' lang='lat' dir='ltr'><strong>eam</strong></span> <span class='ocrx_word' id='word_1_203' title='bbox 468 3731 691 3817; x_wconf 88' lang='lat' dir='ltr'><strong>propugnavit</strong></span> <span class='ocrx_word' id='word_1_204' title='bbox 712 3731 841 3796; x_wconf 77' lang='lat' dir='ltr'><strong>Banasa</strong></span> <span class='ocrx_word' id='word_1_205' title='bbox 863 3732 1039 3796; x_wconf 88' lang='lat' dir='ltr'><strong>Borussiae</strong></span> <span class='ocrx_word' id='word_1_206' title='bbox 1063 3735 1100 3798; x_wconf 91' lang='lat' dir='ltr'><strong>in</strong></span> <span class='ocrx_word' id='word_1_207' title='bbox 1123 3733 1248 3818; x_wconf 85' lang='lat' dir='ltr'><strong>Anglia</strong></span> <span class='ocrx_word' id='word_1_208' title='bbox 1269 3734 1355 3819; x_wconf 80' lang='lat' dir='ltr'><strong>lega-</strong></span> 
     </span>
    </p>
   </div>
   <div class='ocr_carea' id='block_1_5' title="bbox 307 4007 1349 4321">
    <p class='ocr_par' dir='ltr' id='par_1_9' title="bbox 309 4007 787 4076">
     <span class='ocr_line' id='line_1_32' title="bbox 309 4007 787 4076; baseline -0.004 -14"><span class='ocrx_word' id='word_1_209' title='bbox 309 4009 329 4076; x_wconf 85' lang='lat'><strong>¹)</strong></span> <span class='ocrx_word' id='word_1_210' title='bbox 349 4008 571 4076; x_wconf 81' lang='lat' dir='ltr'><strong>Correspondant,</strong></span> <span class='ocrx_word' id='word_1_211' title='bbox 592 4007 691 4062; x_wconf 83' lang='lat' dir='ltr'><strong>levrier</strong></span> <span class='ocrx_word' id='word_1_212' title='bbox 712 4010 787 4062; x_wconf 82' lang='lat'>1851</span> 
     </span>
    </p>

    <p class='ocr_par' dir='ltr' id='par_1_10' title="bbox 308 4087 955 4157">
     <span class='ocr_line' id='line_1_33' title="bbox 308 4087 955 4157; baseline -0.003 -14.965"><span class='ocrx_word' id='word_1_213' title='bbox 308 4089 465 4157; x_wconf 76' lang='lat' dir='ltr'><strong>²)Tubing.</strong></span> <span class='ocrx_word' id='word_1_214' title='bbox 486 4087 667 4155; x_wconf 86' lang='lat' dir='ltr'><strong>Quartalsohr.</strong></span> <span class='ocrx_word' id='word_1_215' title='bbox 689 4090 765 4141; x_wconf 78' lang='lat'><strong>1852.</strong></span> <span class='ocrx_word' id='word_1_216' title='bbox 784 4105 809 4154; x_wconf 89' lang='lat' dir='ltr'><strong>p.</strong></span> <span class='ocrx_word' id='word_1_217' title='bbox 829 4089 881 4141; x_wconf 77' lang='grc'><strong>999</strong></span> <span class='ocrx_word' id='word_1_218' title='bbox 900 4105 955 4154; x_wconf 81' lang='lat' dir='ltr'><strong>sqq</strong></span> 
     </span>
    </p>

    <p class='ocr_par' dir='ltr' id='par_1_11' title="bbox 308 4168 888 4236">
     <span class='ocr_line' id='line_1_34' title="bbox 308 4168 888 4236; baseline -0.005 -14"><span class='ocrx_word' id='word_1_219' title='bbox 308 4172 330 4236; x_wconf 71' lang='grc' dir='ltr'><strong>Β)</strong></span> <span class='ocrx_word' id='word_1_220' title='bbox 348 4169 440 4222; x_wconf 77' lang='lat' dir='ltr'><strong>Theol</strong></span> <span class='ocrx_word' id='word_1_221' title='bbox 459 4168 571 4222; x_wconf 75' lang='lat' dir='ltr'><strong>Studien</strong></span> <span class='ocrx_word' id='word_1_222' title='bbox 588 4170 644 4222; x_wconf 90' lang='lat' dir='ltr'><strong>uud</strong></span> <span class='ocrx_word' id='word_1_223' title='bbox 663 4169 791 4222; x_wconf 88' lang='lat' dir='ltr'><strong>Kritikeu</strong></span> <span class='ocrx_word' id='word_1_224' title='bbox 811 4171 888 4222; x_wconf 75' lang='lat'><strong>1353.</strong></span> 
     </span>
    </p>

    <p class='ocr_par' dir='ltr' id='par_1_12' title="bbox 307 4248 1349 4321">
     <span class='ocr_line' id='line_1_35' title="bbox 307 4248 1349 4321; baseline 0.001 -17"><span class='ocrx_word' id='word_1_225' title='bbox 307 4251 330 4321; x_wconf 81' lang='lat'><strong>⁴)</strong></span> <span class='ocrx_word' id='word_1_226' title='bbox 348 4249 483 4304; x_wconf 82' lang='lat' dir='ltr'><strong>Deutsohe</strong></span> <span class='ocrx_word' id='word_1_227' title='bbox 501 4248 661 4303; x_wconf 72' lang='lat' dir='ltr'><strong>zeitschrift</strong></span> <span class='ocrx_word' id='word_1_228' title='bbox 678 4249 724 4304; x_wconf 81' lang='lat' dir='ltr'><strong>sstr</strong></span> <span class='ocrx_word' id='word_1_229' title='bbox 747 4248 850 4302; x_wconf 79' lang='lat' dir='ltr'><strong>cbristl</strong></span> <span class='ocrx_word' id='word_1_230' title='bbox 870 4249 1068 4304; x_wconf 80' lang='lat' dir='ltr'><strong>Wissenschaft</strong></span> <span class='ocrx_word' id='word_1_231' title='bbox 1086 4263 1112 4302; x_wconf 89' lang='lat' dir='ltr'><strong>u</strong></span> <span class='ocrx_word' id='word_1_232' title='bbox 1132 4251 1236 4308; x_wconf 76' lang='lat' dir='ltr'><strong>christi</strong></span> <span class='ocrx_word' id='word_1_233' title='bbox 1255 4251 1349 4306; x_wconf 75' lang='lat' dir='ltr'><strong>teter</strong></span> 
     </span>
    </p>
   </div>
   <div class='ocr_carea' id='block_1_6' title="bbox 0 0 1442 4814">
    <p class='ocr_par' dir='ltr' id='par_1_13' title="bbox 0 0 1442 4814">
     <span class='ocr_line' id='line_1_36' title="bbox 0 0 1442 4814; baseline 0 0"><span class='ocrx_word' id='word_1_234' title='bbox 0 0 1442 4814; x_wconf 95' lang='lat' dir='ltr'><strong> </strong></span> 
     </span>
    </p>
   </div>
  </div>
 </body>
</html>
