2806 4848
393 465 434 522 De
451 465 606 536 presbytero
623 465 837 536 poenitentiario.
1120 469 1172 526 ut

64 611 150 676 lieres
179 609 339 676 multem
361 611 507 698 pollutos
540 623 569 676 et
592 612 629 675 oh
647 614 801 697 pietatem
824 613 1000 698 confitentes
1022 625 1079 678 aot
1096 637 1172 699 qao-

62 734 113 796 pso
146 711 241 774 modo
273 711 430 774 convictus
451 709 615 796 publicari
646 720 760 796 patres
790 712 893 774 nostri
921 710 1101 792 noluerunt,
1134 737 1173 778 ao

63 832 186 872 causam
210 810 320 872 mortis
337 807 547 894 praebeamus
578 809 747 889 comanti&
783 811 949 873 consistere
973 821 1075 874 cutem
1097 811 1174 876 illas

63 909 121 970 riae
156 907 370 970 communione
391 910 566 994 jusserunt,
597 907 694 970 dormo
726 905 895 992 impleatur
927 917 1045 994 tempus
1062 911 1173 994 poeni-

63 1001 222 1090 entiam).
247 1003 487 1068 Praescribitur
501 1001 665 1084 videlicet,
681 1003 803 1068 talibus
825 1005 1017 1070 mulieribus
1041 1006 1173 1092 quidem

63 1101 296 1187 imponendam
321 1123 389 1165 esse
421 1102 657 1186 poenitentiam
690 1104 952 1184 convenientem,
983 1103 1072 1170 haud
1094 1127 1173 1169 vero

62 1199 243 1284 adigendas
268 1223 326 1286 per
358 1209 499 1285 quatuor
526 1200 674 1264 diversas
703 1202 860 1265 stationes
883 1223 956 1264 eam
979 1201 1173 1286 persolvere,

63 1299 113 1362 sed
139 1299 307 1380 statuitur,
331 1307 368 1362 ut
391 1300 426 1361 in
450 1297 566 1362 ultima
589 1300 728 1362 statione
760 1301 992 1364 conasteotiam
1015 1322 1085 1364 esse
1107 1309 1174 1364 toto

63 1414 208 1482 tempore
232 1397 368 1482 possint.
414 1395 449 1462 si
473 1394 630 1460 videlicet
653 1405 793 1482 quatuor
822 1399 978 1461 stationes
1001 1399 1175 1483 percurris·

64 1505 139 1578 sent,
165 1495 280 1578 gravis
304 1495 451 1557 criminis
484 1515 539 1558 eas
571 1516 644 1557 reas
677 1516 746 1558 esse
770 1495 972 1580 patefactum
996 1495 1120 1578 suisset,
1144 1503 1176 1558 et

5 1659 6 1664 η
64 1593 206 1679 suspicio
232 1591 346 1656 saltem
369 1591 548 1655 vehemens
572 1591 724 1656 adulterii
750 1595 784 1657 in
808 1615 862 1656 car
886 1592 1066 1660 incidisset.
1110 1593 1176 1658 Sed

65 1693 91 1755 in
114 1690 238 1756 ultima
262 1691 400 1754 statione
414 1689 658 1754 'comedentium
686 1691 941 1756 inveniebantur
963 1693 1019 1776 qui
1043 1701 1176 1776 peracta

65 1791 121 1870 jam
154 1789 371 1874 poenitentia,
403 1787 630 1852 tantummodo
663 1788 810 1853 nondum
840 1789 883 1852 ad
911 1791 1175 1854 communionem

64 1886 222 1952 accedere
244 1895 410 1971 poterant3
434 1885 489 1949 vel
512 1887 567 1972 qui
584 1884 625 1948 ob
641 1885 766 1950 leviora
781 1895 917 1972 peccata
940 1887 1177 1971 poenitentiam

64 1985 207 2069 agebant
232 1993 263 2048 et
286 2008 307 2048 a
329 1985 560 2048 communione
583 1982 802 2048 abstinebant.
838 1984 909 2048 Imo
935 1983 1089 2049 videntur
1112 2006 1177 2048 om-

65 2106 126 2165 nes,
153 2084 215 2168 qui
241 2083 327 2146 intra
349 2083 525 2146 Missarum
549 2081 708 2146 solemnia
737 2104 803 2146 non
832 2081 1035 2146 accedebant
1056 2082 1100 2146 ad
1124 2081 1177 2146 ob·

64 2181 220 2246 lationem
246 2189 278 2244 et
301 2180 575 2261 communionem,
596 2181 630 2243 in
651 2181 884 2244 consistentiam
907 2201 1042 2244 numero
1065 2179 1176 2246 fuisse.

65 2281 114 2343 Sic
138 2287 318 2365 peccatum
342 2276 472 2342 illarum
499 2277 672 2341 mulierum
700 2277 801 2342 latere
824 2288 960 2364 poterat,
984 2279 1176 2364 praesertim

64 2381 85 2440 si
108 2377 154 2442 ad
179 2387 312 2462 tempus
336 2374 469 2438 brevius
493 2397 603 2439 earum
628 2377 830 2460 poenitentia
852 2375 1065 2442 limitabatur.

151 2476 205 2540 13.
232 2471 428 2538 constitutio
462 2471 517 2536 illa
540 2474 717 2538 stationum
748 2472 801 2538 vel
824 2475 987 2559 &eduum
1010 2477 1176 2562 poeniten·
1211 2492 1319 2565 eatinus·

65 2576 127 2636 tiae
151 2573 348 2659 praesertim
373 2574 407 2636 in
431 2571 567 2637 Oriente
589 2581 663 2657 post
687 2571 832 2636 medium
856 2573 1023 2636 saeculum
1045 2555 1348 2637 tertium¹‘⁰⁰¹¹¹‘⁶¹¹‘¹¹¹'¹¹'

3 2719 5 2740 ;
65 2693 167 2758 nsque
191 2671 236 2735 ad
261 2669 359 2734 finem
384 2669 507 2734 saeculi
530 2670 638 2754 quarti
655 2671 842 2752 invenitur3
866 2672 900 2734 in
925 2671 1105 2736 Occidente
1129 2693 1179 2735 ac·

3 2819 5 2840 2
66 2779 180 2834 curata
204 2767 262 2832 illa
286 2768 406 2832 divisio
431 2769 540 2832 minus
564 2778 744 2853 propagata
767 2768 867 2834 fuisse
891 2769 1033 2834 videtur.
1069 2769 1181 2834 Prima

3 2877 5 2942 J
65 2870 161 2932 statio
186 2874 259 2930 erat
272 2866 419 2952 flentium
433 2859 714 2952 (προςκλαίοντες),
730 2867 785 2952 qui
802 2887 896 2930 sacco
921 2867 1028 2932 induti
1051 2867 1182 2931 stabant

65 2969 96 3029 in
123 2965 257 3052 porticu
281 2973 374 3028 extra
398 2963 579 3046 ecclesiam,
600 2974 735 3049 peccata
759 2985 819 3028 sua
842 2965 999 3030 deflentes
1022 2971 1057 3028 et
1077 2967 1181 3048 ingre-

3 3075 5 3102 ²
64 3064 231 3128 clientium
256 3083 369 3148 preces
388 3061 610 3147 implorantes.
625 3101 668 3110 —
683 3062 836 3127 Secunda
852 3065 946 3127 statio
961 3073 1031 3127 erat
1054 3063 1182 3126 audiea-

3 3159 5 3178 *
64 3165 146 3226 tiam
187 3157 426 3249 (ἀκροώμενοι),
464 3161 519 3246 qui
553 3161 639 3224 intra
674 3161 760 3225 iores
796 3160 952 3225 ecclesiae
984 3160 1116 3224 stabant
1147 3160 1181 3222 in

3 3257 5 3296 ἶ
64 3261 139 3324 loco
163 3261 221 3346 qui
246 3257 387 3322 narthex
411 3279 469 3322 seu
484 3258 699 3343 propylaeum
713 3259 904 3342 vocabatur,
928 3257 986 3322 ubi
1008 3258 1181 3322 lectionem

63 3361 317 3444 Scripturarum
355 3367 388 3420 et
426 3358 617 3420 concionem
652 3357 832 3422 audiebant
868 3367 941 3443 post
973 3357 1182 3421 decantatum

64 3455 311 3541 Evangelium
341 3453 461 3519 deinde
486 3453 623 3518 exibant
650 3463 827 3541 antequam
852 3456 1061 3520 inchoaretur
1083 3453 1184 3517 Missa

64 3553 403 3618 Catechumenornm.
428 3591 471 3600 -
492 3552 604 3616 Tertia
627 3555 721 3616 statio
747 3565 816 3618 erat
839 3554 1065 3618 mrbstratorum
1088 3548 1184 3638 (ino-

62 3649 271 3738 stercona),
297 3653 354 3736 qui
378 3650 510 3714 stabant
533 3651 618 3714 intra
649 3651 806 3716 ecclesiae
830 3651 991 3716 ambitum
1015 3671 1118 3736 usque
1141 3649 1184 3714 ad

62 3750 257 3832 ambonem,
289 3748 347 3813 ubi
380 3751 532 3834 prostrati
564 3760 596 3814 et
625 3749 795 3832 genuflexi
826 3771 983 3814 manuum
1009 3750 1184 3835 impositio-

61 3871 147 3914 nem
175 3871 247 3912 cnm
272 3848 371 3911 certis
393 3846 547 3933 precibus
566 3846 785 3934 accipiebant.
833 3845 915 3911 Cum
941 3847 1186 3912 catechumenis

148 4107 172 4178 ¹)
190 4105 326 4175 Epistolee
350 4105 413 4160 illae
441 4105 583 4160 canonicae
601 4113 657 4160 tres
683 4105 717 4158 ad
735 4103 948 4173 Amphilochium
967 4105 1143 4162 communiter
1160 4107 1185 4162 S.

63 4187 181 4242 Basilio
197 4187 355 4242 tribuuntur
379 4203 475 4253 casque
499 4187 632 4256 genuinas
656 4201 713 4240 esse
738 4186 857 4254 plerique
875 4189 984 4252 tenent;
1013 4190 1077 4240 sunt
1095 4191 1185 4242 minen

62 4271 112 4338 qni
135 4267 340 4337 genuinitatem
358 4281 411 4321 non
429 4268 508 4334 plane
527 4267 663 4321 indubiam
682 4283 740 4320 esse
758 4266 922 4320 existimant

1031 4358 1081 4410 10*
