2874 4812
251 471 305 526 332
534 469 575 528 De
593 469 744 531 Arianismo
763 486 794 529 ac
811 468 844 530 le
862 475 940 529 Ocno.
959 465 1085 531 Nicaeae.

251 619 335 704 potis
348 617 552 682 daemonibus
572 641 665 681 saera
680 619 807 682 tortam
829 629 909 682 ment.
941 619 1158 704 Trepidabaat
1179 621 1369 706 bomepicee,

251 737 306 777 neo
339 714 451 778 solitas
483 717 518 777 in
549 717 632 779 ιιιιι
662 727 755 780 notas
786 717 944 792 videbam,
969 728 998 780 et
1020 720 1113 801 qnasi
1138 719 1371 783 cantitassent
1418 725 1419 744 ²

252 814 379 897 saepius
401 811 615 876 immolabant.
651 813 763 878 isaram
776 814 947 876 identidem
969 825 1125 878 mactatae
1148 816 1269 879 testim
1292 817 1371 880 atet
1418 823 1419 860 1

251 910 466 987 ostendebant,
490 910 586 973 donec
616 912 765 996 mapister
795 909 851 973 ille
873 912 1072 996 haruspicum
1099 913 1130 974 Τ
1126 915 1210 999 apis,
1240 937 1295 976 sen
1323 937 1367 976 su·
1418 921 1419 992 1

252 1008 399 1092 spicimta
416 1029 470 1070 seu
491 1009 571 1084 cisa,
595 1009 644 1070 ait
665 1009 784 1070 ideireo
802 1029 866 1070 noo
887 1007 1077 1092 respondere
1101 1031 1203 1086 sacra,
1228 1011 1368 1096 patre-
1418 1023 1419 1046 1

252 1106 308 1168 bus
330 1104 449 1167 divinis
475 1104 612 1190 profani
642 1105 779 1168 homines
811 1106 1005 1168 interemant.
1056 1103 1141 1169 Tunc
1173 1109 1227 1170 ira
1241 1109 1368 1194 fissuris

251 1201 427 1284 sacm'fiaare
454 1223 518 1264 noa
541 1223 592 1264 eos
616 1211 746 1264 tantum
759 1203 814 1286 qui
835 1203 935 1266 sacris
965 1203 1200 1282 ministrabant,
1224 1207 1283 1268 scd
1304 1209 1368 1268 nai-
1418 1186 1419 1272 i

196 1329 202 1339 ·
251 1321 356 1363 uersos
378 1301 432 1384 qui
458 1309 549 1362 erant
571 1301 605 1361 in
623 1299 752 1384 palatio
774 1301 884 1388 jussit,
912 1309 942 1361 et
964 1301 999 1361 in
1022 1320 1074 1362 eos
1096 1302 1125 1362 si
1147 1301 1369 1366 detrectassent
1418 1333 1419 1360 1

109 2351 141 2398 pri
144 2350 221 2399 acinis.

250 1397 428 1460 certamine
443 1396 671 1459 animadverti:
692 1397 836 1482 datisque
855 1397 899 1458 od
910 1398 1114 1480 praepositos
1126 1395 1254 1474 littam
1279 1402 1370 1462 emam

251 1494 368 1558 milites
391 1495 458 1579 copi
487 1493 530 1556 ad
556 1492 700 1579 nefanda
720 1493 876 1576 sacrificia
893 1495 1069 1580 praecepit,
1092 1504 1128 1556 ιιι
1149 1495 1205 1578 qni
1227 1517 1294 1558 non
1312 1519 1368 1581 pa·

251 1592 388 1654 ruissent
410 1590 528 1654 militia
551 1590 750 1653 soluerentur.
783 1588 944 1653 Hactenus
960 1589 1058 1675 fuscor
1081 1595 1148 1679 ejus
1172 1601 1202 1652 et
1225 1591 1280 1654 iro
1299 1615 1368 1680 pro-
1418 1603 1419 1674 1

253 1689 354 1767 cessit,
377 1711 433 1751 nec
456 1686 593 1772 amplias
624 1686 796 1771 quidquam
828 1698 938 1750 contem
971 1687 1066 1772 lepem
1099 1699 1155 1750 aut
1186 1688 1367 1774 relipionem

254 1782 317 1850 Dei
331 1786 424 1872 feeit.
471 1784 594 1847 Deinde
627 1787 788 1872 interjecto
822 1783 928 1869 aliquo
963 1794 1097 1867 tempore
1128 1787 1164 1848 in
1187 1785 1368 1869 Bitlcyniam

252 1885 338 1948 venit
359 1884 546 1960 hiematum·
578 1882 741 1966 eodemque
774 1891 838 1943 tum
862 1881 1084 1943 Maaimianus
1106 1903 1226 1966 quoquae
1255 1881 1371 1946 Caesar
1418 1895 1419 2082 Ι

252 1982 464 2067 inflammatae
486 1978 598 2041 scelere
622 1978 764 2056 aduenit,
788 1988 823 2040 nt
846 1978 890 2040 ad
915 1977 1146 2091 persepoenoios
1173 1921 1419 2082 Christianos!

251 2079 418 2164 instigaret
441 2097 542 2139 senem
563 2097 687 2152 acaum,
711 2076 765 2160 qui
781 2079 853 2163 jam
869 2075 1066 2159 principium
1089 2074 1265 2160 sicerav).
1313 2075 1419 2190 Est-p

247 2175 328 2240 dem
352 2173 513 2238 sententia
543 2173 642 2236 etiem
673 2182 783 2235 nostro
813 2181 959 2256 tempore
983 2193 1003 2232 a
1024 2169 1175 2266 pluribus
1198 2091 1419 2254 senatorial

95 2289 222 2330 Diocletiani
247 2304 251 2312 ·

339 2272 394 2335 33.
419 2271 575 2334 Attamen
599 2268 747 2353 plerique
763 2278 912 2332 auctores
935 2269 991 2352 qui
1015 2269 1221 2352 pragmatica
1245 2272 1369 2332 ratione

252 2368 422 2432 historiam
447 2355 614 2448 evolvunt,
649 2375 794 2445 censent,
813 2367 987 2451 principiis
1010 2363 1208 2428 Diocletiani
1236 2367 1369 2430 insitum

252 2467 384 2546 fiisse,
393 2475 429 2529 ιιι
461 2415 739 2528 christianiismum
763 2463 959 2544 destrueret,
994 2461 1167 2526 consilium
1191 2463 1317 2528 istud
1303 2485 1368 2548 Jem

254 2562 334 2626 diu
325 2563 388 2646 ipsi
399 2561 596 2641 inhaesisse,
614 2571 645 2623 et
668 2571 839 2645 propterea
863 2581 928 2624 non
943 2562 1034 2644 prius
1050 2561 1239 2624 executioni
1258 2561 1367 2624 datum

252 2661 362 2739 fuisse,
378 2655 482 2744 quod
514 2667 734 2768 opportunum
767 2667 896 2743 tempus
928 2657 1102 2721 nondum
1113 2657 1227 2721 adesse
1266 2661 1369 2722 uisum

252 2757 360 2821 fuerit.
399 2755 469 2820 Nec
485 2756 661 2818 convenire
686 2753 867 2817 characteri
886 2753 984 2838 hujus
1007 2754 1229 2840 Imperatoris,
1256 2759 1315 2842 qui
1339 2759 1368 2818 in

253 2851 514 2918 administrando
537 2851 680 2936 Imperio
695 2850 784 2914 haud
802 2853 956 2936 exiguam
970 2873 1050 2936 prae
1073 2873 1108 2915 se
1131 2851 1244 2916 tulerit
1270 2866 1368 2917 artem

253 2961 352 3038 atque
375 2951 537 3035 peritiam,
562 2959 598 3011 ut
621 2949 797 3012 credetur'
790 2971 824 3011 ιιι
839 2951 970 3034 negotio
986 2949 1042 3013 illo
1066 2952 1184 3013 summi
1210 2953 1367 3015 momenti

253 3047 391 3112 eliorum
415 3047 557 3110 influxui
577 3043 630 3109 vel
647 3045 820 3109 eventibus
835 3045 1034 3130 quibusdam
1057 3033 1200 3110 fortuitis
1223 3051 1368 3111 cessisse.

228 3158 296 3192 '—
318 3145 555 3224 Diocletianus,
581 3145 743 3228 inquiunt,
768 3143 845 3206 inde
869 3143 911 3206 ab
937 3144 1029 3206 initio
1053 3147 1147 3226 regni
1171 3146 1222 3207 sui
1249 3159 1366 3209 restan-

244 3243 412 3307 rstionem
437 3243 563 3326 antiqui
584 3239 766 3324 splendoris
787 3239 991 3304 atrebaris
984 3241 1123 3324 imperii,
1154 3245 1368 3306 auctoritatis

253 3361 317 3426 que
350 3360 496 3403 stimmae
534 3348 566 3400 et
597 3337 766 3401 absolutae
798 3337 951 3420 gubernii
979 3335 1167 3421 imperialis
1182 3359 1240 3401 seu
1267 3339 1367 3448 Impe

253 3447 412 3516 ratarum,
437 3447 473 3498 ut
496 3457 631 3519 scopum
656 3435 718 3498 sibi
742 3436 920 3520 proposuit
945 3435 1152 3518 Principium
1175 3437 1281 3519 igitur
1304 3437 1368 3521 ejus

254 3553 442 3620 supremum
475 3533 556 3610 fuit,
589 3532 764 3596 absolutam
797 3543 826 3594 et
858 3531 913 3594 snb
945 3534 1030 3594 omni
1055 3543 1198 3618 respectu
1222 3555 1367 3596 summam

253 3632 446 3696 reddendam
470 3653 534 3692 cese
558 3631 775 3692 arroteritatcm
794 3627 998 3713 imperialem,
1014 3651 1077 3713 poa
1101 3631 1207 3692 omnia
1230 3653 1367 3716 repercu-

255 3741 314 3804 tnr,
339 3739 375 3792 ut
398 3727 534 3790 haut
484 3729 609 3790 ratione
626 3728 724 3788 etiam
741 3725 922 3788 illaunitas
945 3725 1158 3804 obtineretur,
1183 3749 1251 3811 qna
1277 3731 1368 3810 vigor

254 3826 383 3910 imperii
408 3823 470 3888 sibi
495 3833 667 3887 constaret.
713 3821 803 3886 Hinc
834 3833 904 3886 tum
928 3825 963 3885 in
986 3821 1085 3887 rebus
1109 3823 1277 3906 civilibus,
1302 3835 1365 3887 tum

253 3923 288 3985 ιιι
311 3921 410 3985 rebus
443 3942 526 4006 quae
559 3920 750 4004 religionem
782 3929 952 4056 spectant,
986 3919 1181 4004 Imperatori
1205 3943 1365 3986 summam

330 4147 408 4214 ¹)De
427 4153 505 4200 mort
525 4163 592 4214 pers.
613 4165 633 4201 c.
653 4147 686 4202 X

327 4225 421 4296 ¹.)Oir
441 4243 462 4282 e.
482 4243 510 4294 g,
530 4227 632 4280 Civitas
649 4233 714 4280 cett.
734 4225 818 4292 Quat.
837 4229 998 4280 tetmaris
1018 4227 1095 4283 leto.
