2806 4848
437 493 583 552 Concilium
601 495 778 564 Aquileiense.
1111 507 1161 560 127

65 637 177 702 Paulini
202 637 404 702 Antiocheni
427 649 459 702 et
482 638 646 704 Timothei
671 640 901 726 Alexandrini,
927 655 1160 733 contraquam

65 735 147 799 factio
170 737 336 822 quaedam
360 747 560 820 surrexerat,
585 747 616 802 et
639 749 763 824 petunt,
788 751 824 803 ut
846 741 889 806 ad
912 743 1025 808 turbas
1048 746 1160 811 sedan·

64 832 111 896 das
131 843 161 896 et
183 857 301 920 pacem
323 834 518 898 servandam
535 835 759 901 Alexandriae
774 839 919 922 synodus
943 863 1063 927 magna
1087 867 1160 910 con-

64 941 191 995 vocetur.
239 933 324 1009 Ideo,
349 931 505 1014 scribunt,
536 935 675 1018 petirnua
703 958 757 999 aas
780 935 1010 1003 clementissimi
1032 953 1061 1004 et
1084 943 1160 1006 cbri-

63 1031 147 1092 rtiani
163 1032 339 1116 principes,
363 1041 398 1094 nt
421 1039 450 1093 et
474 1031 692 1094 Alexandriae
725 1034 918 1099 sacerdotnm
942 1037 1160 1102 cotidianarum

62 1129 181 1190 omniurn
210 1128 376 1191 concilium
402 1129 476 1212 fieri
505 1130 673 1206 censeatis,
699 1131 753 1214 qni
775 1132 910 1196 interae
929 1133 1057 1218 plenius
1081 1147 1160 1200 troc·

62 1235 114 1287 tent
136 1238 227 1312 atquae
251 1225 413 1310 definiant,
437 1226 547 1311 quibus
569 1227 777 1312 impertienda
801 1233 970 1294 communio
993 1233 1159 1319 quibusque

62 1325 202 1387 sananda
228 1325 278 1388 sit.
326 1323 455 1388 Interea
490 1325 523 1387 in
548 1323 677 1388 Italiam
708 1328 861 1410 pervenit
888 1329 1022 1393 nuntius
1046 1330 1086 1394 de
1110 1351 1159 1415 sy·

62 1421 133 1485 nodo
165 1422 208 1486 ab
241 1421 465 1487 Orientalibus
490 1421 773 1508 Constantinopoli
807 1423 934 1507 habita,
958 1447 997 1490 ac
1021 1427 1062 1492 de
1086 1428 1158 1493 Fla·

63 1520 138 1583 riani
170 1521 206 1584 in
241 1518 350 1582 sedern
386 1519 639 1602 Antiochenam,
673 1530 705 1583 et
738 1519 779 1585 dc
810 1521 955 1587 Nectarii
990 1526 1023 1588 in
1048 1525 1158 1590 sedern

62 1616 444 1702 Constantinopolitanam
468 1617 683 1683 ordinatione.
707 1618 802 1682 Tune
817 1619 1010 1686 Ambrosius
1032 1623 1158 1689 ltaliae·

60 1737 111 1798 que
132 1717 280 1801 episcopi
309 1714 407 1778 aliam
440 1715 610 1800 epistolam
643 1717 706 1779 ista
738 1716 779 1780 de
802 1739 837 1780 re
870 1717 913 1782 ad
936 1720 1157 1786 Theodosium

60 1812 292 1899 scripserunt¹).
347 1813 386 1877 In
419 1835 457 1876 ea
489 1812 624 1898 epistola
649 1812 875 1879 vehementius
899 1829 1157 1904 conqueruntur:

13 1985 14 1992 ἵ
60 1913 93 1974 At
113 1937 193 1975 nunc
218 1911 347 1976 Melatio
370 1911 531 1997 defuncto,
556 1909 691 1974 Paulino
715 1915 889 1998 superstite,
913 1939 1000 2000 qaam
1023 1918 1058 1980 in
1081 1941 1157 1982 eenr-
1175 1942 1271 1992 naama
1285 1945 1311 1986 aa

61 2011 189 2073 tronione
205 2020 317 2073 norbo
335 2009 487 2071 mansisse
502 2011 668 2088 consortia,
685 2032 763 2093 quae
778 2033 798 2073 a
815 2012 984 2100 majoribus
1007 2014 1157 2100 inoffense
1194 2003 1293 2056 repant.

60 2105 149 2184 iacta,
173 2115 348 2184 tenantur,
381 2115 491 2170 eontra
514 2105 575 2192 fas
615 2115 706 2191 atque
739 2106 978 2174 eeclesiasticam
1017 2111 1158 2190 ordinem

60 2203 176 2266 nlius'
161 2229 197 2267 en
230 2203 329 2268 locam
352 2201 477 2266 Meletii
507 2226 570 2267 nen
595 2215 659 2267 tarn
690 2203 874 2290 oniropolon
896 2231 989 2292 qnam
1012 2232 1156 2296 superpo

60 2302 125 2365 ribus
147 2303 309 2366 aasemter
357 2301 457 2387 Atque
481 2303 535 2366 boc
558 2301 686 2388 facturn
719 2301 875 2389 allepatnr
906 2308 1105 2371 consensione
1128 2320 1158 2373 et

13 2391 15 2450 !
59 2400 175 2463 sensilia
201 2401 362 2477 Nectarii,
386 2404 473 2488 cujas
491 2399 720 2464 ordinationem
742 2423 830 2486 quem
853 2403 994 2467 ordinem
1015 2405 1158 2469 babuerit

61 2519 109 2560 raon
130 2498 347 2561 sideman—-
376 2496 464 2560 Dein
496 2496 775 2577 animadvertunt,
806 2519 840 2561 se
869 2502 1033 2564 censuisse
1051 2512 1156 2565 ratam

60 2593 285 2659 ordinationem
319 2602 351 2657 et
382 2595 607 2680 epIseopatum
637 2595 774 2659 Maximi
806 2595 953 2684 (Cynici)
978 2600 1034 2684 qui
1057 2623 1157 2686 nreprer

13 2713 15 2788 p
61 2691 85 2754 in
105 2691 265 2778 wacilio⁸)
290 2713 422 2756 causam
447 2713 539 2756 suam
554 2693 633 2777 ipsis
650 2704 854 2778 exposuerat,
879 2697 1023 2781 ipsisque
1046 2697 1155 2760 visum

13 2791 15 2874 l
60 2811 125 2858 esse.
158 2790 309 2874 Gregorii
343 2791 545 2854 Nazianzeni
580 2792 805 2876 episcopatum
838 2791 927 2856 haud
960 2815 1030 2858 esse
1053 2791 1155 2876 legiti-

13 2879 14 2974 ]
61 2909 146 2954 num.
193 2889 235 2954 Se
259 2889 392 2974 quidem
425 2891 459 2952 in
492 2888 548 2954 illa
571 2889 697 2973 synodo
730 2889 872 2954 noluisse
896 2890 957 2953 hac
981 2890 1022 2955 de
1044 2913 1079 2954 re
1103 2891 1155 2954 de-

13 2997 14 3068 ]
59 3005 195 3069 cernere,
228 2986 285 3051 sed
315 3007 417 3072 quum
441 2985 593 3050 omnibus
626 2987 723 3050 edam
748 2985 979 3070 Orientalibus,
1004 2991 1156 3074 quamvis

58 3103 113 3147 non
127 3093 387 3150 convocarentur
404 3093 440 3146 ut
455 3083 613 3148 deberent
635 3085 758 3166 venire,
782 3095 892 3149 tamen
915 3085 1031 3150 litteris
1051 3087 1155 3172 Impe-

61 3283 254 3296 Ἧι

122 3391 140 3454 ¹)
158 3387 236 3441 Hanc
253 3386 395 3456 epistolam
413 3390 474 3454 post
483 3385 612 3454 synodum
626 3385 823 3453 Aquileienssm
842 3387 969 3456 scriptam
988 3403 1052 3456 esse,
1071 3391 1155 3448 variis

61 3465 152 3522 udicis
178 3467 352 3522 manifestum
381 3471 430 3522 est
467 3465 609 3520 Probabile
636 3471 685 3530 est
704 3467 870 3522 Ambrosium
899 3469 1002 3536 aliquot
1020 3471 1155 3540 episcopos

60 3547 224 3604 Mediolanum
242 3562 409 3612 wnrocesse,
436 3553 465 3602 et
492 3563 551 3602 curm
578 3546 613 3602 iis
640 3547 678 3602 ibi
700 3548 830 3614 synodum
848 3550 945 3617 egisse.
987 3553 1014 3604 ln
1033 3551 1154 3606 omnibus

59 3626 92 3682 bis
109 3637 178 3684 certe
195 3631 255 3698 egit
272 3643 401 3684 consensu
420 3627 489 3682 sedis
509 3627 657 3695 Romanae;
676 3627 807 3682 Damasus
826 3635 917 3690 autem
935 3631 1035 3708 &mse
1053 3631 1154 3686 detine

60 3706 128 3762 betur
144 3709 178 3764 ob
194 3709 368 3764 difficultates
387 3723 420 3762 ex
437 3713 516 3782 parte
535 3706 624 3762 Ursini
644 3705 817 3762 sdversarii'
810 3709 900 3776 ipsius.

121 3789 273 3845 *tVidetnr
300 3787 455 3842 Ambrosius
483 3787 641 3842 indicare'
633 3803 720 3856 rpsurn
748 3789 886 3842 concilium
913 3789 1092 3856 Aquileiense,
1120 3791 1154 3844 ad

61 3869 117 3932 quod
134 3869 300 3936 blaximns,'
287 3885 344 3938 Jam
363 3874 428 3922 anta
441 3867 674 3936 Constantinopoli
693 3869 800 3936 eJcctus
819 3885 847 3922 se
865 3870 1023 3924 contulerat
1043 3869 1076 3924 In
1093 3869 1154 3924 sub

60 3947 233 4016 scriptionibus
256 3949 362 4004 concilii
390 3949 570 4016 Aquileiensis
597 3954 705 4016 praeter
734 3950 879 4004 Maximum
907 3951 1058 4018 episcopum
1076 3951 1153 4004 Emo

61 4041 162 4090 nomm.
181 4030 318 4086 invenitur
336 4029 405 4083 alius
415 4029 548 4084 Maximus
566 4029 624 4084 sine
642 4029 740 4094 addito,
759 4029 907 4098 penultimo
925 4031 981 4084 loco
999 4035 1063 4084 ante
1075 4031 1154 4084 Utro

61 4115 159 4161 aaran
180 4111 362 4179 presbyteram
381 4108 591 4175 Aquileienscm‚
615 4108 660 4176 qui
680 4109 791 4162 ultimus
809 4109 972 4179 subscripsit.
993 4109 1077 4163 Valde
1096 4126 1154 4177 pro-

61 4183 134 4240 babile
166 4195 218 4250 est.
248 4188 360 4243 indicari
388 4189 536 4244 Maximum
563 4189 650 4254 illum,
676 4190 720 4256 qui
744 4189 793 4243 sibi
814 4191 994 4258 episcopatum
1014 4189 1153 4243 CPtannrn

62 4267 207 4326 rbrrlicabst.
