2836 4804
257 431 310 484 276
610 431 651 487 De
669 431 787 486 Concilio
805 429 1020 486 chalcedonensi

257 573 281 637 il
304 582 354 638 est
377 573 418 638 de
441 574 473 638 la
496 578 602 638 meme
626 584 742 638 nature
764 595 828 662 que
843 576 920 640 moi.
944 611 989 622 -
1010 573 1053 640 Je
1075 573 1222 640 l'aiteste
1244 573 1358 638 devant

257 671 345 736 Dieu
370 681 402 736 et
425 672 548 736 devant
578 671 626 736 les
649 671 807 755 hommes,
841 693 968 736 oomme
986 674 1022 758 je
1044 671 1187 736 l’aurais
1209 674 1358 736 attesteia

257 770 390 854 Beryto,
415 769 527 856 quand
546 770 582 855 je
606 769 681 854 m’y
709 773 865 853 treuvam,
890 771 917 834 si
936 769 1067 855 j'avais
1091 771 1146 834 ete
1170 771 1246 834 eite.
1289 769 1357 836 J'ai

258 867 403 932 entendu
414 867 501 949 Ibus,
526 867 647 933 faisant
670 889 728 932 son
747 867 900 950 homelia
925 867 996 932 dire
1019 889 1083 952 que
1105 867 1195 932 Dieu
1217 865 1359 931 leVerbe

256 967 446 1052 prevoyant
478 985 539 1050 per
570 988 607 1030 sa
630 965 822 1051 prescienee
851 987 915 1051 que
937 965 968 1028 le
993 963 1105 1030 Christ
1128 987 1163 1028 se
1181 963 1358 1050 justifiereil

258 1083 318 1148 par
341 1083 391 1126 ses
414 1084 562 1144 oeuvres,
586 1063 678 1127 avait
700 1061 815 1126 habite
838 1084 880 1127 en
902 1061 949 1127 lui
957 1060 991 1148 ¹).
1005 1063 1110 1126 -Le
1133 1062 1246 1128 diacre
1268 1061 1359 1125 Abra·

257 1160 335 1224 hem
349 1159 415 1224 dit:
439 1159 460 1225 J
463 1161 470 1188 ¹
482 1161 514 1225 ai
527 1159 681 1242 entendu,
694 1161 760 1225 moi
776 1161 875 1238 aussi,
887 1159 965 1224 Ibes
979 1160 1066 1224 dire:
1090 1159 1250 1225 Leanifs
1271 1161 1300 1224 n'
1310 1167 1360 1222 ont

257 1281 317 1342 pes
340 1257 476 1323 erueifie
490 1257 589 1340 Dieu,
613 1258 696 1322 mais
711 1256 892 1322 seulement
904 1279 951 1321 un
974 1279 1037 1344 pur
1059 1255 1203 1322 homme.
1220 1257 1358 1336 -Jean

258 1355 325 1420 Ber
347 1356 479 1443 q’i'ame
503 1355 565 1420 dit:
602 1356 677 1421 J'ai
702 1355 847 1421 entendu
869 1355 947 1420 Ibas
970 1354 1051 1436 dire,
1076 1377 1117 1419 en
1141 1355 1264 1419 faisant
1284 1353 1358 1418 l'ho-

259 1453 357 1518 melie
390 1456 410 1518 is
441 1451 583 1539 l'eglise:
623 1452 727 1517 Autre
751 1463 800 1517 est
823 1452 906 1517 oelui
936 1455 993 1540 qui
1017 1463 1066 1518 est
1089 1463 1186 1536 mort,
1211 1461 1299 1516 autre
1318 1462 1359 1512 eet

259 1550 343 1616 oelui
367 1553 424 1637 qui
448 1560 496 1615 est
518 1573 586 1615 aux
610 1553 717 1634 oieux,
742 1560 835 1616 autre
856 1561 904 1616 est
927 1550 1012 1615 oelui
1036 1552 1093 1636 qui
1116 1561 1168 1616 est
1190 1573 1265 1616 sans
1287 1571 1361 1613 oem-

259 1659 475 1730 meneemeni‚
499 1659 591 1713 entre
615 1648 700 1714 eelui
724 1651 781 1736 qui
806 1658 855 1714 est
868 1651 991 1714 soumis
1013 1671 1057 1713 eu
1080 1657 1359 1726 eommenoement‚

259 1757 351 1812 autre
375 1745 460 1811 celui
484 1747 541 1834 qui
565 1749 657 1812 vient
681 1747 726 1812 du
738 1749 830 1830 Pere,
854 1758 948 1812 autre
971 1747 1056 1811 eelui
1080 1747 1138 1833 qui
1162 1747 1255 1810 vient
1276 1744 1312 1809 de
1333 1743 1358 1806 la

257 1846 386 1930 Vierge,
436 1845 464 1910 Il
501 1846 639 1932 ajouteit
670 1867 807 1910 encore:
841 1845 875 1911 si
899 1845 988 1910 Dieu
1012 1855 1061 1910 est
1088 1855 1185 1926 mort,
1209 1843 1360 1930 quidone

258 1943 302 2008 l'a
324 1940 516 2028 vivifie“’)?
562 1941 735 2028 Ejusmodi
751 1944 933 2008 sententiae
956 1965 1034 2006 sene
1049 1943 1264 2007 Nestorianae
1285 1949 1357 2015 suni
1398 1933 1399 1936 ¹

259 2042 407 2127 adeoque
431 2043 458 2104 si
481 2040 620 2105 testibus
643 2041 726 2104 fides
749 2040 860 2127 aliqua
876 2039 1031 2106 habenda
1054 2041 1105 2122 sit,
1130 2039 1229 2105 Ibam
1250 2037 1301 2102 illo
1321 2059 1359 2098 er·

259 2161 332 2203 rore
355 2137 513 2202 iniectum
550 2138 652 2202 fuisse
686 2138 819 2203 dixeris.
866 2137 906 2203 In
941 2141 1013 2224 ipsa
1045 2137 1174 2223 synodo
1210 2137 1284 2201 Ibas
1304 2155 1357 2198 non

260 2235 382 2317 adfuit,
414 2235 471 2299 sed
503 2236 622 2301 absens
646 2236 834 2318 damnatus,
859 2239 1166 2302 excommunicatus
1195 2245 1228 2299 ot
1249 2231 1358 2318 deposi-

258 2333 312 2398 tus
335 2343 393 2398 est.

107 2451 155 2494 nu
171 2451 237 2501 seta
349 2431 402 2496 23.
426 2431 515 2495 Dein
552 2432 586 2496 in
624 2431 698 2496 aliis
735 2430 867 2496 concilii
890 2430 1098 2512 Aetionibus,
1142 2439 1258 2496 eontra
1290 2427 1357 2490 alios

260 2531 430 2615 episcopos
464 2539 574 2593 aetum
608 2538 665 2594 est.
724 2529 903 2613 Depositus
939 2539 989 2592 est
1023 2526 1165 2610 Daniel,
1204 2529 1354 2613 epiecopus

261 2626 420 2709 Charree,
457 2626 538 2690 Ibee
574 2649 690 2712 nepos,
727 2638 861 2713 propter
897 2648 1018 2712 pravos
1054 2647 1181 2709 mores3
1220 2626 1355 2690 heraeus

261 2727 432 2812 episeopus
461 2725 557 2809 Tyri,
588 2725 660 2810 jem
693 2725 869 2810 depositus,
905 2725 1212 2788 excommunicatus
1245 2721 1302 2785 luit
1326 2728 1355 2777 ut

260 2824 484 2888 Nestorienus.
526 2821 572 2887 Ut
593 2822 669 2887 telis
692 2822 860 2908 depositus
882 2843 1012 2910 quoque
1035 2811 1354 2904 estAeylinusBybli

261 2923 453 3006 episeopns3
494 2942 592 2984 eausa
627 2942 705 2984 vero
740 2917 916 3005 Sophronii
958 2920 1104 3006 episooni
1139 2918 1281 2997 Thellue,
1309 2909 1353 2997 qui

261 3029 434 3084 aecusatus
466 3019 574 3082 fuerat
595 3028 729 3105 propter
751 3019 922 3101 maleficia,
955 3027 1123 3082 reservata
1144 3027 1196 3082 est
1218 3025 1354 3096 melrope

261 3117 338 3180 litae
361 3117 506 3182 Edessae
530 3117 665 3202 ejusque
689 3115 817 3200 synodo
848 3116 1056 3202 provinciali.
1102 3115 1252 3179 Tandem
1274 3107 1354 3174 notio

262 3215 412 3278 institute
444 3224 492 3280 est
524 3215 681 3300 prolixior
722 3223 835 3279 eontra
867 3213 1110 3280 Theodoreium
1143 3223 1177 3276 et
1208 3212 1353 3276 Domuum

263 3313 452 3398 episcopum
476 3312 739 3395 Antiochorum,
768 3323 801 3376 et
824 3314 923 3377 etiam
946 3311 992 3377 illi
1017 3323 1054 3376 ut
1069 3311 1254 3376 Nestoriani
1275 3305 1353 3386 depo·

263 3409 316 3472 sili
340 3420 424 3474 sunt.

93 3503 135 3546 ne
150 3501 252 3553 ondam
351 3509 403 3572 24.
427 3507 504 3572 Jem
536 3509 709 3572 veniamus
739 3507 783 3572 ad
815 3529 854 3572 ea
884 3529 969 3594 quae
1001 3515 1074 3592 post
1101 3497 1353 3592 pmdffliiffl

135 3564 212 3614 „pue
262 3607 454 3693 Ephoeinam
483 3605 644 3670 accidere.
677 3643 720 3652 -
752 3605 888 3670 Hilarus
921 3605 1098 3686 diaeonus,
1122 3604 1242 3668 Leoni⁸
1261 3601 1286 3664 P
1287 3613 1352 3681 ³9⁸⁰

261 3703 399 3789 legatus,
424 3724 499 3767 oum
522 3712 596 3788 post
619 3705 712 3767 varia
735 3712 889 3790 superate
917 3704 1006 3768 vitae
1029 3701 1220 3766 discrimine
1241 3695 1353 3783 Epheso

263 3823 297 3867 se
321 3801 542 3884 subduxisset,
557 3802 761 3887 Romamque
775 3803 930 3884 venisset,
945 3823 965 3864 a
978 3800 1090 3864 Leone
1112 3809 1259 3886 receptus
1279 3789 1353 3874 esd),

339 3972 357 4042 Ι)
375 3969 406 4023 L.
425 3985 446 4023 o.
466 3970 527 4024 Vol.
550 3971 590 4023 10.
609 3985 634 4038 p.
654 3972 697 4024 33.
967 3971 986 4028 ¹,
1005 3967 1035 4022 L.
1055 3984 1075 4022 e.
1095 3985 1119 4036 p.
1139 3969 1181 4021 3⁶.

336 4053 359 4119 ³)
377 4049 503 4104 Julianus
522 4049 630 4118 legatus
655 4048 764 4103 ridetur
781 4053 843 4116 post
865 4047 989 4102 Hilarum
1008 4046 1120 4102 Romam
1137 4045 1295 4116 pervenisse
1310 4037 1350 4092 R*

263 4135 344 4184 notus
362 4135 453 4184 autem
471 4129 618 4198 presbyter,
643 4129 688 4196 qui
707 4127 806 4184 tertius
825 4133 886 4183 eret
902 4127 1000 4182 Leonis
1019 4127 1136 4197 legatus,
1155 4129 1268 4181 mortum
1285 4117 1351 4174 reler-

262 4217 315 4275 tur,
334 4213 479 4276 antequem
498 4209 632 4276 Ephesum
650 4207 826 4277 pervenisset,
845 4209 873 4262 in
891 4208 980 4263 insula
997 4207 1085 4262 Delos
1124 4205 1180 4262 Gir.
1199 4202 1285 4260 Hefele
1301 4197 1315 4250 l·
1332 4209 1349 4246 θ·
