2936 4814
242 430 277 484 10
521 427 562 485 De
580 429 674 488 histor.
691 423 785 486 cocles
804 431 866 484 ortu
880 445 915 484 aa
932 434 1084 499 progressu.

330 571 381 636 12.
408 569 725 637 commemorandus
738 573 802 637 hoc
825 572 896 636 loco
916 581 965 636 est
979 570 1075 636 nobis
1098 571 1198 634 etiam
1217 569 1358 648 Orodes,

239 668 413 756 presbyter
424 669 595 754 Hispanus
619 679 652 734 et
674 690 817 735 coaevas
832 669 869 736 ·S.
885 669 1075 754 Augustini.
1107 667 1183 748 Quo
1205 666 1359 731 hortante

239 779 355 854 septem
376 770 563 853 composuit
585 768 682 833 tatros
704 770 907 834 historiamuo
929 777 1039 832 aoatm
1057 787 1213 854 papauer,
1236 764 1359 851 quibus

239 865 356 930 mundi
389 875 421 929 et
453 865 660 930 saeculorum
684 877 823 931 eventus
857 885 1023 948 enarrans,
1057 861 1208 945 ostendit,
1232 861 1359 927 falsoa

239 965 377 1049 paganis
400 965 435 1028 in
450 963 705 1028 christianorum
721 962 853 1049 culpam
867 964 981 1027 referri
997 962 1210 1042 calamitaoes,
1236 959 1358 1046 quibus

238 1061 293 1126 illo
317 1071 464 1146 tempore
482 1063 660 1146 imperium
674 1062 861 1126 Romanum
877 1071 948 1124 erat
971 1079 1174 1146 oppressum.
1200 1097 1243 1106 —
1266 1057 1358 1140 Mag·
1442 1121 1445 1134 ,

239 1180 315 1223 nam
322 1169 486 1243 postremo
502 1159 678 1226 utilitatem
698 1160 746 1223 illi
761 1161 861 1223 aetati
876 1169 909 1223 et
924 1157 1202 1244 subsequentibus
1217 1155 1358 1219 saeculis

237 1256 418 1320 attulerunt
440 1259 562 1341 scripta
586 1257 713 1322 Aurelii
740 1255 932 1322 Cassiodori.
964 1255 1030 1336 Qui
1055 1274 1157 1340 quum
1181 1273 1240 1338 per
1264 1253 1358 1338 quin·

237 1356 396 1441 quaginta
419 1376 523 1418 annos
547 1356 581 1418 in
605 1354 776 1440 republica
791 1353 976 1418 Gothorum
1000 1354 1138 1417 summis
1162 1351 1357 1414 muneribus

237 1452 370 1516 binetus
394 1461 487 1534 esset,
521 1475 550 1518 a.
584 1453 650 1516 539
683 1473 785 1517 senex
813 1453 1024 1539 septuaginta
1046 1468 1207 1514 annorum
1232 1451 1267 1512 in
1291 1464 1357 1511 mo·
1460 1461 1461 1472 ¹

238 1551 417 1613 neoterium
442 1551 575 1614 secessit
598 1551 812 1633 Viveriense,
843 1550 957 1636 ibique
986 1547 1170 1612 monachus
1192 1547 1301 1610 iactus
1324 1558 1358 1610 et
1460 1547 1461 1552 ’

236 1647 349 1729 abbas,
369 1647 514 1733 juvenili
538 1648 651 1712 labore
675 1659 773 1734 etque
790 1649 922 1712 fervore
942 1667 1052 1711 sacras
1071 1644 1264 1730 disciplinas
1284 1653 1355 1708 tum
1460 1701 1461 1706 ,

237 1746 307 1830 ipse
330 1744 440 1827 coluit,
465 1755 536 1808 tum
560 1745 642 1810 alios
672 1746 794 1810 docuit.
843 1745 941 1825 Quod
971 1745 1014 1808 ad
1044 1751 1190 1808 nostram
1209 1743 1357 1828 'pertinet
1460 1743 1461 1760 ³

236 1861 322 1924 rem,
358 1843 537 1907 Historiam
576 1845 773 1930 tripartitam
811 1843 905 1908 libris
944 1843 1129 1928 composuit
1168 1840 1355 1906 duodecim.

236 1939 367 2026 Scripta
397 1940 555 2004 videlieet
585 1943 685 2005 trium
709 1941 847 2006 Eusebii
879 1942 1165 2021 continuatorum,
1199 1937 1355 2020 Socratis,

236 2035 409 2102 Soromeni
423 2047 457 2100 et
471 2038 681 2121 Theodoreti,
698 2039 733 2103 in
748 2061 851 2102 unum
867 2041 1032 2124 sapienter
1045 2037 1173 2121 redegit
1186 2035 1356 2100 modicum

237 2133 408 2216 volumen,
439 2135 529 2222 quod
559 2156 602 2199 ex
625 2139 752 2221 origine
774 2137 959 2222 tripartitae
983 2136 1139 2200 historiae
1162 2149 1283 2198 nomen
1307 2141 1357 2197 est

236 2234 397 2297 sortitum.
443 2233 584 2298 Latinus
609 2234 745 2320 quidem
775 2251 881 2298 sermo
912 2236 947 2298 in
971 2233 1034 2297 hoc
1057 2231 1228 2297 volumine
1252 2232 1356 2295 durus
1460 2271 1461 2274 =

237 2339 295 2411 est,
320 2331 378 2395 sed
402 2351 484 2416 opus
499 2333 607 2417 ipsum
621 2332 838 2418 praeclarum,
853 2331 935 2396 adeo
951 2341 987 2395 ut
1002 2331 1110 2395 medio
1134 2350 1227 2412 aevo,
1252 2349 1355 2414 quum

235 2428 278 2491 ad
291 2426 438 2492 Graecos
453 2431 628 2515 scriptores
644 2429 811 2494 difficilior
830 2440 914 2494 esset
928 2429 1047 2510 aditus,
1064 2427 1179 2492 eodem
1194 2438 1354 2512 tanquam
1460 2509 1461 2514 ἵ

235 2525 325 2590 iente
340 2528 518 2612 praecipuo
533 2526 688 2592 historiae
707 2527 948 2592 ecclesiasticae
967 2527 1083 2591 merito
1107 2533 1286 2590 uterentur.
1309 2561 1355 2572 --
1460 2557 1461 2560 ¹

234 2625 292 2690 Isti
308 2625 411 2708 igitur
424 2635 501 2688 sunt
514 2624 626 2688 Latini
643 2645 685 2688 ex
695 2633 801 2689 aetate
809 2625 945 2690 Petrum
960 2633 1109 2690 auctores
1125 2625 1181 2709 qui
1196 2621 1355 2687 historiae

235 2723 477 2787 ecclesiasticae
502 2723 713 2808 disciplinam
736 2723 962 2788 excoluerunt.
988 2721 1115 2803 Quodsi
1141 2743 1179 2785 ea
1203 2739 1287 2806 quae
1312 2719 1355 2783 de

235 2819 287 2884 his
307 2820 604 2884 animadvertimus
619 2823 660 2884 iis
674 2821 839 2907 adjungis,
856 2841 940 2907 quae
957 2821 998 2886 de
1022 2819 1237 2906 scriptoribus
1252 2817 1354 2881 Grae-

235 2921 282 2982 cis
306 2919 529 3003 exposuimus,
552 2918 742 3000 concludes,
759 2921 793 2982 in
815 2919 950 3004 periodo
974 2917 1031 2982 illa
1054 2917 1226 2982 historiam
1250 2915 1353 2980 eccle·

234 3017 401 3082 siasticam
424 3017 569 3080 maxime
593 3015 752 3081 floruisse.

553 3197 766 3277 Bpoaaa
784 3197 1031 3262 secanda.
1126 3167 1129 3173 λ

94 3303 193 3347 ⁰⁰¹²iffl⁰
325 3302 375 3366 13.
398 3302 477 3367 dam
500 3299 544 3367 ad
567 3299 704 3370 alteram
729 3301 919 3366 accedimus
950 3301 1120 3387 epocham,
1151 3323 1250 3388 quam
1275 3293 1352 3388 apte

63 3377 343 3484 ”mbif‘wquosd
378 3399 591 3485 disciplinam
627 3410 773 3465 nostram
809 3401 1005 3482 statuimus,
1042 3419 1193 3486 quaeque
1231 3400 1309 3464 inde
1333 3425 1354 3465 a
1460 3387 1461 3392 ἵ

233 3497 362 3560 soeculo
378 3507 470 3562 sexto
486 3498 656 3564 desinente
676 3519 781 3583 usque
799 3498 842 3561 ad
857 3497 1024 3562 saeculum
1040 3498 1205 3562 decimum
1221 3509 1352 3563 sextum

232 3597 397 3681 incipiens
429 3617 501 3660 sese
533 3596 693 3660 extendit.
741 3595 868 3676 Quodsi
900 3597 1098 3680 quaesieris,
1123 3596 1230 3682 qualis
1252 3597 1353 3661 iurarit

233 3701 337 3759 stetim
361 3693 512 3757 excultae
536 3693 691 3758 historiae
706 3693 949 3758 ecclesiasticae
972 3692 1028 3757 illa
1051 3694 1197 3778 periodo,
1221 3715 1352 3779 respon-

233 3791 359 3856 debunt
390 3791 452 3854 tibi
491 3801 641 3855 auctores
680 3800 897 3875 protestantes
938 3807 1014 3854 cnm
1046 3790 1177 3857 J'oanne
1210 3793 1352 3858 Matthia
1460 3855 1461 3876 ,

233 3887 442 3969 Schroeckh,
467 3889 648 3974 professore
665 3888 957 3972 Wittembergensi
983 3898 1015 3951 et
1038 3891 1195 3974 scriptore
1220 3889 1352 3973 celebri,
1460 3941 1461 3946 η

233 3986 340 4050 nullos
373 3986 475 4050 fuisse
507 3995 575 4050 toto
608 3986 671 4052 hoc
710 3987 951 4070 superstitionis
985 3996 1132 4072 tempore
1164 3990 1352 4073 scriptores,
1460 4003 1461 4036 ³

237 4101 378 4168 quorum
418 4101 517 4169 opera
547 4103 668 4148 nomen
694 4082 850 4147 historiae
881 4079 1124 4148 ecclesiasticae
1156 4095 1354 4152 mereantur.
1460 4127 1461 4166 i

233 4181 346 4261 Quum
370 4183 459 4246 enim
491 4181 574 4246 haec
607 4197 737 4267 quoque
769 4178 947 4267 disciplina
978 4183 1077 4245 unice
1109 4181 1239 4248 eclero
1264 4183 1354 4250 culta
1460 4181 1461 4204 ¹
