2900 4800
378 463 561 522 Difficultates
579 470 709 534 quaedem
726 471 922 540 expenduntur.
1180 467 1234 522 467

111 601 272 688 judicans
295 605 336 671 de
360 608 499 673 internis
521 632 579 675 seu
603 611 645 676 de
667 623 778 678 mente
800 614 985 700 subjectiva
1001 613 1151 694 Honorii,
1176 611 1234 676 sed

117 700 160 766 de
182 702 279 766 iactis
302 702 467 790 objective
503 709 737 793 consideratis,
767 713 802 778 in
826 712 966 777 Honorii
990 710 1111 796 agendi
1135 708 1233 773 modo

115 807 217 884 atque
241 801 275 864 in
299 801 504 870 detrimentis
528 806 605 872 inde
629 811 750 875 secutis
768 811 936 875 sufficiens
959 810 1121 874 motivum
1143 808 1235 870 inve·

116 897 190 960 nire
211 899 336 982 potnit,
361 911 398 964 ut
411 913 545 989 propter
565 906 800 991 negligentiam
822 930 887 994 qua
901 906 1029 974 haeresi
1051 905 1234 970 fomentum

117 995 326 1080 impenderit,
350 999 554 1068 anathemati
567 1002 709 1070 Concilii
741 1007 924 1072 assentiret.
970 1004 1008 1069 ld
1037 1005 1135 1068 etiem
1160 1022 1235 1066 con-

114 1091 331 1160 siderandum
363 1107 432 1180 est,
457 1099 619 1184 ejusmodi
643 1104 820 1168 anathema
849 1105 884 1168 in
907 1101 1119 1182 defunctum,
1144 1097 1235 1164 haud

114 1188 261 1276 aliquem
293 1194 328 1258 in
360 1193 450 1260 hunc
481 1219 636 1264 exarcum
666 1201 831 1266 influxum
870 1209 902 1265 et
934 1201 1107 1281 effectum,
1132 1217 1234 1284 quum

115 1288 188 1374 ipse
211 1311 322 1358 eorem
351 1293 509 1360 tribunali
533 1297 648 1364 divino
676 1299 749 1386 jem
774 1321 833 1386 pro
857 1301 973 1364 merito
996 1299 1083 1384 justa
1106 1318 1235 1381 recepe-

114 1386 177 1467 rit,
201 1388 260 1453 sed
283 1409 353 1454 esse
376 1393 484 1476 potius
507 1415 649 1480 poenum
664 1419 822 1461 censurae
846 1399 880 1462 in
894 1397 964 1462 foro
988 1405 1145 1477 extumo,
1169 1415 1235 1480 qua

115 1494 195 1550 nota
219 1489 397 1554 memoriae
419 1489 508 1556 illius
531 1494 682 1576 inuritur,
695 1517 735 1560 ac
758 1495 871 1560 fideles
895 1518 915 1558 a
937 1496 1051 1582 pravis
1076 1493 1234 1558 docuinis

114 1580 332 1650 deterrentur.
378 1587 489 1652 Potest
510 1599 621 1656 autem
655 1592 816 1678 ejusmodi
845 1613 985 1658 censura
1007 1592 1107 1670 ferri,
1131 1613 1234 1677 quum

114 1681 191 1764 quis
214 1681 368 1765 prudenti
387 1686 516 1771 judicio
540 1689 599 1753 tali
631 1689 826 1776 disciplinae
850 1713 957 1777 poena
980 1689 1101 1774 dignus
1127 1710 1236 1754 cense-

113 1786 188 1859 tur;
212 1789 311 1865 atque
335 1783 496 1868 ejusmodi
507 1786 673 1871 judicium
687 1788 833 1874 prudens
842 1789 911 1853 Leo
929 1788 962 1852 ΙΙ
986 1790 1021 1852 in
1044 1789 1236 1872 quaestione

113 1877 196 1940 satis
219 1877 324 1943 ardua
347 1880 512 1949 formavit.
541 1884 624 1970 Ejus
640 1885 887 1950 damnationem
903 1885 1138 1972 subsequentes
1153 1885 1236 1948 Pon·

112 1972 222 2038 tifices
238 1977 274 2041 in
302 1979 505 2062 professione
534 1982 611 2046 fidei
636 1985 737 2048 citata
759 2007 819 2070 per
841 1983 966 2070 aliquot
989 1982 1121 2047 saecula
1143 2003 1234 2068 repe-

112 2070 248 2156 tebant,
273 2075 331 2140 sed
353 2087 428 2162 post
452 2080 619 2144 saeculum
644 2081 695 2146 XI
727 2085 827 2146 etiam
850 2081 919 2147 RR.
943 2079 1120 2146 Pontifices
1144 2101 1235 2166 pree·

112 2172 327 2238 termiserunt
340 2173 525 2242 Honorium
549 2177 723 2263 damnare,
748 2179 836 2268 quod
860 2180 973 2267 pravis
995 2178 1237 2244 haereticorum

115 2269 354 2336 assertionibus
377 2273 558 2341 fomentum
582 2278 791 2363 impenderit.
820 2279 893 2343 Non
918 2277 1037 2343 desunt
1061 2297 1139 2342 vero
1160 2299 1243 2340 auc·

114 2374 204 2430 tores
227 2369 284 2452 qui
300 2372 417 2454 gravia
440 2373 583 2439 afferunt
601 2386 811 2460 argumente,
836 2376 957 2462 quibus
973 2375 1158 2442 Honorium
1182 2395 1236 2439 ex·

115 2465 226 2528 cusuri
251 2477 386 2532 censent
409 2470 455 2534 ita
470 2472 603 2556 quidem
615 2523 623 2554 ,
647 2482 685 2537 nt
707 2495 769 2538 nec
788 2473 1008 2559 negligentiae
1031 2493 1147 2536 revera
1160 2493 1236 2536 reus

114 2560 227 2627 fuerit.
273 2564 481 2650 Argumenta
512 2569 609 2656 plura
641 2574 788 2657 congerit
810 2571 977 2638 Penecchi
1008 2573 1043 2636 in
1074 2569 1139 2634 fine
1162 2569 1236 2633 Dis-

115 2663 304 2726 sertaticnis
328 2664 370 2728 de
394 2687 493 2732 causa
507 2667 661 2750 Honorii3
686 2669 831 2734 sednon
856 2678 922 2750 est,
948 2691 1008 2734 cur
1030 2666 1117 2732 hanc
1140 2688 1237 2753 quae·

116 2757 258 2822 ationem
283 2759 437 2828 subtilius
461 2768 699 2832 examinemus.
744 2766 887 2832 Juvabit
907 2777 1018 2830 tamen
1042 2786 1237 2830 commemo-

115 2877 191 2918 rare
214 2853 297 2921 haec
320 2859 424 2926 verbs
447 2864 539 2928 citati
563 2863 748 2948 auctoris1).
798 2864 871 2946 „Ex
894 2866 935 2928 iis
962 2885 1047 2949 quae
1071 2861 1238 2949 disputata

116 2962 196 3016 sunt
219 2958 383 3042 sequitur,
417 2983 587 3048 nunquam
618 2963 685 3028 RR.
713 2963 891 3028 Pontifices
909 2961 1127 3047 jurejurando
1151 2962 1237 3024 affir-

291 3113 334 3120 —-

115 3207 175 3248 rem
193 3208 279 3263 aequo
297 3197 388 3254 anime
415 3199 597 3256 consideranti
623 3201 793 3270 perspicuum
810 3207 869 3268 est,
894 3215 954 3256 eam
972 3198 1056 3254 inisse
1075 3199 1238 3255 Graecomm

115 3271 276 3331 indomitam
298 3279 464 3346 snperbiam,
483 3287 541 3335 tum
568 3281 723 3337 maximoe
750 3281 790 3336 VI
812 3285 841 3335 et
864 3277 919 3334 vn
946 3279 1051 3348 synodo
1076 3287 1105 3335 et
1122 3279 1185 3335 inde
1203 3281 1238 3336 ad

114 3353 252 3424 Flentium,
280 3365 313 3414 nt
338 3375 425 3428 neque
456 3361 652 3416 haereticorum
677 3362 788 3416 nomina
815 3378 829 3419 e
856 3377 877 3418 s.
903 3360 1039 3429 diptychis
1057 3359 1133 3426 erui,
1151 3375 1238 3428 neque

114 3434 201 3490 inseri
213 3437 393 3495 Romanorum
412 3442 566 3507 memorias.
584 3457 671 3509 neque
689 3441 826 3511 Sergium,
845 3440 992 3508 Pyrrhum,
1011 3439 1140 3506 Paulum,
1160 3440 1238 3495 alios·

115 3529 170 3580 qne
193 3516 344 3574 istiusmodi
369 3521 564 3577 haereticorum
589 3522 783 3592 antesignanos
809 3521 915 3590 publice
933 3525 1078 3589 aperteque
1102 3518 1238 3588 reprobari

115 3594 253 3663 licnmset,
271 3599 346 3654 nulls
364 3601 478 3670 deniqne
496 3603 569 3658 inter
587 3607 729 3670 utramque
748 3603 859 3658 Musam
879 3601 1071 3670 permansisset
1088 3600 1236 3654 concordia.

115 3673 171 3730 nisi
190 3677 327 3745 antiquior
343 3696 423 3748 passa
442 3681 544 3749 aliquid
562 3681 661 3736 fnisset
678 3681 707 3737 in
725 3681 840 3737 Honorii
858 3683 1059 3737 detrimentum.
1091 3681 1239 3748 Propterea

116 3755 296 3826 integerrima
313 3759 366 3814 fide
384 3761 409 3818 S.
425 3762 500 3817 Sedis
519 3768 689 3828 remanente,
708 3762 818 3830 ipsoque
835 3761 954 3817 Honorio
974 3763 1002 3816 in
1020 3776 1085 3830 paea
1105 3760 1238 3816 Ecclesiae

115 3836 276 3894 certissimis
294 3841 459 3896 estimoniis
477 3842 646 3909 quiescente,
664 3843 823 3910 permissum
841 3842 946 3897 interes
973 3841 1041 3909 init,
1069 3857 1129 3896 eum
1148 3841 1181 3896 de
1198 3840 1239 3896 in-

115 3921 201 3971 auu
218 3917 368 3988 vigilantia
386 3921 474 3991 argui,
501 3925 572 3992 quod
590 3939 654 3990 uon,
681 3928 712 3976 ut
738 3923 828 3976 decuit
846 3922 1022 3990 apostolicum
1041 3922 1238 3982 auctoritatem,

114 3995 234 4051 heresim
251 3999 424 4069 incipientem
451 4003 595 4068 exstinxit,
619 4003 666 4057 aad
691 4001 850 4072 aepliqeudo
876 4002 1021 4068 confecit.“
1056 4003 1089 4055 V.
1117 4001 1239 4070 Hergeu·

116 4075 212 4132 ruther
229 4077 264 4134 K
283 4079 315 4134 G.
335 4079 366 4136 B.
385 4081 437 4137 111.
456 4099 485 4151 p.
505 4081 564 4138 136.

194 4159 215 4228 ι)
232 4157 368 4228 Loquitur
384 4167 481 4217 auctor
498 4162 644 4218 secundum
655 4177 732 4217 suem
745 4161 925 4226 sententiam,
945 4175 998 4227 qua
1015 4165 1105 4227 tenet,
1124 4159 1158 4214 ab
1171 4160 1240 4229 epis-

115 4239 191 4309 copis
219 4239 397 4297 orientalium
427 4241 577 4298 Honorium
603 4241 761 4297 damnatum
786 4241 870 4296 fuisse
894 4249 926 4296 ut
944 4240 1109 4296 haereticum
1133 4241 1240 4310 proprie
