2900 4800
495 435 607 492 Honorii
627 435 764 504 epistolae
1134 437 1188 492 405

72 604 178 663 rasse,
201 591 240 646 ut
262 579 384 648 silentii
416 588 589 666 praetextu
618 602 638 644 a
660 579 823 646 Pontifice
853 579 1049 645 indirectam
1073 580 1188 646 saltem

75 678 347 744 monotheleticee
360 677 535 764 pravitatis
548 677 831 741 confirmationem
846 677 1046 763 impetraret.
1066 677 1186 759 Quam·

73 779 124 842 vis
157 777 248 842 enim
281 775 403 842 silentii
433 775 659 840 oeconomiam
694 773 919 856 commendet,
952 783 1063 840 tamen
1096 799 1189 863 argu-

75 883 186 940 menta
209 874 358 958 congerit
388 872 432 938 ad
462 871 708 937 defendendum
740 891 882 936 errorem
912 871 954 937 de
977 895 1044 937 una
1067 872 1190 939 Christi

72 973 285 1060 operatione,
309 980 342 1036 et
364 971 563 1036 contrariam
586 971 784 1036 sententiam
811 991 831 1034 a
854 969 990 1036 Petrum
1013 970 1190 1036 traditione

72 1068 209 1136 excludi
232 1067 394 1155 perhibet.
446 1067 539 1134 Nihil
574 1068 710 1152 insuper
744 1069 988 1154 praetermittit,
1020 1068 1191 1134 advocatis

73 1175 260 1252 opportune
283 1167 319 1230 in
342 1165 503 1232 auxilium
527 1166 626 1230 etiam
650 1166 906 1230 circumstantiis
928 1168 1132 1249 extrinsecis,
1155 1176 1192 1231 ut

74 1264 203 1350 probet,
227 1263 271 1328 ab
294 1263 516 1330 ecclesiastica
538 1261 714 1349 prudentia
728 1261 873 1328 alienum
898 1283 983 1344 esse,
1009 1263 1192 1328 doctrinam

76 1361 166 1428 illam
192 1361 234 1426 de
257 1383 324 1428 ursa
345 1359 466 1426 Christi
492 1362 682 1446 operatione
703 1383 722 1424 e
741 1361 942 1445 professione
964 1361 1043 1426 fidei
1067 1363 1193 1426 sancita

73 1459 260 1540 eliminare,
284 1481 304 1522 a
318 1460 412 1545 cujus
435 1457 624 1524 exclusione
648 1460 808 1524 immensa
822 1460 1007 1523 animarum
1030 1461 1194 1545 pernicies

73 1559 205 1622 oriatur
227 1567 385 1642 oporteat.
431 1557 575 1622 Demum
607 1554 707 1620 talem
739 1555 860 1620 silentii
892 1561 1117 1622 oeconomiam
1140 1579 1193 1622 ex·

74 1656 191 1741 quirit,
206 1675 291 1740 quae
305 1655 439 1720 omniuo
455 1653 498 1718 ab
517 1655 558 1718 iis
576 1655 633 1739 qui
648 1653 833 1718 doctrinam
852 1652 942 1718 illam
956 1655 1196 1740 profitebantur

73 1755 208 1820 ratione
223 1754 370 1818 sancitae
385 1752 464 1816 fidei
484 1751 696 1836 professionis
711 1753 895 1837 exspectari
909 1774 977 1816 non
990 1761 1127 1838 poterat.
1151 1789 1195 1802 ·-

73 1852 229 1918 loannes
241 1851 390 1935 Baptista
402 1848 578 1914 Bartholus
594 1849 769 1935 episcopus
784 1848 975 1914 Feltriensis
992 1851 1027 1913 in
1040 1871 1099 1914 sua
1109 1849 1196 1937 Apo·

73 1949 168 2034 logis
191 1969 252 2034 pro
273 1947 421 2012 Honorio
449 1947 466 2012 Ι
490 1947 528 2012 R.
551 1947 590 2012 P.
614 1946 701 2034 (cap.
724 1943 818 2033 XII.)
850 1948 984 2012 omnino
1017 1947 1195 2029 contendit,

75 2048 169 2112 hanc
194 2045 367 2132 epistolam
389 2044 496 2130 Sergii
525 2045 569 2110 ad
598 2044 783 2109 Honorium
815 2067 836 2108 a
858 2043 1089 2110 Monotheletis
1120 2053 1197 2110 autc

74 2155 212 2210 sextam
241 2142 411 2227 Synodum
437 2145 587 2208 vitiatam
620 2142 740 2224 fnisse,
769 2151 806 2205 ut
826 2141 965 2206 Honorii
990 2143 1130 2228 recripto
1153 2141 1197 2207 ab

76 2243 201 2310 iisdem
230 2242 354 2327 pariter
383 2249 534 2326 corrupto
564 2239 786 2326 responderet.
832 2240 885 2303 Do
917 2238 980 2303 hac
1009 2241 1199 2326 quaestione

75 2341 197 2426 paucis
221 2359 358 2422 agemus
380 2338 530 2420 inferius3
555 2337 652 2402 modo
667 2359 745 2402 vero
766 2339 922 2402 convenit
944 2359 1028 2420 eam,
1053 2361 1118 2424 qua
1134 2339 1199 2402 Ho-

76 2440 195 2504 norius
219 2436 332 2520 Sergio
365 2435 534 2521 respondit
557 2434 739 2522 epistolam,
764 2433 931 2499 exhibere.
978 2435 1199 2521 Praecipuum

76 2538 170 2601 enim
205 2537 447 2598 controversiae
471 2533 704 2598 documentum
729 2533 844 2597 eadem
869 2533 1088 2598 constituitur.

170 2631 356 2718 Epistolam
385 2630 526 2694 Honorii
558 2630 699 2715 primam
731 2629 775 2695 ad
798 2629 951 2715 Sergium
983 2653 1013 2695 a.
1043 2631 1109 2696 334
1132 2630 1199 2717 (vel

76 2732 122 2798 ad
146 2731 252 2796 finem
276 2739 433 2812 vergente
456 2751 486 2793 a.
511 2727 591 2815 333)
605 2729 761 2813 scriptam
785 2749 864 2810 esse,
884 2729 956 2814 jam
980 2730 1131 2814 superius
1155 2727 1200 2792 di·

78 2833 205 2894 ximus.
250 2827 356 2894 Juxta
388 2827 614 2890 recitationem
656 2827 691 2888 in
722 2823 869 2890 Concilio
902 2829 1113 2890 oecumenico
1152 2823 1202 2890 VI

79 2929 208 2994 factam
232 2927 279 2990 ita
302 2947 336 2990 se
359 2923 476 2990 habet:
950 2921 955 2936 '

173 3024 228 3090 29,
255 3021 404 3108 ,Scripta
427 3023 641 3086 fraternitatis
656 3031 784 3086 vestrae
799 3021 1012 3106 suscepimus,
1037 3043 1096 3106 per
1119 3043 1300 3107 quaeamus
1317 3045 1361 3095 spr-

79 3123 313 3188 contentiones
337 3119 507 3206 quasdam,
532 3128 565 3182 ct
588 3139 692 3182 novas
711 3139 831 3182 vocum
856 3120 1063 3203 quaestiones
1086 3108 1268 3203 cognom*
1283 3107 1360 3157 ⁹5¹⁰*

83 3223 197 3286 vimus
220 3218 424 3284 introductas
457 3239 517 3303 pcr
539 3216 761 3302 Sophronium
791 3215 969 3302 quemdam
992 3225 1072 3280 tunc
1094 3237 1203 3281 mona-

80 3319 207 3396 chum,
232 3339 321 3382 nunc
345 3337 423 3380 vero
447 3337 490 3378 ex
522 3313 640 3380 auditu
667 3315 859 3400 episcopum
882 3313 1204 3398 Hierosolymitanae

80 3416 179 3482 urbis
210 3416 440 3494 constitutum,
464 3411 623 3476 &versus
653 3411 787 3475 fratrem
810 3419 957 3476 nochum
983 3409 1106 3496 Cyrum
1131 3409 1204 3475 Ale-

80 3513 249 3586 xandriae
270 3513 464 3592 antistitem,
480 3531 582 3574 unam
596 3511 820 3596 operationem
837 3509 974 3572 Domini
984 3509 1007 3574 J
1010 3529 1068 3572 esu
1083 3506 1204 3572 Christi

83 3611 258 3676 conversis
290 3631 332 3672 ex
363 3609 491 3674 haeresi
523 3606 781 3692 praedicantem.
829 3604 895 3685 Qui
920 3605 1062 3690 denique
1085 3605 1128 3670 ad
1152 3627 1205 3669 ve·

82 3721 190 3774 stram
202 3707 441 3772 fraternitatem
454 3704 658 3790 Sophronius
670 3705 817 3786 veniens,
831 3703 1084 3789 quaerelamque
1097 3702 1206 3788 hujus·

84 3807 178 3872 modi
203 3807 380 3891 deponens,
405 3803 649 3868 multiformiter
669 3801 831 3880 eruditus,
853 3802 949 3886 potiit
972 3800 1013 3864 de
1037 3799 1097 3882 his,
1122 3823 1207 3886 quae

82 3929 107 3969 a
131 3904 229 3970 vobis
252 3904 360 3968 fuerat
379 3903 558 3966 instructus
576 3897 785 3986 paginalibus
806 3899 868 3962 sibi
893 3896 1028 3983 syllabis
1050 3899 1205 3977 reserari3

85 4023 231 4088 quarum
266 4000 449 4066 litterarum
487 3998 530 4062 ad
566 3997 721 4062 eumdem
753 3994 974 4081 Sophrouium
1008 3995 1207 4058 directarum

86 4101 308 4186 suscipientes
334 4096 521 4182 'exemplar,
554 4105 587 4159 et
609 4096 774 4158 intuentes
805 4095 883 4158 satis
906 4091 1045 4179 provide
1070 4093 1208 4156 circum·

86 4208 266 4282 specteque
290 4196 528 4259 fraternitatem
553 4202 696 4256 veebum
720 4192 896 4278 scripsisse,
920 4189 1094 4255 laudamus
1117 4193 1209 4254 novi·
