2806 4848
384 485 504 539 Oenones
523 483 636 539 Consilii
655 483 758 539 cenni
776 483 797 539 Ι.
1096 483 1141 536 121

68 635 147 695 tiones
159 631 328 716 faciendas
349 629 399 693 ool
416 640 549 716 propter
576 627 660 692 alias
690 629 941 715 dispensationes
963 629 1145 695 ecelesiasti-

67 753 114 793 cas.
156 729 283 794 Servata
318 751 389 792 aero
413 751 491 812 qnae
525 728 644 812 scripta
668 739 713 792 est
741 727 779 790 de
800 727 1077 814 gubernationibus
1100 751 1146 788 re-

64 828 133 910 gala,
153 827 349 912 maniJ'estnsn
372 836 431 903 est,
455 825 537 911 qaod
568 825 629 888 illa
651 849 729 911 quae
758 835 831 889 sant
858 849 917 912 per
949 848 1147 910 nnansqaam·

65 949 107 1009 pse
123 925 321 1010 provinciam,
354 924 455 1008 ipsius
482 923 666 1008 prouinciae
698 924 835 1010 synodus
867 923 1034 1008 dispenset,
1068 923 1147 985 sian

65 1021 185 1085 *tuaest
217 1033 339 1085 constat
371 1021 524 1084 decretam
556 1043 620 1084 esse
656 1019 804 1085 Concilio.
856 1021 1012 1085 Ecclesia
1046 1031 1149 1084 autent.

16 1148 19 1165 ν
64 1119 113 1182 llsi
137 1121 169 1183 in
201 1119 377 1182 barbaricis
411 1119 554 1204 pentibus
590 1121 774 1183 constitutas
808 1119 977 1206 pubcrnari
1008 1119 1149 1182 conc-enit

57 1222 136 1302 jueta
155 1217 405 1281 asnsneasdinem
419 1239 496 1302 qaae
511 1217 744 1280 estaPatsibns
761 1217 932 1281 observata.
965 1253 1004 1263 -·
1033 1215 1148 1280 Canon

62 1317 155 1379 tertius
178 1316 223 1378 ita
246 1314 361 1378 habet:
390 1311 680 1402 Constantinopolis
707 1317 868 1402 episcopas
890 1315 1002 1378 babeat
1024 1313 1149 1376 honoris

59 1415 210 1496 primatum
228 1425 303 1498 post
328 1413 502 1476 lismonam
526 1413 717 1499 episcopans,
746 1436 780 1476 eo
803 1415 886 1498 qnod
909 1415 951 1478 sit
974 1415 1045 1498 ipsa
1068 1434 1149 1475 nova
1197 1419 1202 1428 ’

62 1511 152 1576 Roma.
176 1509 255 1594 (Tin
284 1507 392 1597 μέντοι
431 1509 770 1586 Κονσταντινοπὸλεως
801 1505 982 1574 ἐπίσκοπον
1005 1504 1087 1588 ἔχειν
1110 1505 1150 1570 τὰ

60 1611 197 1688 ,πεσβεῖα
218 1611 273 1694 τῆς
294 1602 395 1695 cippo,
421 1605 473 1670 ded
496 1606 534 1669 τὸ
557 1598 639 1671 sicas
664 1605 759 1696 αὐτὴν
783 1606 854 1672 νέαν
876 1607 1015 1695 Ῥώμην).

130 1705 183 1770 48.
207 1705 283 1770 Jam
308 1705 463 1786 vidimus,
489 1728 613 1770 canone
637 1717 728 1770 sexto
754 1706 892 1771 Concilii
916 1707 1053 1770 Nicaeni
1079 1727 1149 1790 pro·
1169 1732 1240 1774 (aaa
1255 1731 1298 1769 nr-

60 1802 148 1867 risum
185 1803 300 1886 fuisse,
341 1814 377 1867 ut
414 1803 559 1868 ecclesiis
591 1803 864 1890 patriarchalibus
902 1804 1038 1890 aliisque
1072 1823 1149 1888 prae
1210 1791 1261 1831 ‘⁵²¹⁸'

59 1903 178 1965 casaris
201 1899 423 1966 eminentibus
446 1925 505 1966 sua
515 1902 592 1987 jura
607 1902 855 1966 vindicarentur
877 1912 909 1965 et
932 1903 1148 1966 firmarentnr.

59 1997 237 2063 [lonstitntio
262 1998 466 2063 hierarchica
490 2001 523 2063 in
545 1999 694 2064 Ecclesia
718 2023 756 2064 ea
779 2011 847 2064 erat
871 1999 999 2064 saeculo
1023 2008 1149 2085 quarte,

58 2113 84 2159 ut
102 2108 163 2160 tres
188 2107 296 2162 essent
319 2095 534 2183 patriarchae,
559 2097 736 2182 Romanae,
761 2097 1006 2162 Alexandrinus
1030 2105 1061 2159 et
1085 2095 1150 2157 An-

57 2194 223 2258 tiochenus.
268 2195 437 2259 Romanus
454 2197 626 2280 episcopus
650 2205 686 2259 ut
700 2195 874 2260 dioecesim
899 2192 1150 2282 patriarchalem

57 2291 187 2356 hahebat
207 2303 312 2356 totum
336 2291 568 2374 Occidentem
594 2292 840 2358 Alexandrinus
863 2293 1051 2380 Aegyptum
1076 2313 1152 2356 cum

55 2391 222 2472 provinciis
254 2390 500 2477 adjacentibus,
540 2391 699 2478 multique
736 2391 881 2480 (circiter
912 2389 1057 2477 centum)
1090 2389 1151 2453 sub

57 2489 114 2572 ipso
142 2488 367 2575 metropolitae
397 2497 429 2552 et
462 2491 606 2575 episcopi
628 2491 795 2554 constituti
819 2500 926 2574 eraut3
973 2487 1070 2552 simili
1104 2509 1150 2552 ra·
1193 2561 1197 2570 ,

56 2588 131 2650 tione
149 2585 360 2650 Antiocheae
384 2585 542 2651 dioecesis
567 2610 636 2652 sese
660 2585 812 2653 habebat.
859 2588 1031 2651 Praeterea
1055 2583 1151 2649 habe-

58 2681 123 2748 bant
147 2683 268 2748 similia
287 2685 461 2770 privilegia
476 2695 508 2748 et
517 2685 594 2770 jura
613 2684 800 2771 similesque
816 2683 988 2765 dioeceses,
1014 2683 1152 2768 majores

57 2781 269 2868 metropolitae
284 2805 340 2846 seu
360 2781 522 2847 exarchae
538 2782 717 2847 Caesareae
742 2785 775 2847 in
792 2781 1011 2869 Cappadocia,
1029 2779 1152 2866 Ephesi

56 2881 81 2942 in
112 2881 194 2945 Asia
224 2881 352 2962 minori,
384 2891 416 2944 et
444 2881 623 2945 Heracleae
654 2882 688 2944 in
718 2867 883 2962 Thracia,¹
903 2891 1000 2965 atque
1030 2880 1153 2964 primas

54 2975 327 3063 Carthaginiensis
350 2980 385 3041 in
408 2978 532 3043 Africa.
557 2979 722 3042 Romanus
746 2989 855 3043 autem
878 2977 1030 3043 Pontifex
1054 2976 1152 3038 etiam

54 3077 143 3139 totius
173 3075 346 3140 Ecclesiae
379 3087 478 3163 caput
501 3087 570 3140 erat
599 3085 630 3139 et
653 3075 695 3140 ab
720 3076 872 3140 omnibus
896 3085 932 3138 ut
953 3073 1017 3138 tale
1040 3095 1154 3158 agnos-

12 3153 15 3258 l
53 3173 189 3254 sebatur,
223 3194 382 3259 suamque
406 3174 670 3259 jurisdictionem
702 3176 735 3238 in
760 3175 948 3238 universam
971 3171 1153 3236 Ecclesiam

12 3279 13 3304 ³
52 3270 230 3335 exercebat.
278 3270 439 3352 Quamvis
464 3293 541 3336 vero
560 3272 635 3358 jure
670 3271 784 3336 divino
812 3271 978 3335 Romanus
1000 3269 1154 3334 Pontifex

55 3369 81 3432 in
104 3371 277 3434 universos
300 3379 333 3432 et
356 3369 499 3454 singulos
523 3369 635 3434 fideles
659 3371 888 3457 jurisdictione
912 3366 1079 3456 praeditus
1103 3368 1153 3451 sit,

52 3489 83 3530 es
105 3477 214 3531 aetate
247 3467 356 3553 quoad
387 3467 555 3533 Orientem
589 3490 661 3532 eam
696 3469 870 3533 exercebat
903 3466 1090 3531 immediate
1122 3467 1153 3530 in

53 3563 264 3645 Patriarehas,
289 3565 397 3630 miuus
420 3587 497 3630 vero
522 3588 597 3630 cum
613 3567 749 3650 singulis
773 3567 934 3652 episcopis
958 3586 1053 3648 agere
1077 3563 1155 3628 sole·

53 3661 109 3728 bat.
148 3701 191 3710 -
225 3661 377 3726 Decursu
401 3663 521 3728 saeculi
554 3665 661 3750 quarti
693 3666 865 3751 episcopus
888 3661 1154 3746 Hierosolymita-

51 3785 114 3840 nus,
138 3762 293 3847 quamvis
327 3763 520 3827 constitutus
544 3771 627 3826 esset
654 3762 716 3826 sub
747 3760 951 3848 metropolita
976 3759 1154 3825 Caesareae

52 3861 78 3923 iu
102 3859 301 3940 Palaestina,
334 3867 445 3924 tamen
472 3860 604 3925 honoris
636 3860 810 3946 privilegia
843 3861 935 3924 varia
959 3858 1154 3923 obtinuerat.

51 3961 118 4023 lam
145 3959 181 4022 in
196 3955 345 4021 Concilio
360 3957 506 4023 Nicaeno
531 3961 684 4023 statuitur
707 3981 832 4024 canone
846 3957 948 4022 vlu:
981 3957 1063 4030 Quia
1086 3979 1154 4020 con-

51 4057 174 4122 nsetudo
200 4054 334 4118 obtinuit
358 4066 387 4119 et
411 4058 542 4143 andana
570 4057 713 4136 traditio,
736 4067 770 4120 nt
788 4056 898 4121 Aeliae
922 4056 1085 4141 episcopas
1106 4053 1155 4116 bo-

52 4169 182 4232 nactus,
206 4153 320 4217 natea
342 4155 468 4217 lionoris
488 4157 735 4240 consequentiam
751 4151 860 4237 (ἐχέτω
882 4151 937 4240 τῂν
960 4145 1157 4215 ἀκολουθίαν

53 4261 98 4340 rip
121 4251 230 4342 ss'png)
253 4251 344 4320 salva
367 4252 546 4337 monopolis
563 4253 701 4338 propria
720 4252 882 4338 dipnitate.
930 4248 1156 4335 Subsequente
