2810 4846
209 423 263 476 260
562 420 602 474 De
620 419 741 476 Concilio
760 419 976 476 Chaloedoaenti.

211 564 252 630 de
270 563 408 630 Concilio
428 561 683 643 Chalcodooemi,
707 564 919 630 oecumenico
945 571 1070 648 quarte,
1096 561 1187 647 quod
1210 561 1254 626 ad
1277 583 1328 624 ex-

211 661 445 744 stinguendum
469 659 561 725 illurn
595 681 736 726 errorem
770 659 972 726 celebratum
996 670 1054 725 est.
1101 659 1197 724 Varii
1222 673 1329 724 autem

212 769 349 823 eventus
382 758 463 822 illud
487 756 673 824 Concilium
706 769 966 844 praecesserunt,
991 761 1048 844 qui
1071 757 1114 823 ad
1144 759 1243 822 initia
1265 756 1329 821 Mo-

211 856 442 942 nophysitismi
466 857 641 940 pertinent,
655 867 754 942 atque
778 858 877 920 etiam
897 865 1070 943 propterea
1093 855 1148 922 hic
1173 853 1329 940 tangendi

213 966 298 1037 sunt,
332 964 369 1017 ut
400 952 538 1018 celebris
561 957 786 1020 controversia
822 954 863 1020 de
895 954 1002 1019 tribus
1026 952 1191 1040 Capitulis
1225 954 1328 1018 subse-

213 1063 332 1142 quente
357 1051 486 1116 saeculo
510 1053 634 1134 agitata
658 1052 797 1137 intelligi
821 1053 933 1138 possit.
980 1052 1070 1116 Hine
1101 1055 1249 1138 primum
1272 1051 1329 1115 dis-

214 1171 358 1214 seremus
392 1149 431 1212 de
467 1149 624 1214 eventibus
653 1162 726 1214 oute
763 1147 935 1216 Concilium
962 1147 1226 1230 Chalcedonensis,
1259 1149 1329 1214 dein

214 1269 291 1312 vero
316 1248 355 1312 de
378 1249 443 1312 iata
467 1245 596 1333 Synodo
620 1249 823 1313 oecumenico.

304 1344 370 1410 Cir.
395 1355 524 1432 praeter
547 1355 696 1410 auctores
715 1346 925 1432 praecedenti
941 1346 1186 1412 Dissertationo
1210 1348 1331 1422 citatos,

215 1443 475 1529 Hergenrother,
510 1444 641 1508 Photiua
672 1443 710 1508 B.
743 1445 768 1508 Ι.
794 1443 879 1508 Baelo
910 1445 936 1508 Ι.
965 1442 997 1510 C.
1022 1447 1065 1524 3,·
1098 1441 1331 1510 Koa-Geso.

215 1544 252 1607 B.
277 1544 303 1606 I.
329 1540 361 1606 S.
387 1543 469 1621 320,-
493 1541 531 1608 B.
554 1542 614 1604 III.
650 1539 682 1606 S.
708 1543 784 1606 123.
827 1579 871 1588 -
905 1543 1037 1622 Martia,
1066 1543 1110 1606 Lo
1133 1539 1333 1630 Briyoadupe

216 1641 367 1726 impiae
403 1640 529 1725 d'oprla
563 1639 608 1702 loa
643 1639 737 1704 Aetas
774 1641 956 1704 ricammoet
989 1639 1191 1720 dieoaoerta,
1226 1639 1334 1702 Revue

217 1738 275 1802 des
299 1739 445 1802 soienoes
469 1736 744 1822 eeclesiastiques,
772 1737 867 1817 1874,
892 1747 969 1802 tom.
993 1737 1055 1803 IX.
1080 1749 1112 1804 et
1136 1741 1184 1804 X.

758 2053 793 2116 1.

294 2185 363 2250 De
387 2149 628 2250 eueottibua
650 2189 761 2248 orote
785 2183 1053 2250 Concilium
1076 2185 1266 2251 Chalae·

673 2301 890 2364 stonense.

309 2433 340 2496 4.
369 2429 747 2496 Cuuaolberoioaoeoi.
769 2431 919 2495 —Inter
942 2453 996 2496 eos
1021 2433 1077 2516 qui
1101 2431 1244 2495 multum
1267 2451 1330 2493 eon-

97 2537 168 2568 ⁵0¹¹¹¹⁸·
221 2529 366 2594 tulerunt
398 2539 435 2592 ut
457 2529 736 2593 Nestorianismus
768 2531 900 2613 penitus
933 2531 1177 2614 reprimeretur,
1203 2527 1331 2592 eminuit

222 2626 254 2691 S.
279 2627 425 2692 Raouios
443 2627 630 2691 Edesseuus
654 2628 828 2714 episcopus
856 2636 889 2691 et
912 2626 1118 2712 metropolita
1149 2626 1330 2712 provinciae

222 2724 412 2790 Osrhoenos
435 2725 470 2788 in
487 2725 655 2790 Armenia.
702 2725 734 2788 Is
765 2723 900 2810 quidem
925 2726 1019 2788 initio
1043 2746 1085 2788 ex
1108 2723 1260 2810 partibus
1280 2739 1331 2784 ste·

221 2833 305 2887 terat
327 2823 470 2887 Joannis
503 2822 715 2904 Antiocheni,
749 2823 806 2888 sed
839 2821 950 2887 adhue
982 2834 1162 2908 antequam
1187 2823 1331 2886 unionem

223 2921 350 2985 iniisset
371 2921 529 3002 Joannes,
554 2920 595 2984 ab
621 2921 691 3004 ipso
715 2929 902 3002 recesserat,
927 2930 960 2984 et
984 2917 1108 3003 Cyrillo
1134 2941 1206 2983 sese
1224 2917 1331 3004 junxe-

222 3027 283 3082 rat.
329 3019 407 3084 Post
430 3018 586 3082 unionem
610 3018 742 3099 saetam,
768 3041 869 3104 quum
886 3019 1087 3098 Nestoriani,
1112 3019 1162 3080 uti
1188 3016 1331 3083 diximus,

222 3116 324 3180 libros
347 3115 511 3179 Theodori
536 3115 758 3200 lilopsuesteni
783 3137 965 3202 propagare
989 3115 1175 3196 studerent,
1200 3111 1333 3177 Rabulas

225 3213 386 3297 Cyrillum
407 3215 546 3294 monuit,
570 3212 671 3277 libros
688 3211 854 3278 Theodori
878 3214 1003 3277 fontem
1027 3235 1097 3276 esse
1120 3210 1265 3276 haeresis
1279 3209 1330 3272 Ne-

225 3315 397 3394 storianae,
412 3311 591 3376 Armeniae
615 3313 785 3397 episcopos
814 3335 833 3376 a
856 3311 1005 3396 legendis
1028 3313 1100 3374 istis
1122 3309 1217 3374 libris
1242 3308 1332 3372 deter-

225 3411 299 3490 ruit,
334 3419 366 3474 et
398 3411 433 3474 in
466 3409 605 3474 ecclesia
628 3409 798 3474 Edessena
831 3412 939 3496 ipsum
967 3408 1179 3472 Theodorum
1212 3404 1331 3470 anathe-

226 3520 312 3572 mate
342 3509 545 3596 perstrinxit.
594 3507 741 3588 Quidam
773 3494 891 3572 tamen¹
917 3507 1062 3592 episcopi
1088 3503 1225 3570 Ciliciae
1252 3521 1331 3590 proo-

226 3607 411 3688 tenderunt,
442 3605 606 3670 Rabulam
640 3607 686 3670 ita
716 3607 750 3670 in
784 3607 905 3690 scripta
929 3605 1152 3690 Mopsuesteni
1178 3599 1329 3670 invehere,

227 3705 315 3790 quod
350 3707 420 3791 ipse
455 3703 632 3790 aliquando
668 3727 688 3767 a
719 3703 891 3767 Theodoro
927 3703 1044 3766 erroris
1073 3704 1244 3766 convietus
1264 3697 1330 3760 fuis

228 3811 294 3885 set,
337 3812 435 3889 atque
466 3803 565 3866 etiam
590 3803 623 3865 in
649 3800 734 3865 elero
768 3801 935 3865 Edessena
965 3799 1055 3864 haud
1079 3799 1259 3874 defuerunt,
1281 3791 1328 3878 qui

227 3900 392 3966 Theodori
423 3901 646 3984 Mopsuesteni
678 3900 870 3964 memoriam
904 3897 1040 3978 violari,
1064 3919 1160 3981 aegre
1184 3892 1328 3959 ferebant.

229 4001 308 4064 Fuit
331 4022 374 4064 ex
389 3998 440 4062 his
455 3997 621 4062 Theodori
638 3997 895 4062 admiratoribus
912 3998 1056 4060 maxime
1072 3995 1149 4059 lbos
1171 3991 1329 4080 presbyter

228 4098 435 4178 Edessenus3
470 4107 501 4160 et
534 4095 575 4158 de
608 4094 780 4159 Theodoro
811 4104 891 4159 tuno
918 4095 990 4179 jam
1024 4091 1240 4157 controversia
1266 4097 1328 4148 orta

229 4205 288 4260 est.
334 4194 490 4258 Attamen
515 4217 616 4281 quum
641 4195 710 4279 ipse
727 4191 870 4278 Cyrillus
893 4191 1139 4257 Alexandrinus
1162 4199 1192 4254 et
1207 4181 1326 4252 Procius
