2882 4806
255 465 309 520 308
607 464 648 518 De
667 463 786 518 Concilio
805 463 1020 520 Chalcedouemi.

257 619 332 672 tane
355 632 423 672 aem
440 609 625 697 menindus
640 609 795 696 episcopie
805 609 991 694 morineias
1008 610 1169 695 epbcopos
1193 611 1386 690 adiurante,

257 705 512 790 pcemadmodam
534 707 652 770 divinis
675 705 847 770 canonibus
870 717 916 771 cat
939 706 1112 786 traditum
1148 707 1301 772 ordinari
1324 733 1383 772 aa

257 813 325 881 εσσε,
350 804 430 866 sicat
452 802 568 866 dictum
591 814 645 882 est,
655 803 896 889 praedictarum
919 803 1091 867 dioecesum
1114 806 1387 891 neapolitanos

257 923 278 964 a
304 897 431 964 CPtano
461 901 702 1013 archiepiscopo,
726 900 977 964 conuenientibus
1009 901 1048 964 de
1069 923 1154 966 more
1168 903 1279 989 factis
1303 903 1383 968 elec-

257 997 404 1076 tionibus,
428 1006 458 1061 et
480 997 559 1060 ad'
545 1020 649 1084 speum
671 997 791 1060 relatis.

107 1109 184 1162 nanu
199 1119 232 1150 ra
345 1093 825 1176 64.AetioneXV1,habita
857 1093 911 1158 die
948 1096 985 1158 1⁰
1022 1095 1237 1179 Novembris,
1275 1097 1381 1183 legati

132 2733 208 2776 baem.

184 1170 427 1258 ”pontificis
450 1203 564 1256 eontra
587 1191 675 1256 hune
708 1213 868 1256 canonem
895 1191 1126 1274 reclamarunt,
1151 1217 1299 1281 cumque
1323 1197 1379 1260 de-

257 1294 355 1356 cretis
379 1289 518 1356 Consilii
541 1291 691 1370 Nicacni,
715 1290 810 1375 eujus
834 1310 994 1354 canonem
1012 1290 1060 1354 VI
1083 1293 1275 1376 recitarunt,
1301 1317 1379 1358 con-

257 1392 394 1456 trarium
426 1388 594 1452 dixerunt
647 1386 786 1472 Insuper
824 1409 926 1472 quum
964 1385 1082 1452 Attius
1118 1389 1381 1456 archidiaconus

258 1483 410 1553 CPtanus
443 1486 682 1572 oppositionem
714 1483 846 1548 cludere
876 1495 1012 1549 conatus
1045 1497 1226 1572 quaereret,
1261 1511 1307 1553 an
1336 1489 1380 1553 le-

256 1587 324 1671 gati
348 1588 411 1650 ista
434 1584 475 1647 de
498 1606 533 1648 re
565 1581 759 1646 mandatum
781 1581 951 1647 Pontificis
984 1581 1152 1665 haberent,
1187 1585 1383 1651 Bonifatius

257 1683 429 1770 presbyter
452 1704 537 1746 unus
560 1701 603 1744 cx
625 1679 742 1764 legatis
766 1679 869 1743 dixit:
897 1679 1106 1746 Βσαείσσίσησσσ
1128 1693 1158 1746 et
1181 1685 1382 1769 apostolieae

258 1783 349 1868 Papo
371 1782 454 1845 inter
476 1779 678 1844 cesurnico
701 1776 790 1840 nobis
812 1776 985 1840 mandauit.
1030 1779 1073 1840 Et
1095 1801 1135 1843 aa
1158 1780 1310 1846 nanae
1332 1805 1380 1846 re·

257 1880 382 1944 citavit:
415 1877 601 1942 Sanctorum
631 1897 748 1961 qaoque
775 1883 905 1959 panum
936 1877 1188 1940 οοσσσείεσείοσισπσ
1209 1879 1382 1964 prolatam

257 1977 349 2040 nulia
367 1975 541 2062 patiamini
564 1974 735 2038 εσσησνίεαεσ
753 1971 870 2036 notari·
883 1971 932 2035 cel
953 1973 1106 2053 imminui,
1130 1987 1295 2042 sementes
1319 2001 1380 2041 om·

258 2075 394 2140 nimedis
417 2094 574 2159 personae
597 2081 723 2135 ηοσεσασ
755 2071 790 2134 in
812 2069 930 2148 votis,
946 2093 1022 2156 quoa
1050 2073 1115 2136 eice
1137 2085 1251 2138 ποσενα
1276 2085 1381 2140 nane·

258 2171 407 2248 σηίσίησισσ,
422 2170 623 2253 dipsitatem:
647 2190 684 2231 oe
707 2169 736 2232 σί
758 2168 812 2253 qui
825 2166 915 2252 sorte
938 2169 1098 2234 ciuitatem
1120 2193 1250 2235 summ
1275 2173 1382 2260 splen-

259 2268 334 2332 dore
358 2267 466 2351 confici
497 2267 621 2353 aliquid
650 2267 711 2331 sibi
743 2267 931 2330 tentaverint
957 2287 1121 2352 usurpem,
1145 2269 1200 2332 bac
1223 2293 1291 2356 qua
1314 2272 1368 2358 dip

259 2387 333 2428 nam
348 2374 394 2428 est
417 2367 594 2429 cunctantia
616 2365 804 2429 retendotis.
829 2401 873 2410 —
886 2364 1102 2430 Perstiterunt
1124 2375 1238 2431 tamen
1254 2367 1379 2434 Graeci

259 2463 295 2526 in
318 2463 501 2547 proposit03
526 2463 582 2526 scd
606 2463 705 2548 legati
733 2461 960 2544 obtinuerunt,
985 2472 1021 2525 ut
1043 2485 1103 2527 sua
1125 2464 1321 2531 reclamatio
1346 2469 1380 2530 in

259 2562 342 2625 actis
366 2557 505 2624 Consilii
530 2562 786 2644 consignaretur

108 2671 214 2725 moeres
203 2682 242 2712 ι
350 2657 403 2724 65.
426 2657 597 2722 Petierunt
620 2657 754 2743 quidem
777 2657 892 2721 Patres
916 2653 1065 2740 Consilii,
1087 2657 1281 2724 Marcianus
1295 2661 1383 2748 Imp.

260 2763 293 2820 et
327 2754 502 2820 Anatolius
538 2757 687 2840 repetitis
724 2753 864 2834 vicibus,
904 2763 940 2818 ut
975 2755 1043 2820 Lao
1082 2774 1245 2820 canonem
1286 2759 1382 2824 illum

259 2853 414 2920 XXVIII
447 2851 673 2934 confirmaret,
709 2873 812 2936 quum
845 2860 977 2935 propter
1005 2851 1128 2918 bonum
1160 2855 1382 2920 ecclesiarum

261 2953 406 3019 Orientis
428 2950 511 3015 baso
535 2951 711 3014 constituta
734 2957 850 3028 essent,
875 2969 936 3012 nce
959 2951 1120 3033 primatus
1142 2951 1180 3016 R.
1204 2952 1384 3018 Pontificis

260 3051 377 3115 iisdem
402 3051 622 3135 impeteretur.
669 3045 734 3112 Sed
748 3045 902 3110 Pontifex
922 3047 1044 3131 optime
1066 3050 1273 3133 perspiciens
1298 3052 1381 3137 peri·

260 3148 335 3212 cula
358 3169 442 3234 quac
465 3167 507 3210 cx
530 3145 710 3210 ambitione
733 3145 962 3228 episcoporum
978 3143 1185 3210 OPtanorum
1200 3151 1382 3232 provenire

261 3254 420 3331 poterant,
453 3243 639 3308 nullatanus
672 3243 778 3305 cessit.
833 3240 927 3304 Haec
967 3244 1151 3306 constantia
1183 3245 1218 3308 in
1253 3245 1380 3310 tuenda

260 3345 397 3428 antiqua
421 3341 598 3426 disciplina
620 3363 640 3404 a
663 3337 863 3427 quibusdam
877 3339 1113 3404 recentioribus
1135 3339 1309 3429 adscripta
1332 3359 1378 3406 est

260 3441 441 3526 angustiori
470 3461 580 3503 rerum
611 3437 876 3517 considerationi,
909 3458 975 3523 qus
997 3437 1150 3502 Pontifex
1180 3438 1223 3502 ds
1242 3441 1380 3526 juribus

260 3541 421 3625 primatus
462 3537 635 3618 sollicitus,
676 3535 886 3600 necessitates
927 3542 959 3598 ct
1002 3535 1175 3599 commoda
1216 3538 1379 3602 ecclesiae

262 3637 416 3702 CPtanae
439 3635 644 3720 aliarumque
658 3631 871 3696 ecclesiarum
886 3633 1092 3697 orientalium
1105 3655 1171 3698 non
1195 3636 1278 3698 satis
1302 3657 1378 3722 pon·

261 3735 436 3800 deraserit.
482 3732 528 3797 At
559 3732 656 3817 plene
679 3731 852 3794 immerite.
885 3728 1039 3794 Pluribus
1063 3732 1096 3795 in
1129 3731 1279 3816 epistolis
1311 3733 1379 3797 Leo

262 3833 348 3898 clare
372 3832 499 3897 indicat
522 3832 656 3912 motiva,
681 3827 723 3892 ob
747 3849 831 3912 quae
854 3828 1017 3912 postulata
1040 3829 1127 3892 sedis
1151 3827 1310 3894 OPtanse
1334 3855 1379 3894 rs-

257 3931 405 4018 jicicbat.
451 3927 607 3994 Advertit
632 3930 682 4008 1⁰,
706 3924 797 3988 haud
829 3947 899 3988 esse
926 3927 1095 4006 rationem,
1120 3948 1180 3989 our
1203 3929 1382 4014 episcopus

263 4028 416 4094 CPtsnus
439 4028 518 4092 talia
541 4026 715 4112 privilegia
738 4021 801 4086 sibi
820 4024 977 4104 vindicet,
1001 4023 1147 4110 illudque
1170 4035 1269 4108 urget
1293 4029 1378 4112 prin·

263 4127 403 4211 cipium,
436 4147 478 4190 ex
511 4125 683 4211 splendore
716 4122 808 4185 civili
837 4142 903 4186 non
936 4143 1030 4208 posse
1052 4131 1287 4206 argumentum
1312 4127 1377 4208 peti

262 4225 465 4290 auctoritatis
495 4223 628 4310 majoris
660 4222 911 4287 ecclesiasticae.
958 4219 1093 4300 Habeat,
1118 4221 1199 4286 sicat
1222 4231 1378 4308 optamus,
