2766 4836
228 479 264 532 60
477 483 517 536 De
535 481 681 536 Arianismi
700 479 767 535 tatis
786 495 819 535 sc
837 479 870 536 de
887 479 967 549 lapsu
986 480 1096 536 Libsrii.

228 623 386 687 Romanis
419 623 554 709 explosa
583 634 641 688 est.
687 625 757 690 Nec
789 625 899 688 minus
928 633 1031 706 errat,
1062 645 1164 711 quum
1188 628 1327 708 insinuat,
1372 627 1373 652 ¹

229 743 288 806 per
310 720 444 806 aliquod
467 733 597 808 tempus
620 723 703 788 duos
726 723 799 788 illos
822 723 1052 809 pontificatum
1075 723 1172 788 simul
1196 727 1329 808 gessisse.

228 819 364 884 Dixeris
386 821 555 886 Socratem
578 844 621 886 ex
649 824 751 887 variis
775 823 981 886 documentis
1004 829 1075 884 tum
1099 820 1329 891 Catholicorum

228 927 299 982 tum
331 918 545 1000 Asianorum,
577 922 634 1006 qni
665 941 831 984 rumorem
862 920 974 1006 lapsus
997 919 1123 983 Liberii
1148 931 1329 1008 sparserant,

229 1015 423 1102 compilasse
447 1026 479 1080 et
502 1017 708 1082 combinasse
738 1017 909 1082 confusam
932 1019 1155 1084 narrationem
1178 1041 1285 1084 rerum
1306 1027 1331 1080 ct

229 1124 419 1195 eventuum,
444 1117 491 1180 uti
516 1116 578 1200 ipsi
603 1116 763 1180 accidisse
786 1114 996 1180 videbantur.
1372 1151 1373 1164 .

319 1213 371 1277 aa.
396 1211 580 1294 caeterum,
615 1213 656 1278 as
688 1215 728 1278 us
752 1235 836 1300 quse
859 1213 970 1278 sams
1003 1235 1033 1278 a.
1066 1215 1132 1280 aas
1156 1223 1248 1300 gesa
1270 1228 1332 1279 sua

133 1289 169 1318 ἰ’
229 1320 344 1376 testem
378 1333 538 1376 coaevum
570 1311 731 1378 habemus
763 1313 796 1378 S.
827 1312 1002 1394 Hilarium,
1036 1315 1093 1399 qui
1117 1313 1159 1378 de
1184 1313 1332 1399 legatione

229 1408 345 1473 Basilii
369 1417 402 1473 et
424 1411 586 1474 sociorum
617 1411 688 1496 ejus
712 1413 746 1475 in
775 1409 858 1474 libro
887 1409 927 1474 dc
957 1409 1094 1498 Quodis
1117 1412 1225 1476 fusius
1246 1411 1333 1496 loqui-

230 1515 292 1571 tur.
339 1507 413 1593 Ipse
442 1507 532 1571 haud
566 1507 744 1573 difficulter
773 1511 855 1573 scire
888 1517 1016 1594 poterat
1044 1529 1129 1594 quae
1154 1517 1334 1584 creuerunt,

231 1623 332 1689 quum
363 1606 397 1667 in
421 1603 568 1689 Phrygia
601 1597 723 1690 deg'ens
746 1616 780 1669 et
811 1609 845 1670 in
878 1605 959 1670 alias
981 1607 1134 1690 regiones
1158 1629 1334 1685 excurrens,

231 1701 320 1766 haud
352 1701 466 1788 procul
496 1714 581 1768 esset
614 1703 656 1768 ab
693 1703 829 1789 Ancyra
858 1712 1015 1791 quaeest
1047 1705 1168 1768 civitas
1199 1703 1335 1769 Galatiae

231 1800 370 1866 confinis
401 1800 567 1886 Phrygiae
600 1804 802 1888 provinciae,
833 1823 1000 1888 quumque
1030 1804 1065 1867 in
1097 1805 1271 1888 episcopos
1292 1801 1336 1864 Sc-

232 1901 410 1964 miarianos
441 1899 526 1964 benc
558 1902 696 1965 affectus
725 1911 818 1966 esset.
864 1901 992 1965 Tamen
1025 1901 1104 1964 dum
1139 1899 1283 1965 ostendit
1311 1919 1337 1960 sc

232 1999 362 2062 novisse
395 2021 434 2062 ea
467 2021 551 2083 quac
582 1997 693 2064 Sirmii
723 2009 815 2083 gesta
844 2009 935 2081 sunt,
969 2021 1010 2063 ne
1042 1999 1186 2064 verbum
1217 1997 1338 2086 quidem

231 2095 332 2160 habet
355 2095 395 2160 de
418 2095 582 2181 legatione
595 2095 874 2176 Occidentalium,
899 2097 940 2161 de
955 2097 1089 2163 Liberis
1113 2099 1254 2184 ejusque
1277 2094 1338 2159 sub·

149 2277 155 2287 .
232 2195 419 2279 scriptione,
443 2217 483 2258 ac
507 2194 549 2259 de
572 2197 792 2260 transactione
803 2197 914 2260 Sirmii
939 2195 1098 2262 conlecta.
1133 2197 1254 2260 Merito
1277 2191 1338 2258 Stil-

232 2294 304 2376 ting
327 2294 373 2355 ita
396 2303 662 2377 argumentatur:
690 2293 819 2378 „Primo
852 2293 885 2359 S.
914 2293 1062 2358 Hilarius
1094 2294 1206 2358 nullos
1238 2295 1270 2356 in
1293 2289 1339 2354 illo

233 2399 399 2454 conventu
430 2393 601 2477 episcopos
631 2393 780 2455 nominat
810 2403 940 2476 praeter
970 2401 1036 2456 tres
1066 2391 1196 2478 legatos
1220 2387 1339 2456 concilii

233 2488 414 2572 Ancyrani,
431 2489 603 2572 Basiliam,
619 2489 841 2571 Eustathium,
857 2499 890 2554 et
904 2489 1085 2571 Eleusium,
1110 2511 1150 2554 ac
1176 2500 1243 2554 tres
1266 2487 1340 2551 sirni-

233 2586 308 2650 litcr
337 2585 478 2651 Arianos
510 2590 565 2673 qni
597 2590 718 2674 passim
751 2587 889 2652 aderant
919 2589 1128 2674 Imperatori,
1165 2588 1339 2653 Ursacium.

233 2684 408 2749 Valentem
440 2694 472 2748 et
502 2685 722 2751 Germinium.
769 2687 813 2750 Hi
845 2689 949 2750 coacti
982 2697 1068 2767 sunt,
1090 2707 1153 2772 per
1177 2683 1340 2750 duodecim

234 2783 525 2848 anathematismos
550 2783 707 2848 damnare
731 2783 911 2848 secundam
935 2785 1109 2849 formulam
1124 2781 1339 2848 sirmiensem.

233 2883 314 2946 'l'res
337 2883 462 2966 priores
485 2880 601 2946 eadem
626 2903 701 2945 cum
726 2881 906 2946 Catholicis
930 2881 971 2946 de
995 2881 1173 2946 divinitate
1197 2880 1274 2946 Filii
1288 2879 1340 2943 Dei

235 2980 423 3060 credidisse,
448 2980 505 3044 sed
529 3000 645 3044 vocem
661 2979 942 3044 consubstantialis
965 2979 1070 3044 omitti
1094 2977 1252 3060 voluisse,
1276 2978 1342 3062 qnia

235 3101 274 3143 ea
304 3078 398 3143 abusi
430 3085 525 3142 erant
553 3077 675 3143 Paulus
699 3079 949 3159 samosatenus,
981 3079 1141 3144 Photinus
1174 3095 1342 3161 eorumque

236 3187 420 3258 sectatores,
452 3178 554 3240 variis
577 3176 657 3240 locis
688 3175 834 3240 declarat
856 3177 1014 3240 Hilarius.
1060 3173 1208 3240 Eosdem
1233 3175 1343 3258 ubique

236 3287 362 3340 actores
374 3275 454 3340 iacit
464 3285 577 3338 contra
587 3283 736 3338 auctores
749 3275 914 3338 secundae
923 3272 1082 3338 formulae
1091 3273 1292 3341 sirmiensis,
1307 3279 1343 3332 at·

237 3395 300 3459 que
310 3395 440 3437 omnem
452 3372 628 3437 damnatae
637 3371 797 3436 formulae
807 3371 946 3457 gloriam
957 3371 1021 3436 illis
1031 3371 1157 3436 tribuit.
1187 3367 1342 3436 Illosrern

236 3474 291 3558 qui
307 3473 411 3536 coacti
429 3481 523 3535 erant
536 3469 743 3534 subscribere
761 3472 912 3534 nominat
926 3469 1111 3550 Ursacium,
1130 3467 1304 3534 Valentem
1318 3473 1343 3527 et

236 3569 458 3651 Germinium,
482 3591 563 3655 quos
582 3570 691 3632 innuit
711 3569 907 3654 praecipuos
927 3569 1031 3632 fuisse
1050 3569 1173 3654 impiae
1194 3563 1342 3630 formulae

236 3677 423 3732 auctores..
448 3716 455 3731 .
479 3665 630 3731 .Nullibi
655 3688 747 3748 vcro,
759 3668 868 3730 innuit
888 3665 993 3730 nilum
1018 3665 1120 3730 alium
1143 3663 1261 3730 Sirmii
1281 3659 1343 3724 sub-

236 3767 413 3851 scripsisse,
438 3775 496 3829 aut
519 3767 652 3829 omnino
667 3763 771 3829 ullum
786 3765 888 3830 alium
901 3765 1092 3852 episcopum
1106 3763 1221 3830 Sirmii
1245 3761 1343 3825 faiae.

237 3864 316 3928 dum
341 3863 397 3929 illa
420 3863 614 3948 agebantur.
660 3863 745 3927 Nam
769 3863 909 3927 Hosium
941 3871 972 3926 et
994 3861 1181 3926 Pctamium
1207 3861 1344 3924 nominat

237 3961 371 4049 quidem
395 3964 482 4028 inter
512 3971 662 4026 auctores
693 3961 1008 4048 impiaeformulae,
1034 3959 1181 4026 sednon
1204 3969 1243 4022 ut
1265 3976 1344 4042 prac-

238 4070 345 4126 sentes
356 4060 435 4124 dum
445 4059 502 4126 illa
512 4061 575 4124 fuit
586 4060 752 4126 damnata.
781 4059 834 4126 De
849 4059 955 4124 tribus
964 4081 1043 4124 vero
1054 4058 1127 4124 aliie
1136 4079 1167 4122 n.
1179 4057 1222 4122 81
1235 4058 1279 4120 ita
1289 4075 1345 4118 mc·

238 4162 335 4224 minit
343 4158 514 4244 alloquens
533 4159 656 4242 legatos
672 4158 842 4243 Ancyraui
863 4157 1015 4222 concilii:¹
1034 4155 1214 4243 Hps'stolm
1225 4171 1344 4239 pamma

237 4259 324 4322 vobis
334 4258 372 4321 de
382 4259 535 4322 homousii
545 4267 574 4319 ct
585 4259 754 4321 laomocaoit'
764 4258 958 4344 emporiticae
975 4255 1062 4343 cptsd
1074 4252 1228 4318 &muium
1240 4249 1345 4314 Valeas
