2936 4814
243 443 278 496 36
597 441 637 496 Ee
653 441 720 498 Sede
738 443 859 502 &aare
876 445 902 498 S.
921 445 1005 500 Petri.

244 586 326 652 haec
358 588 524 671 persuasio
564 587 695 650 nonnisi
727 608 770 650 ex
802 588 875 671 ipsa
913 587 992 654 faeti
1025 590 1167 656 veritate
1198 590 1363 676 explicari

243 693 359 768 potest.
384 684 612 748 Universalem
636 683 727 748 illam
750 687 995 769 persuasionem
1019 686 1096 752 inde
1120 711 1140 752 a
1162 688 1279 774 primis
1292 711 1363 752 sae·

245 781 327 846 culis
340 781 494 862 adfuisse,
503 785 616 865 negari
631 804 698 846 non
712 793 827 867 potest.
852 785 948 848 Initio
964 785 1083 850 saeculi
1096 785 1131 864 V,
1146 787 1193 849 ait
1207 786 1277 869 ipse
1289 783 1364 848 Mil-

245 900 331 960 man,
356 882 506 944 successio
530 881 669 966 lepitimo
692 882 831 946 Romani
849 883 1010 969 Pontificis
1034 907 1055 948 a
1078 883 1181 962 Petro,
1196 883 1269 970 fisis
1286 881 1364 970 plo-

245 980 339 1042 citum
362 979 527 1042 σὴνίειίαηί
547 981 685 1044 nominis
706 981 847 1045 universi
868 982 1121 1067 receptissimum.
1145 979 1259 1046 Facile
1282 1003 1364 1044 vero

245 1083 337 1160 patet
368 1097 407 1138 ac
439 1079 622 1140 necessario
657 1097 746 1140 nexu
779 1077 953 1162 colligitur,
978 1078 1067 1165 quod
1100 1079 1238 1144 inferius
1261 1079 1365 1142 etiam

193 1219 205 1229 -
246 1173 376 1238 disertis
398 1173 592 1257 probabitur
614 1177 827 1260 argumentis,
850 1197 1060 1243 communem
1074 1199 1140 1242 non
1163 1179 1272 1240 minus
1293 1199 1367 1240 sae-

246 1273 320 1337 culo
334 1272 384 1336 IV
407 1272 558 1337 eamdem
582 1276 828 1357 persuasionem
852 1275 962 1340 fuisse.
986 1275 1189 1357 Necessario,
1214 1276 1366 1360 inquam,

247 1370 282 1436 id
305 1391 394 1436 nexu
418 1369 583 1454 colligitur
606 1371 670 1435 hac
692 1373 728 1436 in
750 1395 796 1439 re.
842 1373 957 1460 Neque
988 1376 1077 1438 enim
1104 1374 1271 1460 persuasio
1297 1395 1367 1436 sae·
1465 1391 1466 1460 j

247 1467 320 1532 culo
334 1469 450 1553 quinto
474 1469 670 1534 universalis
693 1479 772 1534 tuno
788 1471 890 1536 veluti
906 1480 1021 1557 sponte
1038 1473 1116 1536 oriri
1139 1471 1256 1555 potuit,
1273 1493 1368 1555 prae·
1465 1473 1466 1548 f

247 1568 359 1632 sertim
381 1588 485 1651 quum
508 1568 579 1652 ejus
608 1569 724 1632 aetatis
749 1579 963 1634 monumenta
993 1591 1067 1637 eam
1090 1568 1193 1632 veluti
1216 1565 1257 1631 ab
1280 1571 1368 1632 anti·
1465 1589 1466 1592 ’

248 1667 366 1750 quitata
404 1678 563 1750 acceptum
599 1666 805 1734 tradiderint.
865 1669 1040 1734 Praeterea
1072 1689 1151 1732 vero
1184 1688 1225 1732 ea
1255 1665 1297 1732 de
1330 1689 1369 1728 re
1465 1667 1466 1736 ξ

248 1763 374 1846 agitur,
407 1785 511 1848 quae,
535 1786 638 1850 quum
671 1767 706 1828 in
729 1767 872 1850 gratiam
904 1768 1003 1832 unius
1035 1765 1194 1830 ecelesiae
1219 1773 1370 1830 caeteras
1465 1783 1466 1790 ¹

249 1859 413 1946 deprimat
434 1883 554 1948 easque
577 1861 625 1926 illi
649 1863 811 1930 obnoxias
841 1865 973 1947 efficiat,
1007 1862 1146 1946 intelligi
1170 1883 1236 1926 non
1259 1871 1371 1946 potest
1465 1873 1466 1922 ξ

249 1958 379 2024 saeculo
415 1961 530 2044 quinto
567 1960 610 2025 ab
643 1961 797 2027 omnibus
833 1971 984 2048 recepta,
1021 1963 1102 2048 quin
1130 1961 1202 2046 jam
1234 1957 1369 2024 saeculo
1465 1961 1466 2008 ἶ

248 2067 364 2144 quarto
389 2059 572 2122 communis
595 2060 766 2125 exstiterit.
797 2059 901 2126 Sicuti
925 2081 1004 2124 vero
1028 2059 1070 2124 de
1093 2057 1222 2123 saeculo
1238 2066 1370 2143 quarto,
1465 2047 1466 2092 3

251 2156 297 2218 ita
320 2156 418 2219 etiam
444 2153 485 2218 de
507 2155 782 2239 praecedentibus
799 2157 1022 2243 judicandum
1044 2166 1103 2222 est.

342 2253 392 2318 13.
416 2252 624 2318 Persuasioni
648 2255 749 2338 igitur
770 2255 850 2320 huic
869 2257 1031 2322 constanti
1055 2265 1088 2320 et
1110 2251 1290 2318 universali
1315 2249 1373 2316 vel

251 2349 363 2416 subest
385 2349 457 2434 ipsa
479 2353 601 2416 veritas
637 2349 717 2418 faeti
741 2356 932 2420 continuate
964 2352 1193 2418 testificatione
1220 2371 1371 2436 peremp-

252 2451 333 2514 torie
357 2450 505 2531 coguita3
530 2458 562 2512 et
584 2449 745 2516 habemus
759 2453 849 2537 quod
872 2452 1034 2534 volumus,
1058 2473 1164 2535 saque
1187 2448 1372 2535 suppositio

253 2549 350 2611 unice
380 2555 489 2610 rectae
520 2548 640 2612 rationi
673 2549 842 2615 satisfacit.
897 2549 1045 2614 Effectus
1078 2549 1168 2611 enim
1206 2544 1372 2632 ejusmodi

253 2643 359 2730 qualis
382 2653 431 2706 est
453 2646 620 2729 persuasio
644 2647 835 2712 universalis
865 2659 894 2712 ct
917 2658 1065 2712 comtum
1089 2645 1151 2710 toli
1172 2646 1208 2708 is
1229 2667 1274 2722 rc,
1298 2665 1373 2728 pro·

253 2743 472 2827 portionatam
505 2743 648 2827 postulat
681 2767 833 2826 eausam,
866 2745 1113 2831 proportionata
1136 2751 1246 2807 autem
1270 2747 1375 2806 causa

253 2861 319 2904 non
343 2848 391 2902 est
414 2841 476 2902 nisi
499 2839 578 2904 faeti
603 2843 725 2905 veritas
749 2843 890 2926 cognita.
938 2841 999 2906 Vel
1022 2842 1049 2905 si
1073 2842 1130 2926 qui
1155 2838 1373 2920 contendunt,

255 2960 320 3002 non
343 2959 386 3000 ex
410 2939 547 3001 veritate
570 2937 649 3002 facti
673 2942 918 3024 persuasionem
942 2939 1029 3002 hanc
1052 2939 1214 3022 originem
1238 2936 1373 3019 ducere,

254 3038 399 3120 ipsorum
431 3045 480 3099 est
505 3023 643 3120 positivo
666 3039 835 3121 assignare
866 3039 1027 3102 rationem
1060 3057 1145 3122 quae
1175 3034 1278 3098 salsae
1300 3055 1374 3120 per-

255 3135 398 3198 suasioni
422 3135 581 3218 originem
606 3135 744 3218 dederit,
768 3135 917 3200 actalem
940 3134 1076 3220 quidem
1099 3135 1261 3196 rationem
1285 3153 1375 3216 quae

255 3232 499 3318 proportionata
531 3233 573 3297 sit
603 3231 661 3296 illi
685 3235 826 3302 effectui.
873 3231 951 3298 Jam
984 3254 1062 3297 vero
1087 3252 1152 3296 non
1181 3229 1245 3297 nisi
1268 3227 1374 3314 hypo-

255 3328 362 3394 theses
384 3329 481 3413 plane
505 3331 633 3415 ineptas
664 3330 848 3396 adversarii
870 3331 1059 3414 excogitare
1082 3335 1270 3415 potuerunt.
1317 3326 1376 3392 Sic

256 3426 476 3512 Spanhemius
499 3429 583 3490 mira
606 3431 794 3514 arrogantia
818 3428 996 3510 contendit,
1025 3427 1270 3512 persuasionem
1294 3423 1377 3488 inde

255 3525 455 3611 provenisse,
479 3533 550 3587 tum
583 3525 671 3612 quod
704 3528 738 3590 in
770 3527 878 3612 prima
909 3525 948 3591 B.
972 3525 1061 3590 Petri
1090 3521 1228 3610 epistola
1251 3543 1376 3586 nomen

256 3622 437 3710 Babylonis
460 3633 620 3706 occurrat,
645 3623 792 3708 illudque
806 3646 927 3688 nomen
941 3623 1073 3687 inscitia
1095 3619 1268 3686 hominum
1283 3641 1377 3704 prae·

257 3722 369 3788 sertim
391 3720 514 3806 Papiae
537 3719 779 3806 Hierapolitani
813 3723 858 3786 ita
881 3719 1084 3786 intellectum
1108 3721 1159 3800 sit,
1184 3740 1223 3784 ac
1247 3717 1276 3782 si
1298 3715 1377 3780 alle·

257 3821 368 3904 gorice
397 3819 536 3884 Romam
569 3818 774 3902 designaret3
803 3828 873 3884 tum
905 3818 995 3904 quod
1024 3820 1060 3882 in
1082 3815 1283 3903 apocryphis
1305 3815 1378 3900 qui-

257 3917 398 3982 busdam
420 3916 610 4001 primaevae
634 3919 750 3980 aetatis
773 3916 866 3981 libris
889 3915 1053 4004 quaedam
1077 3921 1264 3994 narrentur,
1289 3933 1379 3998 quae

259 4015 382 4078 Romae
414 4037 434 4078 a
471 4013 510 4078 B.
539 4015 635 4078 Petro
670 4035 745 4077 eum
779 4013 913 4080 Simone
945 4013 1043 4100 Mago
1072 4021 1163 4098 gesta
1186 4011 1261 4075 sint.
1307 4007 1379 4074 Nos

260 4111 394 4198 quidem
417 4110 606 4176 videbimus
633 4121 809 4200 utrumque
839 4113 928 4199 quod
956 4112 1012 4179 hie
1041 4110 1238 4198 proponitur
1259 4130 1379 4175 verum

261 4231 340 4290 esse,
365 4231 404 4272 ao
427 4207 516 4272 Petri
540 4209 602 4272 iter
624 4210 810 4273 Romanum
835 4208 1039 4274 confirmare.
1063 4205 1130 4276 Sed
1153 4225 1380 4291 supponamus
