2806 4848
267 473 302 523 94
441 472 481 526 Da
499 471 647 526 Arianismi
665 471 843 527 decrementis
862 489 894 526 ac
911 472 944 526 de
963 471 1040 528 Cano.
1061 471 1171 526 OPtano
1191 481 1206 526 Ι.

267 615 433 678 munionis
447 614 571 679 litteras
595 617 775 698 concessit3
799 603 887 680 unde
911 616 1089 683 concordia
1109 617 1194 680 inter
1208 615 1352 700 episcopos

267 714 417 777 restituta
440 714 512 778 fuit.
559 713 702 778 Demum
727 713 928 794 Alexander,
960 715 1016 799 qui
1045 733 1132 778 anuo
1157 715 1219 776 413
1240 714 1352 798 patriar-

267 810 329 874 cha
353 810 580 876 Antiochenus
604 821 732 876 creatus
764 821 831 894 est,
863 833 976 875 omnes
999 811 1231 876 Eustathianos
1251 809 1352 874 blanda

265 911 476 994 persuasione
500 909 542 974 ad
566 933 666 974 unam
686 910 902 995 eamdemque
922 931 997 974 curn
1017 909 1091 973 aliis
1115 910 1352 973 communionem

266 1006 431 1091 perduxit.

99 1106 255 1209 ssggjffiffi·
358 1105 408 1170 16.
434 1105 531 1185 Quod
564 1107 607 1170 ad
640 1107 772 1170 schisma
803 1105 1077 1192 Lccs‘j'ssiossoram
1108 1107 1234 1186 attinet,
1256 1125 1351 1168 nomen

241 1197 247 1209 '
268 1203 402 1289 quidem
427 1202 527 1266 habet
550 1225 569 1267 a
591 1204 746 1268 Lucifero
767 1203 955 1268 Calaritsno
970 1205 1135 1289 episcopo,
1161 1203 1231 1266 viro
1254 1203 1350 1288 optior¹

267 1301 308 1365 de
332 1300 397 1365 fide
421 1301 583 1365 catholica
607 1303 732 1382 merito,
757 1301 815 1366 sed
839 1304 941 1366 animi
962 1300 1217 1365 vehementioris
1239 1322 1276 1364 ae
1295 1301 1351 1382 rigi·

267 1399 376 1463 dioris.
403 1399 515 1480 Quum
539 1423 568 1464 a.
592 1401 657 1464 362
673 1400 850 1464 Paulinum
874 1399 1057 1464 ordinasset
1075 1399 1271 1462 Antiochiae
1291 1399 1355 1482 epis·

267 1519 401 1583 copum,
436 1497 471 1562 id
505 1496 672 1584 displicuit
701 1497 845 1562 Eusebio
869 1497 1071 1562 Vercellensi
1104 1499 1160 1582 qui
1185 1496 1357 1582 paulopost

267 1596 479 1659 Antiochiam
494 1598 595 1668 venit,
621 1605 719 1682 atque
743 1599 788 1660 ita
802 1596 914 1682 aliqua
934 1595 1094 1658 dissensio
1118 1597 1204 1658 inter
1226 1594 1280 1659 hos
1292 1593 1356 1656 fidei

196 1775 198 1780 Ι
267 1693 467 1758 orthodoxae
476 1695 662 1758 defensores
670 1703 783 1758 exorta
791 1692 880 1780 est1).
893 1694 1171 1778 Praeconceptam
1179 1694 1277 1756 animi
1287 1712 1358 1755 acer·

267 1791 402 1856 bitatem
419 1792 581 1874 Luciferi,
598 1791 845 1857 Alexandrinae
869 1791 987 1876 synodi
1007 1790 1139 1855 decreta
1158 1791 1200 1856 de
1221 1793 1359 1875 reeipien-

268 1891 318 1954 dis
342 1892 376 1953 in
399 1891 553 1975 pristinos
576 1891 699 1974 gradus
714 1891 877 1976 episcopis
898 1891 955 1975 qui
971 1889 1104 1952 Arianis
1128 1890 1358 1953 consensissent.

268 1991 312 2052 ita
336 1997 507 2071 auxerunt,
540 1999 577 2052 ut
607 2011 681 2052 cum
714 1989 765 2052 his
797 1990 960 2074 episcopis
990 1986 1091 2052 nollet
1121 1987 1358 2052 communicare.

268 2086 386 2152 Utrum
424 2108 501 2150 vero
541 2088 639 2150 etiam
677 2109 697 2150 a
734 2085 895 2151 catholica
919 2087 1045 2149 unitate
1076 2086 1254 2166 recesserit,
1276 2081 1359 2146 redd¹

268 2184 406 2248 dubium
439 2193 503 2266 est3
528 2186 593 2249 imo
626 2183 829 2270 probabilius
859 2205 929 2248 esse
959 2204 1146 2262 censemus,
1180 2203 1254 2246 eum
1284 2178 1358 2244 haud

267 2303 409 2368 eousque
441 2303 647 2369 progressum
680 2304 759 2365 esse,
785 2283 938 2369 quumvis
962 2284 1061 2346 etiam
1085 2281 1245 2366 episcopis
1266 2279 1358 2342 catha·

266 2381 348 2465 licis,
373 2384 429 2468 qui
463 2385 497 2446 in
540 2381 739 2467 recipiendis
762 2380 863 2468 lapsis
887 2389 1131 2460 consenserunt,
1156 2401 1191 2442 se
1214 2379 1360 2442 infensum

267 2478 493 2567 ostenderem).
540 2479 606 2545 Sed
637 2479 781 2543 asseclae
811 2479 891 2566 ejus,
926 2480 980 2564 qui
1014 2479 1207 2564 praesertim
1238 2480 1270 2542 in
1302 2477 1360 2539 llis-

266 2579 376 2664 pania,
409 2599 538 2642 necnon
576 2579 611 2641 in
648 2577 757 2658 ltalia,
783 2576 891 2642 Gallia
930 2585 962 2641 et
998 2578 1032 2640 in
1069 2575 1206 2641 Oriente
1240 2573 1359 2661 dispersi

267 2684 373 2756 erant,
404 2684 478 2761 post
508 2685 645 2738 mortem
669 2674 816 2740 Luciferi
840 2674 943 2762 (circa
974 2698 1003 2740 a.
1033 2671 1126 2760 370),
1152 2674 1223 2760 ojus
1246 2673 1360 2738 nomine

267 2783 299 2838 et
345 2775 539 2838 auctoritate
585 2773 680 2837 abusi
725 2773 868 2837 schisma
915 2773 1137 2837 confecerunt.
1205 2771 1360 2836 Haeresim

267 2873 366 2936 etiam
396 2871 636 2955 adjunxerunt,
668 2871 902 2936 contendentes
934 2871 1116 2956 baptizatos
1149 2880 1181 2933 et
1213 2870 1361 2933 ordinatos

267 2971 309 3034 ab
333 2969 506 3034 haereticis
530 2991 599 3033 esse
623 2971 741 3032 iterum
770 2969 985 3055 baptizandos
1009 2979 1042 3032 et
1064 2967 1273 3032 ordinandos.
1316 2951 1384 3040 Uel

267 3089 331 3153 que
355 3067 397 3132 ad
421 3089 505 3132 saec.
539 3067 569 3132 V
593 3067 692 3130 factio
721 3067 777 3132 illa
799 3067 1084 3131 Luciferianorum
1108 3066 1308 3152 perduravit.
1345 3099 1360 3106 κ

267 3166 331 3231 Sed
351 3167 423 3252 jam
447 3166 489 3231 sd
513 3167 661 3231 ordinem
686 3174 864 3230 eventuum
888 3165 1069 3230 redeamus.

98 3284 255 3335 remeares.
358 3265 408 3329 17.
435 3264 545 3344 Quum
576 3285 687 3328 mense
710 3264 812 3329 «lunio
845 3266 922 3328 anni
956 3263 1022 3329 363
1044 3262 1198 3328 Julianus
1220 3261 1362 3346 Apesas

267 3363 451 3442 interiisset,
484 3363 660 3448 imperium
694 3361 837 3426 delatum
861 3371 909 3426 est
931 3363 1080 3440 Joviano,
1107 3363 1180 3424 viro
1203 3361 1320 3446 pietate
1339 3366 1363 3417 ct

267 3459 375 3524 studio
408 3460 574 3544 religionis
606 3459 790 3524 christanae
821 3461 952 3544 insigni.
999 3459 1067 3525 Sub
1100 3461 1171 3544 ipso
1199 3467 1285 3522 totus
1306 3465 1384 3542 prol

267 3559 443 3646 pemodum
469 3557 633 3623 Occidens
657 3567 689 3621 et
712 3556 857 3622 Orientis
886 3557 976 3623 hand
1005 3559 1126 3641 exigua
1149 3579 1226 3643 pars
1247 3555 1362 3620 decretu

268 3655 408 3721 Concilii
425 3657 563 3720 Nicaeni
588 3657 739 3742 suscepit.
764 3656 908 3720 Aeacius
923 3655 1145 3720 Caesariensis
1168 3663 1201 3718 et
1222 3656 1278 3741 qui
1300 3669 1361 3716 cum

268 3777 304 3819 eo
329 3755 524 3836 sentiebant,
550 3763 741 3835 metuentes,
766 3776 807 3818 ne
831 3756 928 3818 sicuti
943 3756 1003 3840 ipsi
1021 3751 1201 3818 Catholicis
1222 3753 1362 3816 fecerant.

345 3934 361 4004 ¹)
381 3932 496 3996 Dixeris,
516 3930 662 3986 Eusebium
679 3936 708 3986 et
725 3930 879 3988 Luciferum
897 3932 926 3988 in
939 3931 1050 3988 Oriente
1068 3933 1206 4002 legatione
1221 3931 1294 3990 Sedis
1306 3931 1364 3996 Apo

266 4014 377 4068 salicae
403 4013 509 4068 iunctos
534 4027 598 4078 esse
628 4013 677 4066 tali
705 4013 853 4067 enimcum
881 4013 1045 4068 auctoritate
1072 4029 1114 4068 res
1132 4015 1322 4084 disposuerunt
1339 4015 1363 4060 11¹

266 4112 319 4150 nou
338 4095 482 4148 videantur
501 4099 609 4146 tantum
628 4092 751 4146 caritatis
771 4089 860 4147 officia
878 4093 1034 4162 explevisse.

340 4178 361 4244 ¹)
381 4175 435 4228 Cir.
455 4173 565 4238 Socrat,
584 4173 617 4228 H.
646 4173 677 4226 ll.
702 4171 753 4226 ΙΠ.
782 4177 806 4227 9.
826 4173 925 4228 Sozam.
946 4174 977 4228 V.
999 4177 1038 4228 13.
1060 4175 1187 4229 Rufinum
1206 4173 1239 4228 X.
1257 4177 1297 4228 30.
1315 4169 1362 4223 Sul-

265 4255 362 4330 pitinm
381 4253 507 4308 Severum
527 4253 562 4308 lI.
582 4255 624 4306 46.
644 4253 753 4308 Hieron.
772 4253 877 4323 Dialog.
898 4255 957 4309 adr.
977 4254 1170 4310 Luciferisnos
