2874 4812
384 486 493 542 Veritus
510 487 640 542 historim
654 488 859 544 controversiae.
1127 495 1180 546 363

76 629 241 693 tenderunt
272 629 447 712 videlicet,
480 630 567 696 hanc
597 634 853 697 controversiam
877 655 917 697 ac
940 634 1178 700 dissensionem

76 729 207 790 maxime
228 730 316 792 iuter
333 729 539 814 Stephanum
558 739 590 793 et
610 727 815 816 Cyprianum
835 731 936 795 fuisse
956 733 1131 798 confictam
1158 757 1178 798 a

76 825 255 908 Donatistis,
271 827 328 912 qui
344 847 457 891 omues
475 826 519 890 ad
538 850 631 892 suam
651 837 772 892 sentam
790 830 961 894 venientes
978 831 1085 896 denuo
1100 833 1178 918 bap·

76 922 225 1005 tinebant,
255 923 309 987 vel
337 925 380 988 ab
406 947 517 988 eorum
545 925 738 991 fautoribus.
780 927 832 992 Ita
858 929 983 1012 opinati
1009 939 1086 993 sunt
1105 931 1178 994 Rai-

74 1021 204 1086 unndus
225 1023 397 1086 Missorius
418 1021 458 1088 Ο.
479 1022 512 1088 S.
539 1023 587 1104 F,
612 1025 862 1088 Dissertationes
889 1027 1015 1090 miricae
1040 1029 1075 1091 in
1100 1031 1178 1114 epia-

72 1117 142 1182 tolas
156 1119 343 1184 limtiliani
357 1131 388 1183 ct
401 1117 555 1206 (hspriani
569 1119 701 1206 (1733);
717 1119 864 1186 Renatus
873 1123 895 1187 J
897 1145 941 1187 os.
957 1123 1178 1189 Tournemine

72 1219 99 1280 S.
118 1215 159 1293 J.,
179 1215 364 1306 Conjecture
388 1241 442 1280 eur
465 1217 499 1282 la
522 1220 719 1304 mppoaition
743 1219 780 1282 cle
804 1220 949 1306 quelques
972 1243 1121 1308 omuapea
1140 1225 1177 1286 de

73 1311 98 1376 S.
123 1312 261 1401 Cyprien
285 1327 314 1378 et
337 1315 376 1379 eie
400 1314 433 1378 la
456 1315 545 1378 lettre
576 1316 614 1379 de
637 1315 814 1396 Firmilien,
838 1319 1013 1382 Memoires
1038 1319 1079 1383 de
1102 1321 1177 1383 Tre-

73 1433 148 1474 ronx
178 1412 314 1500 (1734);
347 1412 559 1476 Marcellinus
591 1411 813 1477 Molkenbuhr
842 1415 882 1480 Ο.
914 1416 946 1481 S.
980 1417 1029 1498 F,
1053 1419 1177 1482 Dicaer-

72 1513 195 1574 tntiones
220 1513 350 1574 uitium
388 1511 461 1588 VH,
491 1511 577 1576 XIV
603 1509 734 1598 (1790);
767 1512 984 1598 Wolfgaugus
1015 1515 1176 1599 Froelich,

73 1607 229 1693 Inquisitio
252 1609 365 1672 critica
377 1610 413 1672 in
429 1608 551 1672 Hister.
568 1607 639 1672 ecel.
655 1609 786 1672 Eusebii
808 1607 942 1696 (1808);
967 1611 998 1676 J.
1018 1611 1059 1676 N.
1075 1612 1178 1677 Albon-

70 1703 104 1769 0.
125 1704 236 1770 Schol.
259 1705 405 1788 Piaruut,
421 1706 671 1770 Dissertationum
685 1707 721 1768 in
735 1705 849 1768 selecta
872 1719 1064 1793 arpumenta.
1090 1710 1175 1774 Hier.

70 1803 131 1865 acl.
145 1801 279 1890 (1820);
296 1801 380 1866 lllm.
398 1803 441 1866 D.
456 1802 653 1866 Vincentius
671 1802 808 1866 Tinzani
830 1802 1107 1890 Archiepiscopus
1122 1807 1176 1870 Ni-

70 1898 201 1980 sibenus,
219 1900 269 1964 La
279 1899 395 1964 celebre
406 1911 531 1963 centena
537 1899 600 1985 fra
610 1899 642 1964 S.
654 1898 787 1986 Stefana
802 1923 827 1964 e.
840 1899 872 1964 S.
888 1899 1040 1987 Cipriano
1050 1903 1177 1990 (1862.)

149 1999 225 2063 104.
252 1997 298 2062 Ut
321 2019 398 2061 vero
422 1997 753 2062 indoles·sententiae
783 1996 912 2062 illorum
937 2001 1083 2063 virorum
1108 2025 1177 2064 eru·
1211 1995 1321 2086 ‘„,'¹,¹‡,¹,”

71 2091 183 2159 ditione
207 2095 423 2180 caeteroquin
446 2093 621 2158 illustrium
645 2103 812 2176 noscatur,
836 2095 947 2180 aliqua
965 2097 1100 2182 juvabit
1123 2099 1177 2163 ad-

68 2192 158 2274 jicere
181 2217 226 2258 ex
250 2194 302 2274 iis,
325 2195 382 2278 qui
407 2192 601 2256 celebriores
624 2201 709 2274 suut,
742 2192 897 2256 videlicet
918 2193 983 2260 ΡΡ.
1007 2195 1178 2260 Missorius

71 2303 98 2352 et
118 2289 341 2356 Molhenbuhr
363 2299 461 2376 atque
490 2289 574 2354 Illm.
599 2290 746 2354 Tinnani.
775 2291 946 2354 Missorius
969 2295 1093 2372 asserit,
1117 2295 1176 2358 liis-

72 2391 173 2452 tminm
195 2391 239 2454 de
267 2389 478 2454 Orientalium
510 2399 602 2474 atque
625 2388 777 2475 Afrorum
807 2389 1026 2475 anabaptismo
1051 2391 1090 2454 ab
1115 2393 1176 2456 Eu-

70 2485 141 2550 atio
176 2485 382 2552 Cannaene
412 2510 477 2550 esee
508 2487 678 2570 confictam.
724 2487 761 2550 P.
795 2485 1019 2550 Molkcubuhr
1050 2489 1084 2551 iu
1118 2513 1176 2554 suo

70 2587 267 2668 scepticismo
301 2585 414 2648 critico
445 2583 546 2648 multo
570 2583 700 2669 longius
726 2605 916 2670 progressus
939 2593 998 2649 cst.
1044 2585 1174 2650 Etenim

70 2703 126 2746 nou
147 2683 256 2747 solum
279 2681 404 2746 litteras
434 2681 491 2747 SS.
515 2681 702 2746 Firmiliaui
732 2691 765 2745 et
788 2681 948 2766 Cypriani
970 2691 1069 2767 atque
1093 2683 1176 2748 Con·

70 2777 135 2842 eilia
156 2779 446 2864 Carthaginensia,
470 2778 528 2843 sad
554 2781 690 2864 insuper
712 2779 777 2843 alia
800 2780 942 2864 plurima
965 2782 1080 2843 asserit
1103 2804 1176 2846 con-

70 2875 145 2942 ticta.
190 2877 356 2964 Adeoque
389 2876 628 2942 demonstrasse
660 2885 763 2962 putat,
790 2875 937 2962 Cepham
961 2899 981 2940 a
1003 2877 1106 2942 Paulo
1130 2902 1176 2942 re-

68 2975 259 3057 prehensum
282 2997 349 3039 nou
379 2995 450 3038 osse
472 2975 607 3040 Petrum
631 2973 842 3060 Apostolum,
877 2995 983 3059 neque
1006 2974 1096 3039 huuc
1119 2999 1175 3040 un·

68 3095 156 3156 quam
180 3073 307 3140 sedisse
330 3072 539 3138 Antiochiae.
585 3073 692 3136 Dein:
717 3073 763 3136 Εο
778 3073 897 3151 deveni,
913 3071 1037 3152 scribit,
1052 3085 1087 3138 nt
1101 3097 1175 3137 nen-

68 3171 148 3236 uulla
171 3195 272 3260 opera
295 3195 374 3258 quiae
407 3172 547 3256 antiquis
579 3171 758 3234 auctoribus
790 3169 1020 3248 adscribuntur,
1045 3195 1085 3234 cn
1103 3171 1175 3256 plu-

68 3269 145 3334 ntus
166 3271 300 3336 iudiciis
322 3271 514 3355 capnovcm‘m
537 3291 601 3330 esee
624 3269 791 3354 respective
816 3270 1020 3352 supposititia
1041 3269 1090 3332 vel
1112 3295 1175 3332 mre-

67 3366 119 3430 h'ln
145 3369 196 3432 ael
218 3367 428 3453 interpolate,
462 3367 637 3451 etquidem
667 3366 749 3430 talia
772 3387 878 3450 opera,
910 3387 950 3427 ec
973 3367 1083 3450 quibua
1105 3391 1173 3451 pra·

66 3468 201 3531 munnae
234 3477 266 3530 et
297 3465 555 3528 intricatissimae
589 3465 816 3526 controversiae
841 3462 936 3548 ficere
969 3475 1080 3528 enatae
1113 3489 1174 3528 non

67 3565 159 3628 eatinus
181 3567 218 3628 iu
247 3563 415 3648 lheolopia
446 3561 623 3647 domuatlca
645 3583 738 3645 quam
769 3561 901 3624 historia
924 3572 954 3624 et
977 3562 1174 3648 chronologia

67 3661 272 3726 ecclesiastica
295 3683 414 3724 necnon
431 3658 626 3744 patrolepia,
659 3660 821 3743 eipnamm
849 3669 984 3741 quatuor
1004 3660 1176 3744 primorum

67 3759 261 3824 camimum.
310 3759 387 3822 Non
403 3779 535 3842 pascum
563 3778 627 3820 non
658 3778 743 3818 meae
767 3757 801 3818 in
823 3779 857 3818 re
882 3765 946 3818 tam
969 3757 1073 3820 ardua
1096 3758 1175 3842 copi-

69 3859 194 3922 tationee
212 3856 339 3944 publici
356 3856 447 3945 juria
461 3853 583 3940 faeere.
624 3855 754 3916 Initium
769 3851 862 3938 facio
886 3853 925 3916 ab
950 3853 1084 3939 epistola
1108 3855 1175 3917 Fir·

67 3955 188 4020 miliuno
212 3955 394 4040 adscripta,
418 3975 497 4038 quae
520 3975 559 4014 ea
581 3953 737 4016 uniuersis
759 3973 838 4035 quae
862 3960 989 4014 enatant
1010 3951 1093 4014 inter
1119 3949 1175 4037 Cy-

64 4052 192 4134 prianus
224 4063 270 4116 eet
302 4052 509 4115 celeberrima.
557 4049 705 4112 Pronum
739 4059 873 4134 tempore
906 4059 935 4110 et
968 4048 1118 4134 epistolas
1142 4049 1173 4112 S.

70 4147 177 4216 Baua
200 4151 370 4216 canonicas
401 4147 459 4235 (ad
492 4143 778 4232 Amphilochium)
803 4193 810 4208 .
846 4193 853 4208 .
883 4194 890 4209 .
916 4147 992 4210 crisi
1014 4145 1174 4234 arebjcium.

71 4245 205 4334 Denique
228 4259 258 4311 et
280 4247 453 4326 catenadam,
479 4245 607 4308 Eteoelii
622 4241 837 4308 Camariensie
856 4243 1019 4306 historiam
1033 4243 1175 4307 ccclesia-

108 4365 233 4416 Jnncnn,
249 4365 422 4409 nummum
1033 4350 1068 4401 23
