2806 4848
430 513 470 568 De
487 514 651 568 confessione
668 513 795 568 mulieris.
1117 507 1169 562 155

76 683 163 746 poena
188 660 348 724 canoniea
371 659 619 722 adactosfuisse
634 666 670 721 ut
693 657 924 722 denuntiarent
947 653 1167 739 flagitiosos¹).

74 759 125 822 Sed
146 780 246 842 aegre
270 757 351 821 mibi
375 758 571 843 persuadere
595 779 741 842 possum,
766 757 800 818 vi
823 755 922 840 hujus
945 752 1077 836 regulae
1101 773 1169 816 mu·

73 857 129 920 lieri
150 855 200 920 illi
224 878 244 919 a
278 858 529 942 poenitentiario
560 857 750 940 impositum
773 855 888 935 fuisse,
912 875 1013 938 quum
1038 854 1072 914 in
1096 873 1169 914 con·

72 957 199 1019 sessione
223 965 348 1018 secreta
372 962 544 1040 peccatum
561 954 809 1034 manifestasset,
830 960 865 1014 ut
888 951 931 1014 ad
954 948 1098 1013 tribunal
1122 970 1169 1012 co-

71 1053 276 1117 clesiastieam
299 1073 368 1115 rem
393 1051 542 1132 deferret,
568 1061 600 1114 et
630 1051 806 1115 diaconum
830 1048 1022 1134 complicem
1047 1047 1170 1112 denun-

71 1152 152 1214 tiaret
175 1172 217 1214 ac
241 1173 275 1214 se
299 1150 484 1215 infamaret.
531 1151 645 1214 Posset
668 1148 801 1234 quidem
826 1148 976 1232 supponi,
1000 1145 1100 1210 fuisse
1124 1147 1170 1209 in-

70 1251 238 1313 tentionem
262 1249 516 1334 poenitentiarii,
541 1257 577 1310 ut
587 1257 709 1311 secrete
729 1269 780 1310 res
796 1254 947 1331 ageretur
970 1267 1031 1308 nco
1055 1243 1172 1308 mulier

70 1347 237 1411 diaconum
262 1347 460 1412 denuntians
484 1348 637 1431 seipsam
655 1346 822 1432 proderet:
846 1343 1069 1429 imprudentia
1092 1363 1170 1404 voro

12 1444 17 1481 ²
69 1447 200 1510 feminae
224 1443 278 1508 vel
296 1444 450 1530 judicum
474 1445 637 1528 flagitium
667 1443 902 1528 pererebuisse.
949 1441 1014 1506 Sed
1038 1439 1170 1528 aliquod

70 1544 153 1630 hujus
178 1545 415 1630 suppositionis
428 1543 590 1606 indicium
604 1565 670 1606 non
686 1543 836 1621 occurrit,
862 1561 967 1625 neque
992 1540 1170 1625 positivum

69 1645 154 1706 totins
179 1641 411 1728 explicationis
435 1641 688 1704 fundamentum
712 1663 754 1703 ex
777 1639 911 1704 Socrate
934 1647 966 1700 et
990 1636 1171 1701 Sozomeno

68 1739 181 1806 hauriri
208 1750 323 1826 potest.

143 1841 199 1904 24.
225 1839 302 1904 Jam
335 1859 539 1924 exponamus
572 1859 644 1900 eam
678 1837 874 1900 sententiam
904 1835 945 1898 de
969 1834 1172 1897 confessione
1206 1844 1318 1916 Sententia

66 1937 142 2002 illius
165 1948 339 2002 matronae
371 1959 411 1999 ac
444 1936 484 2000 de
517 1936 587 2020 ejus
618 1937 827 1998 consectariis
862 1955 946 2019 quae
970 1933 1175 1996 communior
1190 1918 1330 1947 ‘mmm'

66 2047 114 2116 νεῖ,
142 2037 308 2121 nobisque
341 2033 543 2119 probabilior
575 2033 716 2098 videtur.
763 2034 856 2097 Haec
888 2041 997 2095 autem
1022 2031 1173 2116 praemit-

65 2150 122 2196 tere
141 2133 290 2220 juvabit.
327 2171 370 2180 -
415 2135 451 2195 1⁰
482 2131 651 2196 Certitudo
685 2131 747 2194 hac
771 2133 805 2195 iu
839 2153 874 2194 re
905 2153 1002 2215 aegro
1032 2129 1173 2193 obtineri

66 2242 171 2316 potest,
197 2253 303 2316 quum
327 2231 471 2295 narratio
487 2233 630 2294 &sacratis
645 2240 676 2294 et
693 2231 867 2295 Sonomeni
894 2251 960 2293 non
986 2232 1063 2293 satis
1088 2228 1175 2292 clara

64 2333 115 2411 sit3
138 2330 292 2418 adeoquo
325 2330 437 2392 variae
469 2329 705 2414 explicationes
739 2329 809 2393 dari
843 2337 982 2414 possunt
1007 2350 1091 2414 quae
1115 2349 1174 2390 sua

64 2426 290 2512 probabilitate
314 2449 380 2492 non
413 2437 535 2491 carent.
569 2427 736 2490 -201n
762 2435 886 2490 eventu
911 2435 1021 2490 tamen
1045 2428 1106 2490 isto
1131 2426 1176 2489 di-

59 2525 239 2610 judicando
272 2547 350 2610 prae
383 2524 486 2588 oculis
521 2523 712 2588 habendum
737 2533 793 2606 est,
824 2524 913 2589 illam
938 2527 1175 2611 expositionem

5 2689 7 2714 ἐ
63 2627 172 2690 merito
198 2623 367 2710 praeferri,
394 2645 459 2708 qua
474 2623 593 2686 melius
616 2622 801 2708 explicatur
822 2625 916 2707 ratio,
941 2646 999 2686 cur
1022 2646 1060 2686 ea
1084 2645 1174 2686 occa-

5 2799 7 2810 ,
63 2727 147 2789 sione
172 2722 347 2810 presbyter
369 2722 641 2807 poenitentiarius
675 2722 810 2808 ejusque
834 2742 953 2785 munus
977 2743 1041 2808 quo
1065 2722 1174 2806 poeni-

5 2869 6 2874 η
63 2825 182 2886 tentiae
208 2821 388 2885 canonicae
419 2830 568 2906 praeerat
598 2819 745 2904 abrogati
771 2821 844 2884 sint.
882 2857 925 2866 -
962 2822 1001 2884 3⁰
1024 2819 1174 2883 Socrates

62 2934 89 2984 et
103 2925 310 2986 sozomenus
325 2919 497 2982 manifeste
518 2920 551 2982 in
567 2917 765 3004 quibusdam
782 2941 865 3004 quoe
881 2918 913 2982 ll.
938 2941 985 2983 co.
1011 2925 1173 2998 enarrant,

64 3024 103 3084 uti
137 3045 168 3086 o.
203 3041 236 3104 g.
270 3020 304 3082 in
336 3017 433 3080 modo
467 3038 531 3101 quo
564 3038 584 3079 a
608 3015 788 3080 Sozomeno
817 3018 1018 3102 poenitentia
1041 3015 1174 3101 publica

61 3121 184 3183 Romae
209 3126 343 3202 peracta
367 3115 573 3197 describitur,
606 3116 715 3178 minus
749 3125 901 3178 accurate
931 3139 982 3212 res
1018 3115 1173 3179 referunt.

5 3265 7 3306 ,
63 3219 236 3281 Praeterea
267 3213 356 3278 fraud
388 3215 458 3278 sine
490 3215 616 3277 ratione
649 3214 854 3298 supponitur,
886 3216 963 3276 istos
993 3212 1174 3294 historicos,

5 3395 6 3408 χ
61 3336 201 3402 quorum
215 3321 361 3398 temporo
374 3312 577 3397 poenitentia
590 3309 646 3374 illa
659 3313 819 3374 canonica
831 3322 863 3374 et
875 3311 1008 3398 publica
1020 3311 1175 3375 Constan-

62 3413 200 3501 tinopoli
220 3412 291 3498 jam
316 3409 473 3494 abrogata
497 3418 575 3490 erat,
601 3408 740 3492 singula,
765 3432 849 3495 quae
873 3411 915 3474 ad
940 3433 1012 3473 eam
1037 3411 1175 3494 pertine-

61 3513 149 3594 bant,
185 3509 278 3574 haud
309 3509 531 3572 adamussim
563 3509 703 3588 novisse,
738 3509 783 3570 ita
816 3517 851 3571 ut
883 3510 976 3571 varia
1006 3511 1175 3571 incorum

62 3611 252 3674 narratione
275 3606 409 3670 aliunde
424 3604 607 3690 supplenda
621 3606 687 3668 sint
710 3605 763 3668 vel
788 3606 990 3690 corrigenda.
1020 3605 1175 3668 Attamen

60 3731 162 3796 quom
190 3709 252 3772 isto
276 3705 317 3769 de
341 3715 463 3768 eventu
477 3705 694 3788 inquisierint,
711 3727 795 3790 quae
816 3705 857 3767 ab
882 3714 1020 3790 utroque
1044 3712 1176 3766 auctore

136 3977 157 4042 ¹)
177 3975 204 4028 S.
223 3973 342 4026 Basilius
361 3973 439 4040 epist.
459 3989 517 4027 can.
532 3971 582 4026 111.
602 3987 660 4026 can.
679 3974 725 4025 71:
747 3971 814 4036 „Qui
833 3971 1040 4039 uniuscnjusque
1059 3971 1176 4037 praedie-

60 4068 148 4111 torum
169 4058 341 4123 peccatorum
370 4053 474 4122 (contra
497 4053 662 4122 castitatem)
688 4051 806 4105 conscius
834 4057 883 4116 est,
902 4067 951 4104 nec
969 4051 1112 4116 coufessus,
1131 4051 1176 4104 sed

60 4137 205 4190 coumctus
224 4139 273 4196 est,
292 4139 370 4186 teuto
389 4139 514 4200 ternpore,
534 4137 634 4199 quanto
663 4133 791 4185 malorum
811 4137 904 4185 auctor
922 4131 1033 4198 punitus
1052 4137 1101 4196 est,
1120 4133 1176 4200 ipse

61 4231 169 4284 quoqne
191 4215 343 4282 punietur.“
380 4214 478 4268 Utrum
505 4213 557 4268 huc
584 4213 666 4268 etiam
686 4212 822 4281 pertineat
841 4213 920 4268 Cone.
940 4211 1100 4267 Elibcritaui
1119 4229 1177 4267 can.

61 4301 101 4354 it.
120 4295 238 4350 dubium
256 4299 305 4350 est.
