2900 4800
256 456 311 510 448
629 455 669 512 De
687 471 770 512 cenae
788 455 902 512 Honorii
920 455 953 511 R.
972 455 1003 510 P.

259 601 329 685 ejus
361 599 481 683 agendi
514 601 597 664 ratio
621 599 767 690 adjective
790 611 951 686 spectata,
976 621 1042 663 non
1066 599 1144 662 satis
1166 597 1307 684 provida
1329 597 1374 660 ni-

260 698 386 784 misque
410 697 579 783 negligens
603 697 675 762 fuit.
699 697 773 762 Hoc
790 719 887 762 sensu
911 707 1040 762 tantum
1064 695 1210 760 aLeone
1232 695 1268 759 II
1287 693 1374 758 illam

259 796 455 860 sententiam
479 795 609 860 admitti
634 803 666 859 et
677 795 909 877 determinari,
933 795 1082 880 adeoque
1094 813 1160 857 non
1183 791 1284 856 oliam
1308 793 1374 855 nim

259 894 481 958 damnationis
513 892 644 958 decreto
678 895 872 977 convenire,
904 903 995 980 patet
1026 915 1069 957 ex
1098 890 1202 954 variis
1233 888 1375 974 epistolis
1437 943 1438 948 ,

259 983 399 1064 Leonis,
433 1003 518 1068 quae
551 982 613 1046 hoc
646 981 834 1046 Concilium
866 985 1060 1069 respiciunt.
1105 987 1146 1052 In
1173 986 1313 1074 epistole
1334 987 1374 1050 ad

260 1080 514 1146 Constantinum
537 1081 772 1166 Imperatorem
805 1081 944 1163 directa,
977 1103 1043 1168 qun
1066 1083 1241 1170 Synodnm
1266 1085 1375 1149 confir·
1437 1075 1438 1080 ¹

260 1181 381 1261 mavit,
415 1177 516 1244 dicit:
557 1180 739 1264 Pariterqne
763 1181 1062 1246 anathematizamus
1093 1186 1170 1248 noni
1192 1186 1311 1248 erroris
1332 1187 1375 1246 in·
1437 1223 1438 1260 ι

262 1289 420 1352 oentoreo,
443 1277 479 1340 id
502 1288 565 1354 est,
594 1277 789 1340 Τιιιοᾰοιιιιιι
812 1277 1065 1344 Ριιιιναιιιιαιιιιιιι
1097 1284 1297 1369 episcopam,
1324 1277 1374 1368 Cy·
1437 1261 1438 1264 Ἴ

260 1399 329 1440 mm
358 1374 630 1452 Alemandrinnrn,
660 1373 820 1458 aninm,
853 1426 859 1440 .
895 1427 902 1440 .
937 1427 944 1440 .
976 1399 1097 1442 necnon
1129 1389 1159 1443 et
1191 1379 1374 1454 Henetiam,

261 1475 315 1560 qai
345 1475 424 1536 dane
457 1471 663 1558 apostolicam
696 1472 856 1536 ecclesiam
888 1495 952 1537 non
976 1475 1169 1562 apostolicae
1194 1475 1377 1540 traditionis

261 1572 407 1636 doctrina
430 1570 596 1648 insnooit,
621 1571 677 1634 sed
696 1571 840 1656 profana
849 1571 1035 1658 proditione
1057 1573 1297 1639 immacalatam
1317 1595 1375 1636 nto-

261 1669 364 1735 ealori
381 1667 573 1756 permiait¹).
597 1667 692 1732 -In
716 1669 854 1754 epistola
877 1668 920 1733 ad
934 1669 1109 1754 Ervigium
1133 1693 1249 1756 regem
1265 1671 1375 1756 Hispa-

261 1770 335 1832 niae
359 1766 513 1832 Pontifex
537 1767 602 1830 ait:
635 1767 684 1830 De
708 1765 878 1831 cotialicae
902 1765 1060 1831 Εοοιιιίαι
1091 1769 1290 1834 adunatione
1307 1790 1375 1856 pro·

254 1867 334 1954 jacti
355 1876 447 1943 sont,
483 1914 489 1928 .
524 1913 531 1928 .
563 1913 570 1929 .
600 1887 667 1928 enea
689 1887 757 1927 cum
787 1865 833 1928 eis
858 1865 1038 1943 Honorias,
1068 1869 1123 1952 qai
1144 1867 1377 1931 inemendatam

262 1963 454 2050 apostolicae
490 1963 675 2027 traditionis
708 1962 862 2046 neoniam,
906 1985 999 2048 qaam
1033 1986 1054 2026 a
1082 1963 1377 2050 praedecessoribus

263 2063 329 2126 sedo
351 2063 489 2150 occepit,
512 2059 669 2124 mantare·
691 2058 891 2146 conseneit¹).
937 2061 982 2124 Et
1005 2061 1039 2125 in
1067 2061 1211 2147 epistola
1235 2063 1279 2128 ad
1302 2063 1375 2148 epis·
1437 2065 1438 2098 i

264 2181 362 2246 copos
384 2159 568 2244 Hispaniae
591 2156 721 2221 scribit:
749 2157 1013 2223 Condemnatione
1036 2159 1180 2224 mulctati
1193 2171 1272 2225 snat
1290 2161 1376 2224 Tiro-
1437 2153 1438 2160 '

264 2257 415 2322 dorne..
432 2303 458 2335 .,
486 2255 667 2342 Cyrno...
675 2253 887 2340 ,ΒενριιιιΗ
904 2280 1014 2338 .,cam
1037 2258 1195 2337 Honorio,
1225 2281 1279 2346 qai
1273 2258 1376 2346 flan-

263 2377 347 2418 rnarn
369 2355 517 2418 henotici
539 2354 693 2438 doymatie
715 2377 795 2432 non,
827 2363 863 2418 nt
885 2355 989 2418 demit
1016 2355 1226 2444 apostolicam
1250 2355 1376 2420 anctori-

267 2464 376 2531 tatem,
399 2453 601 2564 incipientem
625 2453 798 2530 castinait,
824 2452 878 2515 sed
891 2452 1074 2538 neyliyendo
1098 2451 1283 2540 confovit⁸).
1311 2453 1378 2517 Pro·

267 2550 343 2616 inde
377 2571 443 2614 non
473 2551 536 2613 nisi
570 2571 667 2614 sensu
700 2552 849 2634 exposito
884 2552 1047 2614 sententia
1080 2549 1122 2614 de
1145 2551 1297 2616 Honorio
1320 2549 1378 2614 lata

267 2652 334 2712 vim
359 2647 460 2712 habet
483 2657 581 2734 atque
604 2646 761 2712 valorem.

193 2779 255 2808 nen·
357 2746 408 2809 79.
432 2745 546 2810 Restat
569 2745 735 2830 quaestio,
760 2767 820 2830 qno
842 2767 934 2809 sensa
956 2745 1071 2808 Patres
1092 2745 1157 2830 ipsi
1178 2745 1321 2812 Concilii
1336 2743 1378 2806 VI

117 2842 138 2872 ¹⁵
169 2842 182 2871 ⁸
219 2841 248 2868 '¹¹'
266 2845 450 2908 Honoriom
486 2842 643 2907 damnare
675 2842 851 2907 voluerint.
896 2843 1151 2906 Protestentium
1175 2843 1380 2929 pluriumque

267 2941 514 3008 Gallicanorum
549 2941 711 3004 sententia
740 2950 806 3024 est,
835 2941 1020 3005 Honor-ium
1056 2940 1098 3005 ab
1126 2941 1167 3003 iis
1191 2941 1378 3005 damnatum

267 3063 337 3105 esse
360 3049 397 3103 nt
419 3037 622 3102 haereticum
647 3038 758 3102 stricto
782 3061 889 3103 senen.
927 3035 993 3103 Sed
1017 3039 1116 3102 etiam
1140 3039 1227 3102 inter
1251 3061 1306 3104 eos
1328 3038 1379 3124 qni
1437 3059 1438 3088 ι

268 3138 452 3202 Honorium
466 3135 658 3217 vindicant,
684 3146 760 3200 runt
783 3140 839 3222 qui
861 3137 1071 3216 existimant,
1096 3136 1269 3221 episcopos
1283 3137 1379 3201 orien-

267 3235 406 3302 talesia
431 3233 578 3299 Concilio
603 3233 651 3298 VI
675 3235 821 3298 severius
855 3234 896 3298 de
919 3233 1067 3298 Honorio
1085 3231 1274 3320 judicasse,
1299 3253 1379 3297 enm·

268 3355 332 3421 que
363 3333 599 3398 condemnasse
632 3334 742 3400 stricte
775 3343 811 3395 ut
842 3331 1014 3396 haereseos
1045 3333 1079 3395 in
1103 3331 1259 3415 dogmate
1281 3351 1379 3396 reum.
1437 3377 1438 3414 ,

267 3432 414 3498 Leonem
438 3429 473 3494 II
496 3451 574 3494 vero
598 3429 685 3494 hanc
718 3431 913 3496 sententiam
943 3449 1008 3495 non
1032 3429 1224 3506 admisisse,
1249 3427 1307 3492 sed
1331 3425 1381 3490 ab·
1437 3431 1438 3500 i

268 3549 401 3613 rogasse
425 3549 482 3592 seu
506 3529 614 3612 potins
630 3527 851 3610 modificasse,
868 3537 1031 3614 quatenus
1049 3547 1115 3591 non
1139 3527 1303 3606 haeresis,
1328 3523 1380 3588 sed

272 3665 479 3674 ...m—..muu-

347 3741 368 3812 ¹)
387 3740 477 3795 Labbe
505 3739 552 3793 vl.
583 3756 608 3807 p.
640 3741 715 3794 1109.
745 3769 776 3778 -
804 3739 835 3792 In
855 3743 933 3792 texto
953 3737 1069 3802 Latino,
1088 3739 1252 3802 attexant,
1272 3735 1383 3790 habetor

270 3823 377 3890 quidem
395 3823 594 3874 errantia-atatam
612 3821 690 3885 tidem
709 3820 858 3873 mboertere
874 3825 989 3872 conatae
1005 3824 1053 3880 eet,
1072 3819 1118 3873 sed
1136 3819 1164 3872 in
1183 3823 1262 3872 textn
1283 3819 1382 3870 cnseo

270 3903 384 3972 legitur:
410 3901 477 3954 etta
495 3905 527 3972 τῇ
544 3901 647 3968 βεβήλῳ
665 3899 799 3970 προδοσίᾳ
823 3903 976 3968 μιανθῆναι
995 3898 1045 3962 ιήι
1062 3899 1179 3952 ἄσπιλον
1197 3897 1368 3968 παρεχύριισι

272 3987 360 4050 ,toque
378 3983 443 4036 haec
461 3980 622 4036 concordant
646 3996 704 4034 cnm
732 3979 773 4046 iis,
792 3994 860 4048 quae
878 3977 933 4034 Leo
951 3975 1045 4032 scribit
1072 3977 1100 4034 in
1119 3977 1233 4047 epistola
1251 3977 1286 4030 ad
1304 3973 1379 4028 Erri-

271 4065 346 4134 gium
365 4077 464 4132 regem.

345 4144 366 4212 ¹)
384 4143 475 4196 Labbe
493 4141 540 4195 VI.
559 4157 585 4208 p.
607 4143 683 4195 1250.

345 4224 367 4290 ⁸)
386 4220 484 4285 Labbe,
502 4221 548 4274 VI.
570 4235 596 4288 p.
617 4223 693 4274 1246.
