2876 4814
481 485 636 543 Persecutio
653 485 737 543 Decii.
1112 485 1166 541 me

71 631 207 695 nemim
229 632 435 709 matrimonii,
459 633 652 718 prostituere
680 631 849 719 pentilibas
875 631 1012 696 membra
1038 628 1164 697 bier-isti.

72 731 131 794 ,von
145 735 258 819 jacere
284 739 404 793 tonmm
428 739 547 809 temere,
572 730 627 793 sed
658 730 759 794 adbuc
782 732 877 794 ctiam
894 735 1052 819 pejerare,
1070 753 1165 818 prae·

66 831 170 912 positos
192 827 327 914 superbo
357 837 474 890 nemore
503 839 706 907 contemnere,
729 837 882 892 venenate
910 828 973 890 sibi
996 851 1048 892 ore
1071 829 1165 892 male·

69 927 163 1004 licerc,
194 925 281 989 odiis
306 924 525 1010 pertinacibus
556 927 687 988 invicem
714 925 877 989 dissidere.
924 927 1076 1013 Episcopi
1092 928 1165 1012 plo-

70 1026 136 1100 rimi,
165 1046 241 1108 qssos
275 1033 305 1086 ct
335 1023 528 1086 hortamento
552 1045 617 1086 esse
649 1033 771 1108 oportet
797 1025 930 1086 caeteris
961 1034 991 1088 et
1014 1023 1165 1109 cremplc,

68 1121 160 1184 lirino
188 1121 417 1207 procuratimse
449 1131 638 1206 corstemptm
669 1131 895 1206 procreatores
926 1144 1029 1184 reram
1061 1145 1165 1185 saeca-

69 1219 166 1282 bricm
182 1219 275 1302 fieri,
300 1217 453 1282 derelicto
475 1218 642 1295 catbeclra,
669 1218 763 1304 plebe
795 1219 932 1300 deserta,
951 1241 1013 1303 per
1042 1218 1167 1283 alienas

66 1319 229 1402 prosincias
252 1317 445 1393 aberrantes,
468 1317 693 1400 nepotiationis
721 1327 903 1401 qnoesmose
926 1317 1089 1380 nanslinas
1111 1339 1165 1380 aa·

68 1417 174 1500 reperi,
206 1413 417 1478 esurimstibns
447 1415 483 1476 in
515 1413 645 1477 ccclesia
668 1412 831 1498 fratribus
862 1414 973 1477 babere
1005 1425 1165 1500 arpentum

69 1511 181 1598 &citer
200 1511 294 1590 celle,
309 1510 434 1596 fimdos
447 1510 612 1574 insidiosis
616 1510 793 1596 frondibus
815 1533 938 1596 rapere,
962 1512 1067 1574 cscnls
1089 1512 1165 1575 merl·
1268 1579 1271 1586 ,

68 1609 268 1722 ipiscantcbns
283 1607 404 1694 soenes
427 1631 549 1693 aspere.
587 1645 630 1654 —
667 1607 777 1672 Etiam
807 1630 849 1671 ex
879 1607 962 1672 libro
986 1609 1035 1673 Dc
1058 1609 1166 1673 babitu

68 1708 212 1792 'ircim
236 1705 382 1792 quemS.
407 1703 594 1789 Cyprianus
617 1704 671 1768 vel
693 1704 867 1790 presbyter
889 1705 941 1770 vel
966 1709 1059 1771 initio
1084 1709 1165 1792 epis·

68 1815 184 1888 repetes
206 1803 415 1888 conscripsit,
440 1801 612 1885 colligitur,
637 1801 872 1866 relaxationem
897 1805 1075 1888 quemdem
1100 1826 1165 1868 mo-

68 1923 126 1964 mm
147 1903 230 1966 inter
253 1899 461 1966 Christianos
485 1897 685 1984 Carthagine
709 1899 893 1965 inolevisse.

140 2001 189 2064 21.
213 1999 359 2082 Magnus
391 2017 546 2060 numerus
578 1998 679 2080 igitur
711 1997 859 2062 fidelium
891 2020 911 2062 s
944 1999 1008 2063 fide
1033 1998 1163 2063 defecit.
1285 2047 1290 2056 .

69 2097 245 2162 &emmas
267 2095 465 2182 memoriam,
490 2093 604 2158 scribit
617 2094 650 2160 S.
676 2091 873 2180 Cyprianus,
891 2119 953 2182 pro
976 2095 1079 2181 nefas,
1103 2119 1163 2159 om-

69 2197 113 2256 oia
144 2207 171 2260 et
192 2195 231 2258 sie
254 2193 407 2257 memoria
434 2203 635 2256 secesserant.
666 2193 744 2257 Non
766 2204 1023 2280 exspectaverant
1045 2193 1165 2274 saltem,

70 2303 96 2354 st
122 2293 321 2357 merem
352 2291 553 2376 apprebensi,
581 2301 617 2354 nt
652 2291 841 2378 interropati
870 2301 1028 2378 nepas-ent.
1085 2291 1166 2356 Ante

70 2391 151 2452 aciem
179 2389 272 2454 nusi&
295 2389 387 2466 victi,
417 2389 485 2451 sinc
508 2389 722 2473 conpressiore
745 2390 914 2474 mestrem,
945 2411 1001 2453 nec
1029 2391 1084 2454 boc
1107 2390 1169 2453 cibi

71 2487 252 2573 reliques-aot,
277 2497 315 2550 at
337 2485 515 2568 sacrificare
537 2484 634 2547 idolis
656 2487 836 2550 riderentur
857 2489 960 2551 inviti.
1011 2487 1100 2552 Ultro
1125 2489 1168 2551 ad

64 2583 157 2666 form
176 2607 313 2662 me,
338 2583 382 2646 asi
403 2593 530 2646 carten
559 2593 668 2667 sponte
686 2605 872 2669 properare,
902 2587 995 2670 qnasi
1016 2587 1070 2649 boc
1093 2586 1168 2650 olim

70 2695 206 2768 cuperent,
229 2684 327 2770 quasi
349 2680 609 2766 amplecterentur
631 2681 823 2744 occasionem
845 2680 955 2746 datam
977 2706 1070 2768 qnam
1092 2708 1166 2748 scm-

67 2801 116 2862 per
134 2791 303 2867 optassent.
353 2775 437 2851 Quos
463 2777 531 2841 illic
563 2801 584 2840 a
612 2777 850 2864 mapistrotibns
884 2801 1014 2864 vespera
1040 2792 1167 2866 serpente

70 2875 151 2942 tiae
171 2881 267 2944 scam?
292 2887 366 2962 quot
387 2899 426 2940 ne
450 2897 555 2939 eornm
584 2873 767 2960 defferretur
789 2877 936 2940 interitus
959 2875 1167 2963 (spiritualis)

70 2974 148 3038 ‘bam
174 2975 386 3062 ropaccrmntl
410 3022 417 3036 .
442 3022 451 3036 .
477 3022 484 3036 .
519 2972 566 3037 Ac
595 2972 702 3037 multis
725 2975 881 3060 proprius
913 2976 1059 3040 interime
1088 2975 1168 3038 satis

71 3093 121 3132 non
133 3073 207 3159 seit.
257 3072 476 3137 Hor-tementis
498 3072 614 3134 matesis
640 3073 676 3134 in
703 3072 835 3135 emitiam
852 3072 993 3158 populns
1016 3069 1168 3158 impulsas

70 3179 115 3244 er,
136 3193 213 3235 mors
234 3171 369 3236 invicem
398 3167 490 3232 letali
506 3167 623 3254 poculo
647 3170 826 3256 propinata
859 3179 912 3232 cst.
961 3171 1007 3235 Ac
1029 3195 1069 3236 ne
1092 3170 1168 3257 qaid

70 3263 171 3330 beesca
194 3269 238 3333 ad
261 3269 405 3332 ctissime
428 3266 592 3346 camalam,
612 3266 754 3352 infantes
776 3289 894 3352 qaoque
910 3279 1082 3354 parentam
1104 3292 1167 3332 ma-

71 3361 147 3426 oibss
167 3366 216 3430 cei
239 3367 383 3452 impositi
404 3363 453 3429 cel
472 3365 610 3428 attracti.
638 3413 644 3427 .
670 3413 677 3428 .
703 3413 710 3426 .
738 3365 806 3427 Nec
829 3375 874 3428 est
889 3370 982 3454 justa
1005 3365 1115 3452 aliqua
1139 3377 1168 3430 ct

69 3465 158 3542 pacis
178 3487 292 3542 caasa,
331 3486 410 3549 qnae
448 3473 568 3526 tantam
598 3460 733 3546 facinus
765 3473 899 3525 excuset.
947 3461 1168 3549 Relinquenda

70 3569 127 3620 erct
158 3564 283 3646 patria,
319 3571 349 3624 et
375 3561 568 3646 patrimonii
597 3558 756 3644 facienda
777 3563 918 3647 jactura.
953 3609 960 3624 .
996 3610 1003 3624 .
1037 3562 1169 3646 Decepit

71 3656 167 3722 setas
197 3660 392 3745 patrimonii
423 3659 474 3722 soi
512 3679 600 3722 amor
637 3679 756 3734 caecrm,
791 3681 847 3719 nec
885 3659 928 3722 oei
966 3659 1169 3723 recedendum

68 3758 164 3834 pcrali
197 3769 255 3820 mat
294 3755 437 3842 expediti
469 3777 534 3818 esse
558 3765 742 3840 potaencnt,
782 3777 858 3840 qnos
881 3753 1061 3838 facultates
1093 3778 1167 3819 escae

73 3849 140 3916 retus
160 3854 321 3940 compedes
350 3852 535 3940 ligaverunt.
570 3901 577 3916 .
611 3901 618 3916 .
644 3902 651 3917 .
693 3850 757 3916 Sed
785 3863 939 3915 tormento
968 3853 1166 3939 postmodnm

73 3964 212 4032 meam,
236 3963 267 4016 et
289 3953 447 4016 mmciatm
459 3973 570 4038 prams
584 3947 811 4014 reluctantibus
826 3949 1046 4014 imminebant!
1072 3947 1168 4022 Queri

73 4043 103 4108 de
123 4052 278 4114 temnentis
296 4060 413 4136 potest,
435 4050 491 4135 qni
507 4071 569 4134 per
596 4057 750 4112 tonncnta
773 4057 939 4132 superatne
961 4059 1016 4112 est.
1064 4047 1170 4111 Potest

95 4179 255 4196 ῡυ--η--κ-

135 4250 446 4320 ¹)Dclcpcisms-9.
