2806 4848
453 460 495 520 De
511 477 563 520 utu
579 459 767 524 Contentionis.
1114 465 1168 526 toa

68 610 228 695 antiquam
259 609 466 681 severiorem.
521 609 683 694 Mitigatio
716 623 826 678 autem
859 611 915 679 illa
944 636 1010 680 uon
1044 613 1167 727 ubique

68 707 170 772 eodem
204 717 360 792 tempore,
394 699 479 771 sed
475 709 576 772 variis
607 709 642 772 in
666 709 856 794 regionibus
886 710 1011 776 tardius
1034 715 1167 798 priusve

67 805 189 887 accidit,
211 807 321 890 prouti
335 804 505 870 Praesulee
528 806 715 888 censebant,
739 806 849 874 adhuc
872 799 1005 874 salutari
1029 812 1167 896 antiqui-

67 904 131 966 tatis
162 903 331 969 severitati
364 902 602 986 insistendum,
635 902 688 968 vel
720 904 761 970 ob
795 915 979 990 temporum
1010 906 1167 992 adjuncta

66 999 252 1086 disciplinae
276 1001 538 1066 immutationem
561 1023 632 1066 esse
654 1011 870 1087 opportunam
879 1001 912 1088 ¹).
944 1039 987 1050 —-
1010 1004 1108 1069 Modo
1130 1015 1168 1068 ut
1216 1033 1218 1038 ·

66 1099 154 1162 etiam
188 1096 325 1162 uberius
347 1096 602 1180 demonstretur,
626 1121 668 1164 ex
691 1099 777 1164 facto
801 1099 945 1166 Nectarii
969 1099 1051 1166 nihil
1074 1124 1167 1187 posse
1200 1095 1208 1140 s
1258 1107 1262 1120 ‘

65 1193 175 1259 deduci
201 1215 267 1280 quo
291 1195 462 1278 efficiatur,
478 1195 716 1262 confessionem
733 1217 803 1262 esse
819 1198 1056 1264 institutionem
1080 1221 1167 1266 mere

65 1292 313 1360 eeclesiasticam
346 1313 484 1378 eamque
513 1316 535 1358 a
563 1293 716 1358 Nectario
745 1293 901 1360 abolitam
928 1295 1038 1376 fuisse,
1068 1298 1166 1381 paulo

64 1391 242 1456 scematius
274 1389 315 1453 de
346 1392 459 1474 agnita
497 1393 690 1456 necessitate
722 1401 755 1456 et
786 1391 828 1456 de
860 1415 921 1456 usu
954 1393 1166 1496 confessionis

66 1489 169 1571 priscis
193 1487 363 1555 Ecclesiae
385 1487 526 1554 saeculis
548 1489 755 1554 disseramus.
1112 1515 1116 1522 ·

581 1794 641 1858 Π.

111 1925 180 1987 De
203 1940 298 1988 aaa
321 1925 639 2004 confessionis
659 1925 841 2005 premis
870 1923 1109 1992 Ecclesiae

503 2039 721 2106 saecatte.

140 2171 196 2236 35.
225 2169 280 2254 „Si
313 2169 528 2236 confessionis
558 2171 706 2254 privatae
744 2171 815 2234 exis
816 2171 919 2235 tentia
953 2171 987 2234 in
1016 2170 1166 2236 Ecclesia
1185 2193 1243 2244 ms
1229 2205 1275 2235 sm
1276 2196 1323 2236 ιιι..

62 2271 203 2354 antiqua,
227 2266 342 2332 scribit
371 2266 473 2332 Steitz
505 2277 619 2332 auctor
649 2277 842 2352 protestans,
867 2278 943 2332 ante
967 2269 1166 2334 constitutio·
1175 2255 1333 2358 ‘mmm

63 2363 339 2452 compresbyteri
369 2366 611 2451 poenitentiarii
640 2364 773 2450 probari
806 2367 929 2451 nequit,
962 2366 1019 2430 sed
1043 2367 1166 2432 confes-

62 2465 155 2530 sionis
178 2464 343 2528 institutio
368 2472 497 2530 tantum
519 2464 554 2528 in
578 2461 631 2526 illo
660 2484 795 2528 munere
819 2461 959 2538 creando
983 2485 1078 2530 suum
1102 2487 1166 2530 mo·

62 2563 160 2628 tivum
184 2559 305 2626 babuit
327 2558 546 2646 intimumque
571 2581 647 2624 cum
663 2559 725 2624 boc
749 2582 884 2626 munere
907 2582 1041 2644 nexum,
1065 2564 1166 2628 mani·

61 2657 173 2724 festum
199 2668 265 2740 est,
287 2657 465 2724 abolitione
489 2659 586 2722 unius
609 2659 707 2722 etiam
731 2657 863 2722 alterius
886 2657 1096 2724 abolitionem
1120 2662 1166 2726 in-

62 2755 211 2844 cludi“').
242 2755 332 2820 Dein
354 2754 449 2840 plura
472 2765 566 2839 urget
587 2765 781 2840 argumenta
804 2777 846 2820 ex
860 2755 1003 2822 Socratis
1026 2766 1057 2822 et
1071 2755 1166 2822 Sozo-

63 2855 141 2920 meui
173 2853 365 2918 narratione
394 2851 539 2936 collecta,
571 2863 609 2916 ut
630 2855 763 2918 evincat
791 2875 906 2920 revera
929 2854 1165 2922 confessionem

61 2971 184 3016 ornnem
218 2973 238 3014 a
260 2949 413 3016 Nectario
443 2949 637 3035 abrogatam
666 2951 775 3017 fuisse.
823 2949 1049 3034 Ostendimus,
1073 2975 1166 3038 argn-

62 3059 164 3114 meuta
197 3046 256 3112 illu
287 3046 384 3112 facile
416 3047 507 3130 dilui,
532 3059 564 3112 et
598 3048 726 3114 illorum
749 3059 920 3114 auctorum
943 3049 1044 3114 verba
1066 3053 1165 3135 aptis-

60 3146 134 3212 sime
147 3147 273 3232 exponi
289 3145 330 3210 de
345 3147 546 3230 poenitentia
560 3146 693 3232 publica
715 3147 883 3231 abrogata.
905 3145 1039 3212 Plenior
1052 3157 1163 3214 temen

60 3245 100 3306 rei
122 3243 242 3310 solutio
266 3254 303 3308 ut
325 3243 495 3325 habeatur,
519 3253 619 3330 utque
648 3254 815 3330 appareat,
839 3243 1052 3310 confessionis
1075 3247 1161 3313 insti-

60 3343 215 3406 tutionem
238 3352 271 3406 et
293 3343 520 3408 necessitatem
543 3341 633 3406 haud
654 3342 797 3429 pendere
820 3341 862 3406 ab
886 3344 1089 3408 institutione
1113 3345 1165 3412 vel

60 3437 234 3506 abolitione
255 3437 343 3504 illius
367 3441 511 3506 muueris
529 3439 711 3524 presbyteri
727 3441 980 3524 poenitentiarii,
999 3440 1070 3525 jam
1094 3441 1164 3508 bre·

61 3538 138 3602 riter
160 3536 388 3619 ostendamus,
420 3558 548 3622 semper
577 3539 612 3604 in
634 3536 785 3604 Ecclesia
816 3539 962 3622 agnitam
984 3537 1084 3602 fuisse
1107 3540 1163 3606 ab·

61 3681 266 3696 m

125 3761 147 3828 ¹)
166 3757 223 3813 Otr.
240 3755 344 3814 Bickell
361 3757 379 3813 l.
395 3774 419 3816 c
438 3758 464 3813 8.
481 3760 543 3816 439.

124 3839 147 3908 ¹)
169 3839 277 3906 ,Wenn
301 3837 358 3894 sich
384 3838 446 3894 eine
463 3839 666 3896 Privatbelchte
691 3839 719 3894 in
742 3839 789 3895 der
814 3839 916 3894 llltereu
934 3836 1034 3892 Kirche
1052 3836 1165 3891 verder

59 3919 230 3990 lumtelluug
248 3918 294 3974 des
305 3919 504 3987 Busspriesters
524 3919 599 3974 nicht
611 3919 779 3976 nucbwcisen
792 3919 866 3984 latest,
879 3917 1009 3972 vielmehr
1024 3918 1088 3986 jeue
1100 3917 1164 3971 Ein-

59 3997 182 4067 richtnng
208 3997 260 4051 mit
284 3997 382 4052 diesem
409 3998 489 4052 Amte
514 4005 570 4053 erst
588 3997 739 4068 begrtlndst
765 4001 820 4056 und
838 4015 891 4066 eug
909 3997 1063 4052 verbunden
1082 3995 1163 4062 ward,

59 4093 83 4128 so
99 4079 136 4131 ist
153 4093 185 4131 es
203 4077 271 4144 klar,
290 4077 351 4132 dass
369 4077 412 4131 die
431 4077 597 4147 Aulbebung
615 4079 660 4134 des
679 4079 765 4135 Einen
784 4079 827 4134 die
845 4076 1028 4145 Abschaffung
1046 4076 1091 4131 des
1110 4077 1163 4130 An-

59 4155 167 4288 panin
185 4157 242 4212 sicb
259 4157 408 4214 mlum
432 4159 486 4214 Dus
505 4160 636 4214 manche
647 4161 879 4216 Busssacrumeut:
897 4173 922 4226 p¹
942 4156 990 4223 863
1009 4171 1052 4224 ap.
1065 4157 1164 4222 bank,

90 4251 110 4292 r.
128 4253 154 4306 p.
174 4239 235 4294 2⁰⁰.

1006 4333 1055 4388 ll*
