2810 4846
258 478 311 530 244
645 475 685 528 Ds
702 473 819 528 Concilio
837 472 979 542 Ephesino.

260 637 334 684 suos
366 618 407 683 ob
439 617 583 683 locorum
617 617 805 682 distantiam
839 618 935 681 citius
967 637 1081 700 cogere
1112 637 1178 680 non
1200 617 1353 702 potuisset,
1390 627 1391 662 l

260 717 382 782 advent
369 725 439 780 tum
471 737 566 780 suum
598 715 789 778 retardavit.
844 714 982 799 Scripsit
1013 723 1123 778 tamen
1156 711 1275 797 Cyrillo
1303 735 1391 802 per

261 816 430 899 episcopos
461 813 551 894 duos,
586 831 661 876 cum
693 811 822 876 abesset
851 823 981 876 tantum
1004 813 1120 876 itinere
1144 813 1285 898 quinque
1305 821 1391 874 aut

262 933 320 975 sex
344 911 481 992 dierum,
507 911 563 995 qui
579 932 645 974 non
661 909 760 974 semel
773 910 882 973 testati
898 919 982 991 sunt,
999 909 1061 974 sibi
1085 908 1232 974 datum
1224 931 1256 973 ιιι
1278 929 1354 972 man-

262 1010 347 1073 datis
370 1029 389 1072 a
412 1008 551 1089 Josnne,
576 1029 618 1070 ne
649 1029 742 1070 sacra
766 1005 920 1090 Synodus
947 1017 1188 1092 prorogaretur,
1212 1008 1238 1070 si
1261 1007 1391 1110 ipsam

261 1106 397 1171 tardari
415 1103 556 1189 amplius
588 1106 801 1189 contingeret.
848 1103 959 1184 Quare
987 1127 1063 1168 cum
1086 1103 1205 1170 diebus
1228 1079 1391 1167 sedecim

261 1205 343 1269 frnst
330 1213 380 1267 tra
403 1211 609 1287 exspectatus
631 1203 754 1283 fuisset,
772 1201 925 1286 Synodus
938 1201 1090 1266 inchoata
1114 1211 1173 1282 est,
1197 1204 1391 1286 statimque

263 1301 410 1365 divisa
401 1321 435 1362 ιιι
467 1298 548 1363 duas
580 1309 698 1384 partes.
743 1300 845 1363 Pauci
879 1299 1024 1385 quidam,
1056 1299 1215 1364 videlicet
1243 1301 1356 1362 circiter
1390 1299 1391 1388 ᾗ

263 1396 466 1483 quindecim,
499 1396 647 1460 Nestorio
671 1395 908 1478 adhaeserunt3
948 1398 1094 1460 maxima
1126 1407 1160 1462 et
1192 1395 1355 1462 orthodoxa
1390 1389 1391 1436 1

264 1517 338 1580 pars
353 1491 475 1577 Cyrillo
491 1492 649 1574 adhaesit,
665 1495 804 1578 insignis
825 1496 911 1558 inter
925 1494 984 1558 hos
1008 1504 1078 1558 erat
1092 1495 1249 1560 Memnon
1264 1491 1357 1578 Ephe·
1390 1487 1391 1578 ᾗ

264 1595 353 1656 sinus
376 1593 557 1676 episcopus.
602 1591 791 1655 Adfuerunt
820 1601 930 1656 autem
963 1593 1057 1656 initio
1081 1590 1209 1676 Synodi
1241 1589 1355 1654 ducenti
1390 1583 1391 1656 i

265 1692 394 1753 circiter
416 1689 572 1773 episcopi.
1390 1671 1391 1712 ¹

99 1805 254 1857 cyrmnspas-
354 1787 404 1850 71.
429 1785 546 1850 Adfuit
569 1784 711 1870 Cyrillus
743 1794 900 1872 tanquam
931 1787 1104 1872 episcopus
1127 1784 1356 1850 Alexandrinus

145 1865 209 1907 ’Μ’
265 1896 297 1948 et
319 1893 475 1968 tanquam
500 1883 651 1947 Vicarius
681 1883 820 1947 Romani
850 1883 1029 1964 Pontificis,
1062 1885 1110 1946 uti
1134 1893 1226 1968 patet
1246 1905 1286 1946 ex
1306 1880 1355 1944 ric·

264 1984 352 2047 tione
376 1983 498 2067 prima:
525 1979 763 2046 Cornidentibas
785 1981 821 2044 in
831 1981 1030 2046 senencias
1052 1979 1194 2060 ecclesia,
1219 2005 1291 2066 qima
1311 2001 1355 2063 op·
1390 1989 1391 2044 t

258 2078 402 2166 pellatia·
412 2079 532 2158 Maria,
549 2077 793 2164 religiosissimis
808 2089 838 2142 et
849 2079 1056 2142 sanctissimis
1067 2079 1236 2164 episcopis,
1252 2073 1353 2164 Cyrillo

266 2175 482 2240 Alemanolriae
493 2177 545 2260 qni
555 2185 585 2237 et
597 2174 763 2240 Caelestini
773 2195 889 2260 quoqne
905 2175 1095 2238 sanctissimi
1110 2175 1354 2258 sacratissimas
1390 2217 1391 2256 3

268 2278 428 2338 Romanae
440 2271 598 2336 Ecclesiae
608 2273 843 2385 Archiepisoopi
856 2271 955 2336 locam
972 2271 1140 2350 obtinebat,
1151 2281 1214 2336 etc.
1241 2272 1287 2335 Ac
1295 2271 1391 2356 jare
1390 2257 1391 2278 *

267 2371 381 2434 merito
398 2369 593 2453 CyrillnsR.
608 2371 777 2434 Pontificis
792 2371 883 2434 vices
905 2369 1054 2455 gerebat,
1078 2391 1156 2432 cum
1181 2372 1211 2434 ei
1232 2392 1252 2433 a
1268 2361 1391 2433 Coele

269 2468 352 2532 stino
377 2467 470 2532 Sedis
486 2467 693 2552 Apostolicae
717 2469 892 2532 auctoritas
916 2465 1066 2552 delegata
1089 2477 1176 2532 esset
1198 2467 1239 2530 ad
1261 2483 1391 2529 areca

268 2567 390 2629 tionem
423 2567 603 2630 sententiae
636 2574 749 2629 contra
780 2565 1009 2629 Nestorium
1001 2587 1036 2628 ιιι
1070 2565 1221 2628 Romana
1251 2547 1391 2646 synodo
1390 2579 1391 2584 ¹

268 2663 363 2742 latae,
389 2661 516 2747 dequo
542 2671 639 2746 negot
641 2663 671 2726 io
695 2661 885 2746 agebatur
877 2685 912 2725 ιιι
936 2661 1083 2726 Concilio
1107 2661 1281 2747 Ephesino.
1390 2715 1391 2726 ,

127 2783 170 2823 sio
212 2780 260 2821 ιιι.
361 2761 411 2824 72.
434 2759 588 2824 Actione
581 2761 807 2846 igiturprima,
822 2781 906 2844 quac
920 2758 1034 2824 habita
1048 2769 1097 2823 est
1112 2759 1168 2823 die
1191 2759 1258 2824 22⁴·
1270 2755 1355 2822 lunii.

271 2857 416 2922 nondum
441 2856 666 2942 praesentibus
687 2856 802 2941 legatis
825 2857 991 2939 Romanis,
1026 2877 1124 2921 causa
1148 2857 1284 2922 Nestorii
1303 2853 1354 2936 agi·
1390 2865 1391 2904 i

271 2965 339 3019 tata
362 2965 418 3019 est
465 2955 539 3040 Ipse
571 2964 621 3018 tor
652 2955 811 3018 invitatus
843 2963 879 3018 ut
911 2954 953 3018 ad
987 2954 1159 3038 Synodum
1184 2955 1308 3033 veniret,
1329 2947 1354 3011 id
1390 2991 1391 2994 =

271 3054 379 3117 facere
414 3053 580 3116 recusavit
611 3061 643 3115 et
679 3051 761 3114 nihil
800 3053 862 3115 nisi
897 3053 1049 3116 convicia
1081 3051 1234 3117 reddidit
1284 3048 1354 3113 Dein
1390 3062 1391 3090 ι

271 3149 355 3214 lecta
378 3159 454 3213 sunt
476 3171 560 3235 quas
582 3149 740 3213 advorsus
763 3149 950 3214 Nestorium
982 3151 1111 3212 fuerant
1133 3159 1289 3235 suggesta,
1309 3143 1354 3210 SS.
1390 3149 1391 3220 J

272 3247 514 3332 Scripturarum
537 3247 737 3331 Patrumque
768 3247 955 3310 testimonia
987 3245 1028 3310 de
1058 3245 1115 3311 SS.
1138 3241 1356 3310 incarnationis
1390 3277 1391 3286 ι

273 3345 425 3429 mysterio
449 3345 593 3424 recitata,
609 3343 877 3428 praecedentium
893 3342 1114 3408 Consiliorum
1136 3343 1279 3428 symbols
1298 3361 1354 3425 pro·

272 3442 348 3522 lata,
372 3452 404 3504 et
427 3439 459 3505 S.
485 3439 599 3524 cyrilli
623 3439 889 3506 anathematismi
912 3441 1071 3504 adversus
1093 3440 1274 3506 Nestorium
1296 3457 1354 3500 con

272 3538 402 3604 firmati.
447 3538 616 3602 Nestorius
647 3550 757 3602 autem
793 3539 966 3603 damnatus
999 3547 1056 3602 est.
1106 3536 1192 3618 Cam,
1224 3537 1353 3622 inquiunt

270 3639 394 3730 Patres,
412 3647 543 3723 praeter
566 3647 690 3700 caetera
711 3639 915 3724 inpiissimas
939 3637 1106 3700 Nestorius
1133 3659 1229 3722 aspin
1250 3644 1353 3698 nostae

270 3735 416 3800 citationi
432 3757 560 3820 parere,
583 3757 679 3820 neque
701 3736 913 3798 scurissimos
936 3731 1238 3820 religiosissimosque
1260 3733 1353 3816 spiam·

266 3855 373 3920 pesa
395 3831 484 3895 nobis
508 3832 681 3897 destinatos
712 3833 874 3896 admittere
906 3829 1049 3908 coluerit,
1072 3853 1135 3895 non
1151 3831 1302 3916 potnimm
1319 3821 1355 3886 ad
1390 3895 1391 3898 Ἴ

272 3951 377 3994 eoram
388 3951 466 4015 qaae
478 3931 573 4016 impie
584 3929 689 3994 docuit
701 3929 965 3994 amaminationem
976 3928 1114 3991 animum
1122 3951 1184 3992 non
1196 3927 1352 4037 adjungere.

254 4027 542 4142 .Depreliendentes
579 4029 684 4113 itaque
715 4027 838 4112 partim
874 4047 914 4089 ea·
946 4024 1061 4088 litteris
1091 4023 1353 4103 commentariisoat

273 4126 383 4211 ipsius,
404 4126 525 4210 partim
547 4149 563 4188 e
586 4125 775 4189 sermonibus
798 4145 873 4209 qnos
895 4123 1072 4213 nuperrime
1094 4123 1129 4186 in
1150 4121 1207 4184 hae
1227 4115 1352 4204 Ephesii

272 4245 342 4286 rum
363 4221 528 4309 nmmopoli
549 4221 666 4301 tanat,
683 4224 792 4309 quique
809 4221 993 4285 testimoniis
1015 4219 1161 4306 comperti
1181 4227 1259 4295 sant,
1279 4209 1352 4276 illan
