2874 4812
238 478 291 534 35²
674 477 714 536 De
732 473 757 535 S.
776 475 918 549 cypriano.

236 626 279 688 tis
296 645 411 689 causas
426 623 513 688 finiri
530 647 598 690 non
619 625 795 707 dubitaret,
819 623 1033 690 nibilominus
1056 633 1184 711 poterat
1198 625 1305 690 citata
1321 625 1366 690 ad

238 723 485 787 excusationem
508 722 628 790 dicere.
668 723 824 806 Quaestio
849 723 938 787 onim
961 723 1114 810 quamvis
1137 724 1173 787 in
1189 745 1225 788 se
1240 722 1366 788 doctri·

237 818 322 885 nelis
344 829 438 903 esset,
462 829 574 885 tamen
597 821 652 886 illo
676 831 823 907 tempore
853 820 977 885 directe
1000 821 1062 886 sub
1086 829 1238 908 respectu
1263 821 1365 886 disci-

237 919 358 1004 plinari
381 927 521 981 tractata
543 927 627 1002 erst3
652 928 685 983 et
707 917 769 982 sub
793 927 945 1003 respectu
969 917 1143 983 doctrinali
1167 918 1365 1005 Stephanus

237 1017 274 1082 P.
307 1015 397 1080 haud
430 1013 585 1100 explicite
618 1037 691 1079 earn
716 1014 898 1098 definierat,
922 1037 984 1080 nec
1009 1015 1132 1080 directe
1157 1017 1189 1080 in
1215 1017 1283 1081 isto
1309 1039 1364 1081 ne-

237 1117 325 1199 gotio
359 1114 400 1179 de
433 1109 667 1177 infallibilitate
704 1115 743 1178 u.
775 1113 947 1178 Pontificio
979 1123 1090 1178 actum
1123 1123 1181 1178 est.
1239 1114 1363 1179 Postea

239 1233 317 1276 vero
350 1232 450 1274 csuss
481 1210 520 1274 de
541 1211 636 1298 facto
664 1213 699 1276 in
732 1211 880 1298 plenario
905 1209 1053 1276 Concilio
1078 1211 1284 1298 (Arelatensi
1312 1211 1364 1276 vel

238 1307 400 1396 Nicseno)
414 1311 463 1372 uti
477 1330 520 1372 ex
534 1307 721 1394 Augustino
742 1310 898 1392 vidimus,
918 1312 1018 1374 etiam
1038 1309 1099 1374 sub
1114 1319 1270 1395 respectu
1289 1309 1364 1374 doc-

238 1406 348 1472 trinali
370 1405 467 1491 plane
483 1405 627 1492 eliquata
646 1416 679 1470 et
697 1408 871 1471 terminata
891 1417 948 1473 eat.
978 1407 1069 1471 Hinc
1093 1405 1192 1492 hujus
1215 1406 1363 1492 plenarii

240 1504 380 1568 Concilii
395 1505 429 1568 S.
443 1505 569 1568 Doctor
584 1507 785 1569 mentionem
800 1504 895 1588 facit,
911 1514 943 1568 et
958 1506 1101 1570 advertit
1117 1515 1233 1570 contra
1249 1505 1365 1571 Dona·

239 1605 341 1685 tisias,
356 1601 446 1666 haud
464 1601 685 1666 dubitandum
699 1623 778 1686 esse,
795 1602 884 1689 quod
898 1602 956 1667 tali
972 1601 1120 1668 Concilio
1135 1605 1237 1668 etiam
1253 1603 1290 1670 S.
1300 1603 1364 1689 Cy-

238 1702 374 1787 prianus
385 1701 542 1765 cessisset.
557 1699 753 1765 Nullatenus
767 1722 846 1765 vcro
856 1701 908 1765 his
917 1702 1079 1788 approbat
1088 1701 1176 1788 quod
1186 1700 1363 1788 Stephano

239 1799 329 1864 haud
346 1799 489 1880 cesserit,
507 1819 569 1861 nec
587 1799 740 1882 affirmat,
760 1819 835 1863 oum
845 1798 998 1863 Pontifici
1016 1799 1132 1863 cedere
1147 1797 1241 1863 haud
1260 1799 1365 1864 debu·

239 1901 312 1963 isse.
337 1897 470 1982 Optime
490 1895 553 1960 hac
572 1897 607 1960 in
625 1919 660 1960 re
679 1896 796 1959 Petrus
813 1895 992 1960 Ballerini:
1025 1894 1117 1970 Quod
1137 1899 1165 1962 si
1184 1894 1363 1984 (Augusti-

239 1995 315 2084 nus)
328 1997 419 2086 bajus
433 1994 626 2080 quaestionis
635 1992 847 2077 definitionem
860 2017 925 2058 non
935 1992 1093 2081 Stephano
1104 1995 1212 2082 Papae
1227 1996 1364 2083 sedple·

238 2097 329 2158 namo
350 2091 489 2158 Concilio
509 2091 693 2178 adsmipsit,
717 2113 782 2155 non
805 2094 843 2154 ca
866 2092 904 2155 de
934 2115 1031 2155 causa
1045 2092 1172 2179 factum
1195 2101 1259 2170 est,
1286 2095 1364 2179 qnia

238 2194 365 2257 summis
373 2189 574 2274 Pontificibus
588 2187 760 2272 definiendi
774 2193 992 2253 auctoritatem
1008 2189 1113 2254 deesse
1129 2189 1282 2271 crederet,
1301 2215 1363 2278 perc

239 2289 444 2376 Pelopianam
471 2310 597 2351 causam
626 2288 749 2350 omnino
761 2286 893 2370 finitam
909 2286 1015 2373 finisse
1038 2287 1197 2374 conserues
1220 2297 1282 2367 est,
1309 2288 1364 2352 sed
1429 2351 1430 2379 ,

238 2389 314 2473 qaia
328 2409 392 2450 non
404 2388 453 2450 ita
467 2387 503 2449 in
517 2407 613 2449 causa
636 2385 675 2448 de
697 2385 921 2449 baeretmrnnm
941 2384 1106 2471 baptismo,
1120 2387 1169 2450 uti
1182 2387 1216 2448 in
1233 2385 1364 2471 Pelopia·

237 2509 335 2550 causa
357 2484 522 2568 definierat
545 2481 729 2568 Apostolica
752 2481 858 2562 Sedes,
882 2483 938 2547 sed
964 2479 1137 2546 Concilium
1153 2481 1364 2568 plenarium

237 2583 287 2647 uel
309 2584 405 2647 etiam
427 2582 513 2667 quia,
547 2581 597 2666 (ut
628 2580 822 2666 torqueque
845 2603 913 2644 arm
931 2581 1039 2666 priori
1060 2582 1266 2666 responsione
1292 2605 1362 2646 con·
1428 2647 1429 2670 ,

238 2683 344 2746 ciuem
376 2679 519 2763 addam),
552 2679 685 2742 humano
717 2700 800 2741 more
833 2678 1002 2742 disserenti
1032 2689 1144 2742 contra
1165 2677 1364 2742 Donatistae
1428 2673 1429 2685 ³

238 2780 479 2843 ecclesiasticam
511 2777 729 2840 anctoritatem
760 2775 855 2839 attriti
877 2776 1048 2863 facientes,
1081 2798 1145 2839 non
1167 2776 1216 2839 ito
1239 2775 1363 2862 efficere·

238 2877 326 2963 apud
341 2899 393 2940 eos
415 2898 480 2939 esse
497 2884 627 2960 poterat
648 2875 743 2936 unius
765 2873 926 2957 Pontificis
949 2874 1113 2956 decretam,
1137 2875 1186 2937 uti
1201 2874 1361 2938 decretum
1427 2955 1428 2960 η

242 2973 377 3040 Concilii
386 2973 541 3060 plenarii,
557 2973 592 3034 in
606 2993 664 3057 qam
674 2981 751 3058 post
764 2971 894 3035 multam
916 2970 1024 3035 multis
1045 2973 1081 3035 in
1098 2973 1281 3058 morinciis
1297 2973 1359 3036 dis-

238 3073 411 3138 cussionem
432 3069 639 3156 manifestata
654 3073 727 3159 jam
748 3071 879 3133 ueritate
904 3080 949 3134 tot
972 3069 1102 3133 Petrum
1125 3071 1303 3135 sententiae
1327 3072 1360 3133 in

238 3194 334 3236 unam
366 3169 602 3254 conspirarunt,
636 3189 703 3230 cum
729 3165 920 3253 praesertim
943 3189 984 3230 ecc
1005 3167 1054 3230 lris
1076 3169 1263 3249 emistiterit,
1290 3191 1361 3231 con-

239 3267 433 3333 suetudinem
464 3289 543 3352 quas
576 3267 695 3328 Romae
731 3264 854 3352 sipebct
877 3264 983 3351 firisse
1018 3265 1230 3328 universalem
1264 3268 1363 3330 totius
1426 3277 1427 3295 ³

239 3365 397 3430 Ecclesiae
412 3363 592 3441 eatlrolicoa
617 3386 654 3425 ac
672 3363 810 3448 proinde
835 3363 1020 3426 traditionis
1043 3361 1193 3442 diuinae,·
1215 3365 1304 3448 quod
1322 3385 1362 3426 er

239 3463 305 3528 solo
328 3463 451 3526 decreto
475 3459 629 3546 Stephani
651 3459 751 3524 sclam
782 3461 939 3547 inperente
964 3459 1218 3524 conumtrsdincm
1242 3463 1357 3525 Roma-

238 3585 322 3640 nom,
355 3583 434 3647 quae
467 3558 658 3644 disciplinae
683 3559 792 3645 patruit
825 3557 973 3638 adscribi,
1006 3558 1123 3646 inferri
1145 3558 1309 3624 evidenter
1332 3569 1362 3622 et
1425 3597 1426 3601 =

239 3660 380 3725 convinci
400 3680 464 3722 non
480 3653 662 3742 poterat.¹).

72 3765 153 3808 teitu
169 3765 229 3809 ma.
331 3756 403 3820 103.
426 3753 477 3818 Ne
501 3752 582 3839 quid
598 3751 801 3817 desideretur
815 3753 850 3816 in
866 3753 1105 3839 Disquisitione
1120 3759 1243 3836 nosue,
1267 3773 1361 3839 opor·

239 3865 286 3920 tet
308 3855 443 3919 demum
465 3871 572 3938 pauca
595 3849 705 3914 dicere
738 3850 779 3914 de
802 3851 966 3915 renaudus
992 3851 1128 3914 uirorum
1153 3849 1359 3928 meditor-am,
1424 3843 1425 3907 l

239 3955 294 4039 qui
315 3953 495 4017 tristor-icam
525 3950 688 4013 ueritatem
720 3950 962 4013 controversiae
995 3949 1036 4014 de
1059 3948 1223 4033 baptismo
1248 3947 1360 4012 baere-

239 4052 389 4132 ticorum,
413 4047 466 4112 vel
496 4068 539 4111 ex
562 4047 688 4131 integro
722 4046 775 4110 vel
805 4068 847 4110 ex
869 4055 962 4132 parte
984 4046 1121 4130 inficiati
1143 4057 1225 4110 sunt.
1275 4045 1358 4109 Con·
1423 4103 1424 4114 .

318 4261 336 4326 ¹)
355 4261 394 4313 De
414 4259 442 4312 vi
460 4275 491 4312 sc
510 4259 615 4311 ratione
634 4257 765 4326 primatus
783 4257 800 4313 l.
819 4273 840 4312 c
