2924 4818
465 454 628 522 Propagatio
647 453 852 508 Christianismi
1168 461 1218 514 11⁶

104 599 296 664 brevissimo
330 609 488 682 tempore.
540 595 614 660 Hoc
650 595 758 660 edicto
796 607 884 662 certe
914 601 1014 664 etiam
1038 599 1217 668 Christiani

102 695 321 776 vexabuntur,
345 717 410 759 non
435 704 546 760 tamen
570 715 637 778 qua
659 692 751 774 telos,
776 695 835 760 sed
858 705 895 759 ut
916 695 1049 763 Judaei.

190 793 220 856 9.
243 793 324 858 Post
359 791 442 856 haee
479 789 625 855 Hebraei
662 811 764 876 quum
798 815 818 856 a
850 792 1071 858 tribunalibus
1104 808 1217 862 contre

101 893 308 958 Christianos
329 898 467 972 agentes
489 887 654 973 repulsum
678 890 766 972 passi
791 899 907 973 essent,
932 890 1052 976 vulgus
1075 895 1110 958 in
1125 893 1217 958 Obri-

100 993 222 1055 stianos
255 987 452 1050 excitarunt.
508 984 714 1049 Multitudini
754 986 952 1070 persuadere
984 993 1092 1056 conati
1130 1003 1215 1074 sunt,

99 1109 142 1152 ex
164 1087 240 1152 dnn
263 1083 431 1150 Jndaismi
462 1103 584 1148 novam
614 1091 647 1146 et
678 1084 837 1148 infamem
867 1093 990 1158 sectam
1013 1086 1217 1170 pullulares

99 1183 238 1252 Judsais
262 1183 397 1246 omnino
421 1180 588 1264 rejectam,
612 1189 735 1244 sectam
765 1178 901 1265 quidem
928 1203 995 1248 non
1018 1184 1214 1268 religiosam,

98 1281 155 1348 sed
178 1279 325 1346 atheum.
370 1275 642 1342 Protestebontur
671 1278 789 1359 etiam,
821 1276 899 1342 huic
929 1289 1038 1346 sectos
1068 1281 1215 1348 savorem

97 1379 206 1462 legum
230 1375 458 1440 Romanarum
487 1395 554 1439 non
584 1372 704 1438 debere
726 1377 895 1458 praestari.
943 1376 1055 1456 Quum
1078 1378 1121 1443 ad
1144 1379 1215 1444 reli-

95 1477 228 1555 gionem
255 1471 471 1538 christianam
500 1469 602 1534 multo
633 1469 744 1554 plures
773 1493 816 1538 ex
847 1473 1027 1556 gentilibus
1050 1497 1150 1560 quem
1173 1499 1215 1542 ex

98 1572 263 1638 Hebraeis
299 1577 587 1648 converterentur,
620 1577 653 1632 et
691 1589 848 1634 numerus
872 1569 1134 1640 Christianorum
1173 1595 1215 1638 ex

95 1668 278 1754 gentilibus
302 1667 470 1730 conversis
494 1666 529 1730 in
553 1664 624 1728 dies
638 1675 808 1746 cresceret,
832 1670 968 1734 attentio
993 1668 1215 1738 multitudinis

96 1787 174 1832 mox
199 1767 234 1830 in
260 1762 542 1828 christianismum
556 1761 682 1828 directa
696 1772 755 1844 est,
780 1772 813 1828 et
835 1765 926 1848 apud
949 1765 1121 1833 credulum
1145 1767 1214 1832 vul-

94 1887 176 1948 gus,
201 1861 426 1945 suspiciones,
449 1860 557 1938 timor,
582 1860 724 1943 pessime
747 1861 868 1944 opinio,
892 1865 1021 1926 aversio
1047 1863 1213 1930 etodium

95 1964 129 2026 in
154 1958 366 2024 Christianos
390 1957 534 2020 maxime
557 1965 691 2041 propter
714 1955 786 2022 illas
809 1958 1013 2024 Judeeorum
1037 1960 1214 2028 accusatio-

95 2081 154 2122 nes
177 2051 297 2120 exorta
320 2062 406 2118 sunt.
453 2053 562 2137 Atque
586 2054 633 2116 ita
655 2053 803 2139 legalitas
817 2055 1051 2122 christianismi
1074 2079 1141 2126 non
1156 2057 1214 2124 diu

94 2155 256 2218 substitit
290 2151 403 2230 Quum
436 2152 524 2216 enim
548 2151 725 2234 synagoga
752 2151 900 2236 judaica,
934 2176 976 2218 ex
1000 2177 1065 2242 qna
1098 2155 1213 2223 eudem

93 2253 262 2332 originem
285 2268 380 2312 susm
403 2245 556 2328 habebnt,
588 2249 744 2314 contiuuo
778 2259 891 2316 contra
914 2250 1107 2334 religionem
1131 2252 1212 2318 chri·

93 2352 240 2414 summ
264 2343 499 2430 protestaretur
521 2353 554 2408 et
570 2343 777 2413 Christianos
799 2357 967 2431 respueret
989 2357 1090 2434 atque
1112 2349 1213 2416 insee-

91 2457 230 2522 taretur,
266 2464 343 2506 mox
372 2463 482 2506 rerum
512 2441 671 2526 adjuncta
700 2443 888 2525 exigebant,
918 2455 955 2509 ut
984 2448 1123 2512 societas
1151 2447 1213 2510 Ro-

91 2565 194 2608 rrana
217 2539 412 2624 religionem
443 2537 656 2605 christianam
685 2539 738 2604 vel
767 2540 896 2624 legibus
926 2545 994 2608 suis
1021 2553 1213 2628 agnosceret

90 2656 123 2704 ot
148 2641 356 2726 permitteret
378 2637 476 2702 sicuti
494 2635 742 2721 judaicam,vel
765 2659 838 2704 eam
861 2641 1089 2724 proscriberet.
1134 2642 1209 2722 Qus

89 2739 222 2802 renone
246 2756 325 2802 vero
348 2733 410 2798 sub
433 2735 536 2798 variis
557 2733 816 2820 Imperatoribus
843 2748 953 2804 ectum
978 2741 1029 2818 sit,
1054 2739 1140 2806 infre
1162 2741 1209 2802 vi-

90 2832 290 2908 debimus.¹l

186 2931 239 2996 10.
264 2931 354 2994 Dum
378 2931 411 2994 S.
435 2929 553 2994 Petrus
576 2929 760 2997 Romanam
775 2931 896 2998 Sedent
919 2935 1034 3014 tenuit,
1059 2936 1155 3000 etiam
1177 2937 1211 2998 in
1237 2968 1362 3021 remes

91 3030 180 3094 olins
213 3030 355 3112 repiortcs
388 3027 427 3090 ab
459 3027 529 3112 ipso
561 3029 673 3092 mutos
710 3051 774 3090 esse
807 3029 989 3114 discipulos,
1023 3032 1079 3117 qui
1112 3030 1212 3095 fidem
1247 3029 1349 3132 ffiffi·

91 3125 326 3212 praedicarent
348 3134 381 3188 et
410 3122 557 3188 ecclesiis
587 3135 785 3209 praeessent,
816 3125 949 3190 traditio
973 3127 1041 3194 fide
1063 3137 1210 3193 testatur.

90 3226 125 3292 S.
151 3223 367 3288 Innocentius
395 3221 411 3286 l
438 3220 473 3285 id
497 3221 623 3286 indicat
646 3223 680 3286 in
704 3221 842 3306 epistola
866 3223 909 3288 ad
935 3225 1133 3292 Decentium
1147 3225 1210 3310 Ep.

90 3319 311 3405 liugubinum
335 3319 399 3384 illia
423 3317 550 3384 verbis:
582 3317 661 3392 Quia
685 3322 767 3382 enim
795 3323 915 3386 succiet
938 3333 994 3386 out
1016 3345 1079 3388 oon
1102 3323 1210 3388 odom-

90 3431 151 3494 tot,
176 3418 213 3482 id
235 3417 318 3502 qaod
341 3441 362 3480 o
372 3417 521 3502 principe
530 3417 754 3502 Apostolorum
768 3418 859 3482 Petro
877 3421 1040 3484 Remmius
1064 3420 1211 3486 ecclesiae

90 3515 247 3580 maium
277 3525 323 3578 est
352 3537 390 3578 oc
418 3537 501 3578 nune
529 3537 623 3599 usque
653 3514 836 3592 modies,
867 3517 907 3580 ob
937 3517 1078 3584 comibus
1101 3517 1210 3584 debere

90 3613 237 3677 morit
254 3613 444 3697 praesertim
466 3634 559 3696 quum
582 3613 624 3676 sit
647 3612 859 3698 manifestum,
883 3615 918 3677 io
942 3637 1061 3677 ornnem
1070 3613 1209 3692 Italiam,

92 3709 237 3786 Gallias,
253 3709 442 3795 Hispanias,
458 3708 603 3794 Africum
623 3720 715 3794 otpue
739 3707 893 3790 Siciliam,
918 3721 947 3774 et
969 3711 1093 3776 insulas
1115 3713 1210 3776 inter-

83 3815 231 3896 jocentet
262 3805 384 3870 nullum
412 3806 585 3870 imtiuioe
622 3806 783 3886 ecclesias,
813 3809 878 3872 nisi
900 3831 961 3888 eor,
985 3832 1061 3893 pisos
1083 3831 1209 3876 cenwo-

90 3905 166 3970 wi·
189 3903 363 3991 Apostolus
377 3903 487 3968 Pet-m
509 3915 566 3968 oct
589 3909 655 3992 ejice
684 3927 873 3968 mcoessorea
895 3907 1087 3971 commotos
1109 3929 1209 3970 socer·

88 4003 189 4066 dotes.
215 4003 281 4068 Aut
304 4001 418 4086 locunt,
443 4002 472 4064 ti
493 4001 529 4064 io
551 4001 598 4064 his
613 4003 788 4088 prouinciis
811 4003 895 4066 nlius
917 4003 1140 4089 Apostolorum
1162 4006 1209 4068 io-

166 4205 186 4272 ¹)
206 4203 276 4260 vids
294 4201 334 4258 ne
352 4203 438 4266 Romi,
456 4203 591 4258 sensum
610 4203 660 4257 Ill.
679 4219 704 4271 p.
723 4205 835 4258 91-95.

1068 4295 1101 4348 8*
