2836 4804
485 445 583 516 vigilii
602 443 795 500 uuistuom.
1142 445 1196 502 sss

80 593 151 658 bilis
183 594 260 656 Iboe
294 592 434 678 episcopi
462 591 688 676 pronuntiasse
715 587 830 672 fidon,
866 597 895 652 et
925 589 1194 674 reprehensionem

80 691 161 754 bean
176 687 303 776 Cyrilli,
327 711 420 773 quam
441 688 619 750 bumonitns
640 708 703 772 per
725 707 860 748 errorem
881 685 1108 772 intellipentiae
1132 711 1195 752 eue-

78 790 159 852 nisse
182 797 399 873 captaverant,
424 806 561 870 oonprua
577 784 796 870 satisfactione
802 795 997 869 purpotam:
1014 787 1195 870 proesentis

79 887 249 950 sententiae
281 894 407 948 nostrae
440 884 628 946 auctoritate
664 883 831 945 statuimus
861 892 952 967 atque
991 881 1193 964 derernimus,

79 1007 143 1048 nme
165 985 202 1046 in
226 981 376 1060 omnibus,
401 991 466 1044 tum
489 982 583 1044 etiam
606 981 641 1042 in
664 981 790 1066 saepius
813 989 985 1043 memorata
1006 981 1195 1046 uenerabilis

78 1082 151 1146 Ibae
175 1079 312 1167 epistola
334 1082 550 1142 intemeratum
574 1079 703 1141 Petrum
724 1079 759 1142 in
776 1073 969 1142 Cbaleedone
992 1079 1195 1144 residentium

78 1199 200 1242 monere
216 1177 384 1268 judicium.
434 1177 502 1239 Nee
534 1197 715 1261 quemquam
749 1177 793 1240 ad
816 1175 944 1239 ordines
971 1185 1001 1239 et
1024 1177 1194 1263 dipnitates

77 1277 303 1340 ecclesiasticas
325 1276 530 1360 pertinentem
561 1273 615 1337 boe
651 1270 824 1339 Constituto
857 1283 964 1337 nostro
982 1275 1195 1359 permittimus

78 1373 250 1460 aliqnando
268 1393 481 1458 praemuniero,
505 1369 554 1435 vel
576 1393 671 1458 super
694 1371 831 1462 ejsudem
853 1369 1005 1457 epistolae
1028 1375 1193 1464 nepotium,

77 1471 121 1536 sel
145 1471 223 1535 aliis
246 1473 282 1534 in
302 1467 547 1535 Chalcedonensi
564 1468 703 1534 Consilio
727 1491 877 1534 eumenen
899 1472 1088 1534 vicariorum
1103 1469 1194 1538 Sedis

77 1567 269 1657 apostolieae
285 1569 452 1656 judicatis,
477 1567 644 1646 ordinatis,
661 1567 808 1652 definitis,
825 1578 915 1654 atque
938 1567 1102 1653 dispositis
1127 1581 1194 1635 tan-

77 1690 169 1753 quam
202 1665 394 1752 imperfectis
428 1677 519 1752 atque
551 1664 858 1752 reprehensibilibus,
891 1667 954 1728 sios
980 1687 1044 1750 per
1067 1667 1194 1732 addita·

79 1775 212 1829 mentum
242 1765 307 1828 sive
335 1787 393 1849 per
425 1764 663 1828 diminutionem
694 1765 758 1828 siue
775 1785 838 1850 per
870 1763 1123 1842 immutationem,
1147 1764 1196 1830 uel

76 1885 194 1949 proquo
226 1861 338 1938 modo,
367 1861 490 1946 aliquid
513 1862 697 1934 temerariae
718 1862 868 1924 novitatis
891 1860 1018 1946 inferre.
1050 1899 1094 1908 —
1131 1861 1194 1926 Pro

76 1971 225 2045 tempore
250 1959 396 2022 sufficiat
426 1958 609 2040 advertere,
643 1981 663 2021 a
686 1957 809 2042 Vigilio
842 1977 908 2020 non
932 1958 1115 2042 praedicari
1141 1961 1193 2024 vel

76 2057 206 2122 definiri
232 2056 403 2142 epistolam
428 2056 643 2135 orthodoxarum,
659 2056 717 2120 sed
741 2077 816 2119 eum
839 2054 925 2118 nolle
949 2056 1019 2141 ejus
1043 2057 1191 2122 condem·

75 2158 254 2236 nationem,
279 2156 357 2240 quin
375 2152 558 2218 Consilium
583 2153 851 2218 Chalcedonense
874 2173 947 2218 eam
971 2173 1037 2217 non
1061 2153 1194 2219 dumne·

76 2255 131 2336 vit,
157 2252 217 2318 sed
241 2251 284 2316 ab
308 2254 389 2338 ipso,
413 2252 476 2316 hae
500 2251 637 2336 epistola
659 2251 760 2333 leste,
791 2251 870 2315 Ibus
903 2250 987 2314 fides
1010 2254 1122 2335 agnita
1146 2262 1194 2317 est

74 2363 108 2414 ut
130 2349 328 2414 orthodoxa.

159 2546 215 2609 58.
239 2544 339 2608 Pluru
372 2543 492 2607 deinde
523 2544 678 2608 Pontifex
710 2544 820 2608 adhuc
851 2545 891 2608 do
925 2545 1085 2628 dignitate
1111 2547 1192 2612 Con·
1217 2583 1335 2625 conlusio.

73 2644 137 2707 cilii
164 2641 446 2708 Chalcedonensis
469 2653 501 2705 et
525 2641 566 2706 do
598 2644 784 2706 reverentia
808 2653 948 2728 quatuor
972 2643 1115 2727 Synodis
1140 2645 1192 2710 de·

72 2742 140 2806 bite
164 2741 306 2820 disserit,
331 2761 370 2803 ae
394 2751 556 2824 postremo
581 2739 764 2804 concludit:
789 2740 851 2804 His
870 2742 967 2823 ipitur
981 2767 1001 2805 a
1020 2743 1110 2805 nobis
1125 2765 1192 2807 eum

72 2843 155 2904 ornni
178 2839 316 2924 tradique
338 2837 464 2900 cautela
486 2848 578 2922 atque
593 2839 761 2923 dilipentia
778 2848 911 2923 propter
933 2839 1121 2903 seruandam
1143 2843 1190 2904 in-

71 2935 253 3001 violabilem
274 2937 480 3000 reverentiam
487 2937 728 3021 praedictarum
743 2935 938 3022 Synodorum
962 2947 991 3000 et
1014 2940 1191 3003 earumdem

72 3034 268 3099 ousuabilia
291 3034 461 3096 comtinda
484 3033 659 3118 dispositis,
689 3055 835 3096 meumes
859 3036 1009 3121 sumptum
1032 3057 1106 3114 esse,
1132 3047 1186 3100 tor·

72 3134 171 3195 minos
198 3141 331 3216 potrum
362 3141 539 3194 nostrorum
570 3153 627 3194 nos
657 3132 875 3195 transcendere
899 3154 962 3196 non
985 3133 1102 3214 debere,
1127 3145 1189 3197 sta-

73 3231 187 3292 tuimus
220 3238 250 3291 et
281 3229 483 3306 decernimus,
516 3229 599 3292 nulli
629 3229 672 3291 nd
695 3229 821 3292 ordines
854 3241 883 3292 et
906 3229 1075 3316 dipnitates
1099 3232 1188 3294 eoele-

71 3328 220 3390 siastioas
236 3325 413 3412 pertinenti
435 3326 526 3390 liuere
541 3327 710 3412 quidquam
723 3329 915 3390 eontrarium
928 3329 975 3390 bis
998 3351 1077 3413 quae
1095 3352 1189 3414 prue-

72 3426 153 3488 senti
186 3425 376 3486 asseruimus
406 3421 455 3486 oel
478 3427 644 3488 statuimus
679 3421 863 3504 Constituto,
901 3426 939 3488 ds
970 3447 1064 3510 saepe
1096 3427 1189 3490 dietis

73 3521 172 3586 tribue
202 3519 360 3607 Capitulis
382 3531 438 3584 aut
460 3522 650 3586 eonsnibere
681 3523 731 3586 vel
748 3523 906 3608 proferre,
931 3535 987 3587 aut
1009 3546 1189 3609 componere

72 3619 118 3682 ool
142 3620 262 3696 dooere,
286 3630 342 3682 aut
357 3619 497 3704 aliquam
506 3631 584 3705 post
597 3630 796 3705 praesentem
812 3619 1035 3705 diffinitionem
1057 3621 1189 3684 ulterius

70 3737 191 3780 movere
214 3717 432 3801 quaestionem.
480 3715 609 3802 Siquid
631 3739 702 3782 uero
726 3717 765 3781 de
787 3717 899 3781 iisdem
913 3717 1012 3782 tribus
1031 3717 1189 3804 Capitulis

72 3826 183 3878 eontra
206 3815 279 3877 baec
302 3835 381 3898 qnae
403 3815 452 3878 lu'e
464 3818 651 3880 asseruimus
672 3815 721 3879 oel
744 3817 918 3897 statuimus,
942 3817 1065 3880 nomino
1088 3819 1188 3900 eujus·

71 3935 198 3997 cumque
231 3912 274 3974 ad
313 3912 439 3976 ordines
472 3923 501 3976 et
539 3915 711 3998 dipnitates
745 3913 971 3992 ecclesiastieae
995 3915 1189 3998 pertinentis

6 4083 7 4096 χ
65 4008 201 4093 saonem,
226 4009 341 4072 dictum
373 4020 465 4095 atque
497 4013 704 4096 conscriptum
738 4021 793 4090 eu,
817 4011 866 4074 uel
879 4011 995 4096 fuerit,
1020 4021 1049 4074 et
1074 4035 1094 4074 a
1116 4034 1187 4096 quo·

73 4105 147 4170 libet
169 4106 350 4190 ubicumque
372 4118 538 4191 repertum,
562 4110 616 4172 boo
646 4108 747 4172 modis
775 4109 915 4172 omnibns
939 4131 978 4172 eu
1000 4112 1188 4173 auctoritate

74 4199 165 4266 Sedis
190 4201 383 4288 apostolieae
406 4207 456 4268 eui
482 4229 544 4291 per
566 4209 702 4292 pralium
735 4208 798 4270 Dei
814 4207 1045 4293 praesidemus,
1069 4209 1187 4294 refuta·

116 4319 245 4371 Jnngmsnn,
261 4320 439 4363 sinemurus.
468 4323 526 4364 Tom.
543 4322 570 4366 11.
1048 4321 1083 4374 23
