2876 4814
253 481 306 538 212
608 479 648 538 De
667 483 753 552 Opere
771 479 1054 553 Philosophoumenon.

256 627 291 691 in
315 626 430 692 ordine
455 627 619 692 inferiore.
654 626 820 693 Voluisset
843 627 1052 694 adversarius
1068 627 1205 712 Callisti,
1231 643 1269 695 ut
1291 631 1374 696 tales

253 725 498 791 dimitterentur
520 748 563 789 ex
586 724 683 809 clero,
701 747 802 812 quum
819 737 940 790 tamem
957 727 1000 791 ad
1015 729 1097 793 alios
1113 728 1235 812 gradus
1260 753 1373 794 ascen-

253 823 330 888 dere
353 845 420 888 non
443 819 617 910 possent1).

340 921 394 987 48.
419 921 485 986 Sed
507 919 723 1007 praeferenda
738 919 834 985 nobis
846 922 979 986 videtur
992 921 1058 986 alia
1080 923 1269 1010 explicatio,
1295 947 1373 1014 qua-

251 1020 315 1085 lem
349 1022 448 1086 etiarn
480 1019 524 1084 ad
555 1018 807 1106 praecedentem
845 1023 1091 1085 accusationem
1127 1026 1372 1108 proposuimus.

252 1117 352 1184 Haud
376 1120 486 1204 agitur
508 1115 664 1182 videlicet
687 1116 728 1181 de
753 1117 864 1203 aliqua
887 1120 1030 1204 positiva
1054 1119 1295 1205 approbatione
1320 1124 1371 1187 vel

251 1219 465 1305 permissione
475 1215 655 1298 Pontificia,
667 1215 725 1279 sed
739 1213 780 1279 de
796 1213 906 1301 aliquo
921 1215 1038 1300 abusu,
1050 1237 1149 1303 quern
1172 1217 1215 1282 ad
1239 1229 1373 1308 tempus

250 1315 405 1402 prudenti
422 1315 581 1401 patientia
597 1311 757 1395 adbibita,
774 1314 929 1377 severiori
944 1314 1072 1378 ratione
1088 1318 1265 1403 exstirpari
1281 1317 1372 1384 baud

251 1435 345 1500 posse
370 1412 497 1476 censuit
521 1409 686 1475 Callistus.
734 1409 845 1490 Quum
879 1412 948 1496 ipse
971 1411 1127 1476 Pontifex
1154 1413 1294 1480 adrem
1319 1441 1372 1503 ap·

251 1512 388 1597 plicaret
401 1508 470 1574 lolii
485 1507 687 1595 parabolam,
705 1507 835 1572 dicens:
864 1507 969 1575 Sinite
985 1511 1116 1576 zizania
1132 1534 1280 1577 crescere
1296 1537 1371 1579 cum

251 1611 369 1692 tritico,
403 1608 487 1673 idest
519 1608 616 1672 sinite
648 1615 838 1692 peccatores
870 1608 906 1670 in
929 1607 1080 1672 Ecclesia
1113 1631 1257 1692 manere,
1294 1616 1373 1676 satis

251 1715 349 1793 patet,
383 1727 459 1770 eum
492 1704 715 1770 considerasse
748 1702 804 1768 illa
837 1706 1004 1770 connubia
1042 1717 1079 1770 ut
1110 1706 1244 1790 illicita,
1281 1708 1372 1774 baud

251 1827 328 1869 vero
353 1805 468 1868 eadem
492 1803 534 1868 ab
562 1805 633 1888 ipso
664 1825 732 1866 esse
756 1805 898 1888 positive
930 1805 1100 1889 permissa,
1125 1808 1281 1891 quamvis
1306 1831 1371 1874 uon

250 1905 429 1968 efficaciter
461 1925 530 1966 rem
563 1901 761 1987 impedierit.
807 1901 917 1986 Atque
950 1901 1289 1969 animadvertendum
1314 1917 1370 1974 est.

250 2002 331 2068 illud
354 2004 465 2084 γαμεῖν
486 2000 542 2064 hic
565 2021 632 2063 non
656 1999 763 2064 videri
792 1999 978 2084 significare
1002 2001 1248 2065 matrimonium
1276 2005 1370 2084 inire,

250 2101 306 2165 sed
331 2098 550 2165 concumbere
580 2121 637 2162 seu
668 2098 876 2162 matrimonio
909 2100 968 2163 uti.
1016 2097 1179 2178 Quamvis
1212 2099 1371 2166 videlicet

250 2221 287 2264 eo
320 2209 466 2284 ternpore
499 2195 609 2261 adbuc
638 2190 684 2260 ¹ud
717 2195 850 2260 ordines
882 2217 990 2260 sacros
1022 2197 1281 2263 admitterentur
1314 2203 1369 2286 qui

250 2295 350 2361 semel
373 2305 501 2360 tanturn
526 2294 772 2358 matrimonium
804 2294 961 2376 inierant,
991 2303 1102 2358 tamen
1125 2299 1367 2383 praescriptum
1432 2319 1433 2322 ’

250 2405 328 2477 erat,
361 2405 397 2458 ut
429 2404 503 2480 post
526 2403 694 2478 susceptos
727 2391 859 2455 ordines
890 2391 932 2455 ab
958 2413 1019 2456 usu
1043 2395 1247 2458 matrimonii
1272 2395 1370 2460 absti-

248 2502 365 2557 nerent
388 2500 419 2556 et
443 2493 650 2556 continenter
681 2491 843 2555 viverent.
889 2489 983 2553 Haec
1016 2499 1126 2554 autem
1150 2495 1369 2581 praescriptio

249 2592 380 2657 facilius
418 2588 614 2671 violabatur,
653 2597 685 2652 et
718 2587 887 2652 difficilius
911 2596 981 2652 erat
1013 2589 1136 2652 abusus
1168 2589 1233 2654 hac
1267 2591 1305 2656 in
1337 2615 1369 2655 re
1431 2657 1432 2662 ,

248 2690 389 2756 abolere.
436 2687 590 2754 Pontifex
615 2689 724 2750 minus
755 2707 868 2750 severe
891 2684 1011 2771 agebat
1034 2688 1069 2749 in
1094 2687 1258 2772 ejusmodi
1284 2711 1369 2776 pres·
1431 2669 1432 2690 ¹

248 2789 381 2873 byteros
405 2786 642 2872 delinquentes,
666 2785 782 2870 iisque,
810 2785 866 2870 qui
890 2784 1055 2869 urgebant
1077 2786 1253 2850 severitate
1279 2797 1369 2851 uten-

248 2887 327 2950 dum
352 2908 432 2968 case,
457 2883 661 2970 proponebat
685 2881 824 2946 verbum
840 2879 1007 2968 Apostoli:
1056 2881 1128 2966 „Tu
1152 2885 1227 2968 quis
1252 2907 1289 2948 es
1313 2885 1368 2970 qui
1430 2929 1431 2934 η

241 2985 374 3070 judices
398 3003 530 3048 servum
554 2980 741 3046 alienum?“
1430 2976 1431 2997 ¹

335 3083 389 3148 49.
413 3081 578 3146 Examina
602 3080 703 3164 igitur
721 3079 870 3143 instituto
885 3086 1033 3162 apparet,
1057 3077 1197 3162 injustas
1220 3099 1295 3142 csse
1319 3101 1368 3143 ac·

247 3183 432 3246 cusationes
466 3178 506 3242 de
539 3176 715 3262 disciplina
748 3175 971 3240 ecclesiastica
1003 3196 1062 3260 per
1094 3173 1269 3240 Callistum
1303 3199 1368 3242 cor·

247 3289 353 3365 rupta.
398 3277 439 3343 Id
472 3297 575 3340 unum
608 3275 691 3338 forte
716 3276 788 3360 qnia
821 3275 982 3360 suspicari
1006 3283 1125 3358 posset,
1158 3275 1270 3338 miuus
1294 3297 1367 3362 pru-
1429 3277 1430 3280 ’

248 3377 363 3442 denter
385 3374 579 3441 Pontificem
612 3373 778 3438 interdurn
802 3374 916 3456 egisse,
942 3371 1021 3435 dum
1050 3369 1287 3457 indisciplina
1312 3376 1366 3437 mi·

246 3477 439 3562 tigationem
464 3483 495 3536 et
518 3471 776 3536 moderationem
800 3479 1060 3556 prosequeretur.
1089 3469 1155 3536 Sed
1178 3471 1205 3532 si
1228 3491 1367 3556 perpcn·

248 3575 348 3658 deris,
379 3573 434 3637 illu
464 3581 570 3636 aetate
600 3568 729 3656 illisque
763 3571 796 3634 in
819 3589 929 3633 rerum
953 3567 1119 3654 adjunctis
1143 3577 1365 3654 opportunum
1428 3586 1429 3607 ¹

247 3674 357 3754 fuisse,
381 3681 418 3734 ut
441 3669 641 3734 infirmitatis
664 3677 800 3732 natiuae
821 3667 987 3731 humanae
1010 3674 1043 3730 et
1066 3667 1295 3731 conditionum
1321 3689 1366 3732 so·

247 3772 375 3835 cietatis
406 3769 489 3833 ratio
513 3767 708 3850 haberetur,
733 3789 774 3830 ex
798 3765 900 3830 altera
923 3785 1002 3828 vero
1025 3773 1116 3850 parte
1140 3772 1364 3829 accusatorem

246 3867 416 3934 Pontificis
440 3865 606 3929 hominem
626 3865 803 3929 sectarium
827 3886 896 3927 esse
920 3873 952 3926 et
975 3862 1141 3927 infensum
1159 3860 1288 3928 Callisti
1311 3863 1366 3928 ad-

246 3967 447 4031 versarium:
490 3965 549 4027 vix
581 3972 613 4026 et
645 3983 687 4027 ne
720 3963 779 4027 vix
819 3962 953 4048 quidem
983 3960 1165 4043 admiseris,
1198 3962 1235 4025 in
1268 3961 1364 4026 modo

246 4064 365 4150 agendi
395 4061 565 4128 Pontificis
596 4060 722 4147 aliquid
751 4059 1005 4147 reprehensione
1037 4058 1177 4144 dignum
1210 4061 1363 4124 inveniri.

321 4277 341 4345 1)
359 4275 389 4328 u.
409 4291 430 4330 c.
450 4275 475 4328 e.
496 4277 548 4329 rao
566 4273 592 4328 r.
