2790 4812
226 481 280 534 444
510 481 550 535 De
568 481 720 538 Arimismo
738 499 769 538 sc
787 483 820 538 ds
838 483 916 538 Cone
937 483 1063 540 Nicseno.

228 634 284 688 out
306 646 418 688 amun
447 626 622 714 cujuspiam
654 628 849 714 scsqqerendi,
874 637 929 692 out
959 630 1083 693 ommno
1106 631 1280 716 quidquam
1300 657 1344 718 qe·

227 722 321 786 rendi
343 723 409 786 sine
433 745 584 787 consensu
606 725 746 812 episcopi
768 726 942 790 catholicae
962 726 1110 791 ecciesiae
1133 731 1189 814 qui
1210 729 1344 794 Alexan·

228 821 286 883 dro
310 819 465 910 subjectos
487 831 542 884 cst.
590 821 648 886 Illi
678 847 750 887 cero
780 825 835 909 qui
856 824 920 888 Dei
935 829 1070 914 juvante
1092 827 1204 913 potia
1227 829 1343 891 occido·

228 941 284 1002 que
293 919 533 1004 precationibus
554 919 642 984 nullo
665 945 803 1006 unquam
824 924 859 986 in
882 923 1044 987 selinunte
1067 922 1257 1010 deprehensi
1269 937 1343 1008 mot,

228 1016 284 1080 sed
305 1017 341 1080 in
364 1017 518 1082 catholica
541 1028 571 1081 et
594 1021 771 1104 apostolica
790 1021 933 1084 Ecclesia
956 1021 1070 1106 ubsque
1094 1022 1165 1086 labo
1189 1023 1261 1087 ulla
1278 1047 1343 1110 per·

230 1125 383 1194 suerent,
401 1125 593 1200 potestatem
621 1117 757 1182 labem
780 1117 918 1204 cliqendi
946 1129 977 1182 et
994 1120 1201 1206 proponendi
1223 1122 1343 1184 nonina

229 1235 344 1291 omum,
368 1216 480 1298 quiin
511 1215 626 1278 clemens
659 1215 757 1304 aileqi
786 1218 967 1296 memesint,
991 1226 1104 1280 cuncta
1126 1217 1263 1303 ἆεπίφιο
1279 1241 1344 1303 per·

230 1311 345 1396 mendi
360 1316 462 1401 picata
489 1313 585 1399 leqen
612 1324 642 1377 et
672 1316 864 1378 sanctionem
887 1313 1055 1378 Ecclesiae.
1106 1312 1232 1388 Quodsi
1254 1337 1344 1400 quesn

225 1409 317 1496 pion
340 1431 445 1473 eorum
467 1413 522 1495 qui
543 1413 578 1476 in
601 1413 745 1477 Ecclesia
768 1423 932 1477 censentur
954 1413 1036 1476 diem
1060 1435 1149 1476 suum
1173 1412 1261 1476 obire
1284 1435 1344 1475 con·

231 1507 346 1592 tiqerit,
371 1517 435 1572 tum
457 1510 492 1572 in
515 1509 659 1596 defuncti
681 1511 782 1576 locum
805 1522 897 1596 atquc
924 1512 1070 1574 tenorem
1086 1512 1305 1597 provehantur
1323 1509 1346 1572 ii

230 1605 285 1688 qui
306 1629 408 1691 nupsi·
430 1609 524 1670 acciti
547 1618 629 1689 aaut,
652 1611 743 1674 nudo
768 1611 858 1696 diqni
883 1609 1062 1687 uideantur,
1086 1617 1116 1671 et
1135 1607 1280 1694 populus
1300 1629 1345 1668 eos

231 1702 338 1789 eliqat,
363 1703 556 1791 suffroqante
574 1708 778 1772 nihilominus
788 1708 951 1794 plebisque
967 1706 1127 1797 judicium
1150 1705 1344 1790 confir-suante

232 1801 474 1866 Aleoandrinae
497 1803 585 1868 urbis
608 1808 762 1892 episcopo.
795 1806 846 1870 De
861 1805 990 1870 Meletio
1012 1825 1095 1882 oero,
1120 1803 1158 1867 ol>
1177 1803 1343 1890 pastinum

232 1905 299 1990 ejus
321 1903 548 1966 contumaciam
571 1913 601 1966 et
625 1903 663 1967 ol>
686 1905 885 1968 temerarium
915 1927 952 1968 oc
969 1925 1126 1988 praeceps
1148 1900 1285 1964 hminis
1304 1899 1345 1960 in·

230 2000 372 2085 qoniam,
406 1999 501 2063 aliter
527 2000 654 2086 placuit
681 2001 854 2081 decernere,
886 2025 925 2065 ne
943 2009 1089 2088 potestas
1118 1999 1345 2081 auctoritasque

234 2096 301 2160 sella
334 2096 494 2160 tribuatur
525 2099 652 2178 leonini,
685 2102 743 2184 qui
762 2099 887 2164 eaedem
918 2121 1029 2162 nereus
1062 2096 1174 2162 turbas
1211 2098 1343 2161 natare

227 2193 375 2280 possit¹).
1385 2253 1386 2284 q

76 2304 169 2374 anona
185 2303 223 2345 Nl·
324 2293 397 2358 110.
421 2293 564 2358 Exstant
593 2303 762 2381 praeterea
795 2294 855 2359 sub
880 2295 1019 2358 Nicseni
1044 2291 1187 2357 Consilii
1220 2291 1344 2355 nominc
1385 2297 1386 2363 t

108 2375 174 2406 'm'
237 2386 379 2454 Canones
402 2393 516 2478 oiqinti
538 2392 579 2456 de
612 2391 788 2477 disciplina
812 2391 1048 2473 ecclesiastica,
1073 2413 1155 2477 quos
1179 2412 1216 2454 re
1241 2391 1344 2474 ipssa

233 2488 386 2552 Patribus
409 2489 566 2554 Nicaenis
596 2491 746 2555 conditos
777 2491 878 2555 fuisse
902 2511 1015 2554 omnes
1043 2490 1107 2553 viri
1131 2487 1256 2551 eruditi
1280 2507 1343 2548 con·

234 2587 389 2649 sentiunt.
443 2587 512 2650 Hos
544 2589 633 2651 enim
674 2589 794 2672 viginti
832 2608 975 2652 canones
1016 2588 1193 2672 scriptores
1227 2595 1344 2647 veteres

233 2693 422 2748 constanter
444 2685 622 2750 laudarunt
653 2695 811 2772 tanquam
834 2708 854 2748 a
878 2683 1026 2749 Concilio
1053 2685 1205 2749 Nioasno
1239 2681 1343 2755 editos,

234 2783 324 2867 iique
348 2783 409 2867 ipsi
434 2804 577 2847 canones
600 2785 634 2848 in
664 2785 902 2870 antiquissimis
932 2781 1103 2848 codicibus
1133 2803 1174 2845 ac
1199 2777 1344 2843 versioni·
1384 2863 1385 2880 χ

234 2879 296 2942 bns
329 2879 389 2943 sub
422 2882 555 2944 nomine
581 2880 754 2946 Canonum
781 2881 1004 2946 Nicaenorum
1037 2879 1205 2964 leguntur.
1250 2877 1345 2942 Theo-
1384 2885 1385 2914 ³

235 2977 367 3040 doretus
390 2977 433 3042 H.
458 2978 496 3043 E.
521 2977 542 3043 l.
567 2979 592 3044 Ι.
619 3001 646 3043 c.
672 2980 707 3043 8:
732 2979 807 3042 Post
829 2980 919 3060 haec„
937 2980 1055 3064 inquit,
1081 2979 1226 3064 episcopi
1246 2995 1345 3040 naues

234 3078 269 3139 in
300 3099 396 3138 unum
427 3079 642 3140 convenientes
673 3077 711 3140 de
735 3077 894 3140 Ecclenoe
925 3076 1100 3161 disciplina
1130 3075 1249 3161 uiqinti
1275 3073 1346 3156 leqcs

235 3175 454 3259 cmssaipsere.
502 3173 640 3238 Saeculo
664 3175 747 3238 XVI
762 3175 951 3238 Frouciscns
972 3175 1149 3238 Tus-»ianus
1173 3173 1209 3238 S.
1233 3173 1265 3238 J.
1288 3167 1345 3232 edi·

236 3271 285 3335 dit
309 3270 461 3336 Oenones
483 3272 648 3336 Nicaenos
685 3273 861 3356 octoginta,
896 3293 977 3356 quos
1010 3293 1027 3334 e
1059 3268 1175 3334 codice
1210 3267 1343 3332 Arabico

235 3371 400 3454 excerpsit
423 3379 455 3433 et
478 3372 513 3434 in
536 3370 672 3434 latinum
695 3370 843 3452 linguam
872 3371 981 3434 vortit.
1026 3369 1105 3433 Post
1127 3367 1256 3453 aliquot
1277 3363 1344 3428 inde

235 3489 340 3532 annos
381 3466 541 3531 Amatam
572 3467 768 3531 ljcclclensis
807 3467 970 3530 Maronitas
1012 3487 1134 3530 novam
1167 3465 1342 3529 versionem

236 3566 371 3630 latinam
397 3567 563 3649 octoginta
594 3573 735 3650 quatuor
767 3585 931 3628 canonum
960 3562 1179 3626 Arabicarum
1215 3557 1343 3626 Concilii
1383 3609 1384 3616 a

236 3665 375 3728 Nicaeni
408 3685 484 3726 oum
517 3663 666 3748 plnsibus
699 3663 772 3726 aliis
804 3661 951 3747 ejusdem
986 3659 1126 3725 Consilii
1162 3661 1290 3724 statutis
1316 3659 1343 3718 in
1383 3673 1384 3697 ¹

235 3761 344 3825 lucem
367 3761 482 3825 edidit.
530 3759 681 3824 Oenones
704 3761 782 3824 istos
799 3759 960 3823 Arabicas
982 3759 1126 3823 ostendit
1141 3755 1344 3822 Ecchelensis

236 3859 326 3945 apud
341 3859 497 3922 ecelesias
512 3857 696 3922 Orientales
707 3857 948 3938 Melchitarum,
963 3857 1247 3934 Nestorianorum,
1260 3855 1339 3920 Jaco-

236 3959 390 4038 bitarum‚
416 3957 605 4040 Coptorum,
622 3957 868 4036 Maronitarum,
884 3953 1115 4036 Armenorum‚
1140 3952 1343 4017 Graecorum.

238 4054 298 4119 sub
330 4055 462 4118 nomine
487 4053 625 4118 Consilii
659 4053 798 4117 Nicaeni
831 4055 993 4118 asservari
1026 4061 1059 4116 et
1086 4051 1228 4116 landari.
1271 4045 1343 4113 [nde

240 4200 272 4206 -
282 4199 354 4205 --.--
372 4197 452 4204 --κ

316 4265 338 4334 ¹)
358 4265 408 4332 Ap.
426 4265 527 4319 Socnn
548 4265 581 4320 H.
600 4265 662 4320 ul.
681 4265 704 4318 1.
722 4281 744 4318 a
763 4265 788 4318 9.
