2806 4848
441 454 588 510 Concilium
607 455 780 512 Ariminense.
1129 447 1165 505 89

62 601 146 666 Patri
169 600 272 666 Filius
294 599 462 664 remuriam
484 601 589 664 omorio
607 597 720 666 similis
743 600 881 665 dicatur.
927 597 1164 664 Additamento

61 711 166 764 antem
188 697 444 762 orthodoxorum
467 698 602 762 Patrum
634 697 789 764 videntur
819 698 978 762 contineri
1002 695 1065 761 illis
1088 717 1164 760 ana·

61 797 271 862 thematismis
294 817 377 882 quos
400 795 433 860 S.
457 795 681 879 Hieronymus
704 795 786 860 dicit
807 795 991 871 aValente,
1016 803 1052 857 ut
1074 815 1163 858 secu-

61 917 109 960 ros
123 895 272 960 redderet
285 893 493 975 orthodoxos,
507 893 650 978 prolatos
663 894 781 958 fuisse:
806 893 842 958 Si
865 894 933 979 quis
955 902 1057 978 nepot,
1077 888 1164 956 Geri-

59 1005 135 1056 rtuoe
155 993 265 1072 Deum,
288 994 353 1056 Dei
375 992 493 1056 Filium
515 1003 588 1056 aute
607 991 734 1056 sacerdo
755 993 901 1078 petritum,
924 991 1089 1055 anathemo
1110 991 1162 1052 sit.

60 1091 105 1154 Ab
128 1092 280 1156 minorue
303 1101 503 1155 ementatum
525 1101 591 1154 cat:
626 1091 792 1154 anoliam
814 1091 863 1154 sic.
911 1088 948 1153 a·
970 1089 1039 1174 puis
1060 1097 1163 1172 nepot,

59 1188 172 1254 Filium
203 1188 337 1253 arulam
367 1189 460 1252 Patri
491 1187 658 1253 soeuudum
690 1188 881 1274 Scripturas,
915 1187 1081 1250 auarum
1112 1184 1162 1248 ait.

62 1287 167 1352 Onnes
189 1287 438 1373 responderunt:
461 1288 627 1350 ancusae
648 1288 698 1350 sit.
725 1286 762 1350 Si
785 1287 853 1372 puis
875 1283 994 1348 Filium
1015 1283 1079 1346 Dei
1100 1303 1166 1346 nou

58 1385 171 1449 dixerit
203 1395 363 1448 oetcrwm
393 1407 462 1448 cum
493 1385 607 1462 Patre,
640 1385 805 1448 anathemo
836 1384 885 1446 sit
932 1381 981 1446 Ab
1010 1381 1164 1444 uruocrsis

57 1481 279 1547 mmmm
300 1493 365 1546 cat:
397 1484 563 1546 arsatium
592 1483 644 1546 sit.
691 1481 728 1546 Si
756 1483 824 1568 puris
848 1481 967 1544 diseat
989 1489 1166 1542 ornaturam

58 1579 171 1644 Filium
212 1581 293 1660 Dei,
334 1591 369 1645 ut
409 1590 482 1644 suut
522 1591 683 1644 mooueroe
719 1591 874 1657 coeterae,
911 1579 1077 1642 auotlcma
1112 1579 1162 1640 sit.

59 1677 207 1742 Similiter
239 1679 355 1743 dicam
390 1689 456 1742 eat:
501 1679 667 1742 mutilem
697 1680 748 1742 sit.
806 1675 843 1741 Si
874 1678 942 1762 queis
974 1676 1094 1740 dicerit
1125 1677 1193 1739 da·

59 1775 148 1840 sollu
181 1775 378 1841 muratum
410 1775 538 1855 Filium,
570 1786 600 1838 et
630 1798 694 1840 nou
716 1775 754 1839 de
777 1776 845 1838 Deo
868 1775 974 1852 Petra,
999 1775 1166 1838 anaticula

57 1875 100 1936 sit
129 1875 243 1939 &uses
265 1873 553 1940 conclamaverunt:
600 1874 765 1936 cautim
787 1873 837 1935 sit.
885 1871 921 1936 Si
943 1873 1011 1958 petis
1035 1869 1163 1948 dicerit,

59 1983 119 2036 erat
142 1983 264 2059 tempus
288 1973 413 2058 maudo
436 1995 500 2036 uon
523 1981 591 2035 crat
612 1969 727 2049 Filiae,
751 1971 916 2034 anathom
938 1969 1035 2056 eit.¹).

142 2070 193 2135 10.
219 2067 256 2134 Si
279 2069 362 2136 haee
385 2091 468 2156 quae
499 2068 643 2136 Arimini
674 2068 867 2133 acciderunt
897 2067 1094 2149 consideras,
1118 2067 1163 2131 sa·
1183 2073 1312 2175 ,Ἓξ

60 2165 112 2231 cilc
145 2167 289 2248 videbis,
321 2168 434 2231 Patres
466 2166 693 2231 Ariminenses
724 2187 830 2252 neque
862 2189 882 2229 a
914 2165 1076 2230 catholica
1097 2164 1164 2230 fide
1183 2147 1206 2177 ¹¹
1220 2195 1282 2246 upa
1303 2145 1323 2174 ³

60 2263 224 2348 defecisse,
247 2287 356 2352 neque
379 2267 414 2331 in
438 2263 598 2330 Arionem
621 2263 782 2328 haeresim
805 2263 913 2349 lapsos
936 2285 1015 2329 esse.
1053 2265 1164 2330 Verba

61 2365 141 2428 enim
164 2362 328 2428 formulae
351 2384 410 2448 per
432 2385 467 2427 ss
480 2362 681 2433 ,orthodoxa
696 2371 805 2444 erant3
830 2361 944 2426 saltem
968 2362 1163 2428 catholicam

59 2463 291 2546 expositionem
314 2459 535 2547 patiebantur.
581 2460 666 2524 Nem
697 2459 802 2524 Filius
824 2461 969 2545 profecto
992 2483 1089 2526 sensu
1113 2485 1164 2526 ea·

60 2557 170 2624 tholico
186 2559 254 2624 dici
273 2569 380 2644 potest
392 2559 485 2622 Patri
499 2557 623 2636 austu,
640 2557 736 2622 modo
760 2557 961 2642 intelligatur
984 2558 1163 2624 similitudo

61 2656 286 2740 subeuntialis,
310 2679 394 2742 quae
415 2665 587 2740 premonet
608 2656 892 2741 aperticipatione
916 2657 1063 2741 ejusdem
1087 2679 1163 2722 cum

62 2753 146 2819 Patre
170 2755 376 2820 substantiae
399 2775 457 2818 seu
481 2765 618 2819 naturae
646 2753 790 2819 divinae.
829 2751 1072 2820 Consenserunt
1095 2757 1163 2843 qui·
1281 2763 1285 2773 ⁴

61 2850 125 2917 dem
147 2854 264 2918 Patres
284 2853 511 2917 Ariminenses
534 2853 569 2916 in
592 2853 855 2937 suppressionem
879 2873 999 2916 vocum
1023 2853 1163 2918 adstru-

62 2951 101 3012 tio
120 2961 152 3014 et
165 2948 464 3030 mamutium
486 2959 521 3013 at
543 2948 578 3012 id
593 2950 728 3012 minime
744 2948 893 3013 fecerunt
906 2961 1015 3014 mente
1037 2952 1164 3016 Ariana

15 3076 20 3117 l
62 3047 105 3111 vel
135 3051 171 3114 in
204 3069 304 3114 sensu
337 3049 554 3130 Arianorum;
592 3047 650 3112 sed
683 3044 800 3110 horum
830 3047 1003 3113 fraudibus
1033 3049 1162 3136 decepti

15 3160 16 3169 ¹
63 3147 212 3233 venisque
235 3146 389 3227 lacessiti,
405 3144 648 3226 existimabant,
664 3145 763 3210 fidem
773 3144 907 3210 aliunde
931 3148 965 3210 in
988 3156 1058 3211 tuto
1082 3169 1162 3230 esse,

63 3263 148 3309 voces
171 3247 252 3310 istas
275 3245 319 3310 ad
342 3243 602 3309 conservandam
626 3243 725 3308 fidem
757 3265 823 3308 non
847 3265 915 3308 esse
939 3244 1086 3310 absolute
1109 3268 1163 3311 ne·

64 3346 219 3425 mamas,
244 3353 277 3408 et
300 3353 471 3429 propterea
490 3363 555 3406 non
575 3363 645 3406 esse
665 3340 882 3406 differendam
896 3344 1063 3408 orientalis
1086 3367 1163 3410 cum

64 3440 248 3508 occidentali
282 3441 433 3506 Ecclesia
463 3441 629 3506 unionem.
676 3439 788 3519 Quum
817 3441 917 3523 igitur
939 3444 1162 3528 opinarentur,

65 3535 150 3604 idem
182 3540 308 3606 additis
339 3541 531 3625 praesertim
564 3539 629 3604 illis
662 3538 941 3605 declarationibus
973 3541 1163 3606 orthodoxis

65 3633 173 3701 intuto
198 3639 339 3724 positam
359 3659 438 3718 esse,
454 3645 622 3702 cesserunt
636 3636 845 3703 adversariis.
880 3637 955 3718 Qua
978 3639 1011 3702 in
1036 3660 1070 3702 re
1094 3642 1162 3725 qui·

65 3730 127 3798 dem
157 3735 344 3822 improvide
375 3744 526 3820 egerunt,
558 3735 760 3821 negligentes
783 3735 957 3801 formulam
981 3737 1162 3802 Nicaenam

66 3831 259 3914 utholicam,
278 3855 413 3920 seseque
434 3834 630 3898 infirmiores
651 3833 882 3918 praebuerunt,
907 3857 1006 3920 quum
1032 3837 1164 3921 propter

17 3948 19 3957 ·
66 3939 145 3994 nolas
176 3931 377 3997 Arianornm
409 3931 542 3996 fraudes
574 3933 672 3996 timor
706 3931 863 3997 fundatus
895 3944 1087 4014 remaneret,
1121 3957 1163 3998 us

69 4021 236 4094 haereticae
259 4031 426 4117 pravitati,
450 4029 594 4094 admissa
617 4029 672 4094 illa
699 4029 850 4110 formula,
873 4030 982 4095 aditus
1005 4031 1162 4117 pandere·

70 4167 262 4182 “nu-.—

17 4260 18 4277 ¹
129 4242 149 4309 ¹)
165 4241 271 4310 Dialog.
291 4244 351 4298 adv.
369 4243 487 4300 aniler.
