2836 4804
249 431 302 484 304
627 430 667 484 De
685 427 803 483 Concilio
821 428 1038 485 Chalcedonensi.

250 575 382 659 aptarit.
408 622 415 636 .
442 622 449 638 .
474 621 481 635 .
508 571 675 656 Sequentia
697 574 794 658 ipitor
816 575 1073 652 samtoePatres,
1096 599 1191 638 unum
1213 576 1349 640 araden-

249 695 306 756 que
329 670 470 755 confiteri
487 669 590 754 filium
613 682 643 734 et
656 671 815 734 damiatem
828 681 968 734 nostrum
981 673 1091 736 Jesum
1116 671 1270 738 Christum
1290 697 1348 736 coa·

250 779 397 834 sonantes
428 791 533 832 omnes
564 767 716 845 docemus,
741 816 749 832 .
774 817 782 832 .
808 817 814 832 .
839 793 935 834 unum
967 771 1163 854 eamdemque
1199 767 1350 848 C'triaum

245 869 357 952 fliium,
382 866 550 944 dominam,
573 868 775 952 onipeaitnm,
799 867 1167 952 erumminensis),
1191 868 1350 952 inconfuse,

251 963 553 1041 incommutabiliter,
577 964 722 1041 indivise,
751 965 1010 1051 inseparabiliter
1032 965 1269 1052 aprwscoadum,
1289 987 1350 1026 mrs-

249 1085 342 1148 qaam
374 1062 500 1126 sublata
531 1059 713 1146 differentia
735 1073 922 1126 naturarum
941 1075 1075 1149 propter
1096 1063 1276 1138 unitionem,
1297 1083 1351 1122 no·

250 1163 355 1248 pieque
377 1159 470 1223 saiva
488 1161 686 1244 proprietate
718 1163 878 1246 utriusque
901 1170 1046 1240 naturae,
1070 1171 1100 1224 et
1121 1163 1158 1224 in
1179 1181 1274 1223 onam
1289 1181 1350 1244 per

252 1282 360 1323 sonam
383 1269 474 1342 atque
498 1257 731 1320 minitantium
754 1269 962 1322 omwurrente.

339 1357 393 1420 57.
418 1354 508 1418 Actio
533 1365 623 1418 secta
645 1353 784 1419 Consilii
808 1355 906 1420 valde
930 1356 1083 1420 solemnis
1106 1356 1180 1421 suit.
1214 1353 1252 1418 Ei
1275 1355 1350 1417 enim

253 1455 470 1518 interfuerunt
493 1452 681 1517 Marcianus
714 1463 746 1516 et
777 1452 952 1518 Pulcheria
981 1454 1098 1540 Impp.‚
1131 1463 1232 1538 atque
1255 1472 1352 1514 omues

253 1552 397 1637 episcopi
427 1549 609 1614 definitioni
643 1550 719 1614 fidei
753 1550 1026 1636 subscripserunt.
1056 1591 1098 1598 -
1122 1551 1162 1614 Iu
1186 1551 1351 1635 subsequen·

254 1651 334 1714 tibus
369 1647 554 1712 Actionibus
596 1648 721 1733 aliquot
756 1671 874 1714 causae
917 1647 1131 1734 particulares
1170 1648 1352 1732 compositae

254 1757 338 1814 sunt.
385 1745 467 1810 Ita
459 1768 493 1810 111
517 1755 626 1810 octavo
650 1748 773 1829 agitata
804 1757 853 1810 est
875 1770 976 1812 cauea
998 1747 1210 1826 Theodoreti,
1234 1747 1352 1830 ipseque

254 1856 290 1910 ut
313 1843 513 1908 orthodoxus
536 1844 668 1926 agnitus
691 1854 723 1907 et
747 1845 816 1908 sedi
840 1847 1007 1909 restitutus
1031 1855 1089 1909 est.

94 1958 161 1999 Otus
177 1957 225 1998 lieo
341 1943 394 2008 58.
420 1941 458 2006 In
471 1941 601 2004 Actione
629 1964 715 2006 nono
738 1954 769 2006 et
791 1944 911 2008 damma
926 1953 1066 2007 tractate
1090 1953 1140 2006 est
1165 1939 1351 2006 causalbae

254 2043 310 2128 qui
335 2048 470 2104 venerat
495 2059 700 2123 conquerens
723 2039 797 2103 de
789 2041 910 2125 injuria
933 2042 996 2124 ipsi
1020 2040 1117 2105 facts.
1167 2040 1268 2104 Lecta
1289 2050 1352 2100 sunt

253 2141 339 2204 Acta
362 2146 459 2202 antea
483 2137 517 2201 in
541 2138 671 2220 negotio
694 2137 774 2202 Ibse
808 2138 967 2218 confecta,
991 2147 1090 2223 etque
1114 2137 1194 2202 Ibas
1217 2134 1350 2201 ostendit

254 2261 287 2302 se
312 2239 344 2300 in
370 2234 458 2298 nullo
490 2235 628 2298 crimine
647 2257 717 2298 esse
732 2239 931 2318 convictum,
956 2255 1115 2321 suamque
1140 2235 1240 2300 fidem
1263 2231 1350 2296 ortho-

255 2335 376 2398 doxam
400 2332 562 2394 immerito
586 2343 618 2394 et
641 2331 722 2396 falso
756 2335 790 2398 iu
815 2333 953 2398 dubium
982 2334 1103 2399 vocari.
1131 2332 1250 2413 Quoad
1271 2351 1351 2414 oppo-
1397 2406 1398 2416 ἵ

255 2434 405 2496 sitionem
430 2439 542 2492 contra
568 2427 741 2511 Cyriilum,
767 2433 812 2494 ita
835 2453 904 2494 rem
928 2434 1100 2516 exposuit:
1136 2433 1244 2496 Donec
1264 2441 1351 2492 erunt·
1397 2423 1398 2448 ³

255 2534 355 2618 ipsam
388 2531 613 2612 interpretatus
639 2527 770 2612 ferisset,
806 2531 881 2614 qaia
916 2530 1069 2593 orientale
1103 2530 1267 2594 concilium
1297 2549 1351 2590 erra

255 2628 383 2693 vocabat
406 2625 592 2689 haereticum
624 2635 653 2686 et
686 2635 721 2688 ut
743 2627 929 2690 tamencum
959 2651 1027 2691 eam
1049 2629 1276 2697 cosideranaoit
1296 2625 1351 2686 tae-

255 2729 383 2792 reticum
406 2746 474 2788 enm
496 2733 525 2785 et
549 2745 601 2808 eqo
621 2724 784 2806 putabam,
833 2726 1000 2810 Postquam
1021 2747 1093 2788 oero
1113 2727 1274 2790 manaae
1294 2729 1351 2784 sunt

255 2824 400 2890 ecclesiae
425 2833 454 2885 et
476 2820 585 2884 beatus
601 2819 721 2884 Paulus
737 2824 884 2907 pemeoeit
897 2823 1146 2900 Alcmondriam,
1172 2819 1352 2888 orientolium

250 2923 314 3008 ficis
332 2931 476 3008 portato,
501 2930 530 2982 et
553 2920 688 3004 suscepit
711 2919 750 2982 ab
775 2941 808 2983 eo
839 2920 1047 3006 capitulorum
1070 2921 1350 3008 interpretationem,

256 3043 358 3086 omnes
382 3041 449 3082 eum
461 3017 749 3080 communicatorem
762 3017 925 3082 habuimus
937 3029 966 3082 et
980 3019 1198 3096 ortisodoaeum,
1214 3029 1242 3080 et
1264 3011 1351 3078 mtto

256 3143 324 3184 eam
346 3115 490 3203 appellat
512 3115 708 3178 hoereticum.
754 3115 928 3180 Instabam
961 3137 1038 3180 vero
1062 3127 1266 3180 accusatores
1288 3109 1350 3174 ibae

256 3215 387 3282 Samuel
412 3223 444 3278 et
466 3213 586 3292 Maras,
620 3222 652 3276 et
675 3211 836 3296 urgebant
865 3213 1016 3279 hostilem
1046 3215 1125 3278 Ibae
1150 3215 1186 3276 in
1210 3208 1349 3294 cyrillum

255 3316 416 3393 animum,
443 3311 607 3376 dicentes:
634 3311 785 3374 Nostram
808 3323 854 3376 est
870 3311 1022 3398 probare,
1046 3313 1121 3398 qnia
1149 3309 1294 3396 Cyrillom
1313 3303 1348 3366 o·-

255 3416 304 3478 :cit
325 3411 522 3486 haereticum,
547 3419 670 3493 etpost
692 3410 766 3471 toea
790 3410 958 3474 emendans
980 3411 1188 3496 semetipsum
1213 3407 1274 3470 ait:
1298 3401 1349 3464 Do·

255 3535 310 3576 neo
333 3533 392 3574 saa
415 3507 710 3572 anathematizasset
740 3507 883 3592 capitulo
912 3509 1085 3571 haereticus
1099 3507 1181 3592 fuit.
1227 3503 1349 3584 Resposs·

257 3610 306 3675 dit
327 3607 420 3672 Ibas:
445 3607 511 3692 qu
536 3605 744 3668 anathematis
776 3627 839 3668 non
854 3605 925 3691 feei
954 3607 1149 3684 mentionem,
1173 3625 1226 3688 epo
1248 3607 1349 3662 eremis

256 3731 323 3772 cum
354 3703 510 3769 orientale
534 3702 707 3766 concilium.
761 3701 862 3766 Vultis
890 3706 924 3768 ia
949 3705 1075 3788 scriptis
1108 3702 1252 3788 proferre
1285 3715 1348 3779 quat

256 3807 389 3928 scripto
400 3802 493 3867 sant?
516 3799 609 3864 initis
623 3823 687 3864 non
701 3802 821 3886 compta
830 3801 988 3887 proferre,
1004 3825 1047 3864 an
1065 3801 1207 3887 scripta?
1228 3793 1349 3882 (Graece

332 3971 404 4036 ¹)In
423 3975 502 4024 textu
520 3983 617 4038 graeco
644 3983 713 4034 quae
741 3983 811 4020 nunc
828 3972 919 4022 exstat
937 3967 1053 4022 hebetur
1071 3967 1167 4020 tatio
1185 3963 1322 4034 epiorum
1311 3954 1348 4010 sed

256 4059 349 4108 textus
373 4049 514 4120 originalis
542 4049 652 4102 videtur
678 4047 842 4102 inbuant
844 4067 866 4112 r
897 4063 928 4101 ec
946 4047 1035 4101 versio
1053 4047 1139 4100 latina
1163 4045 1203 4099 illi
1221 4039 1299 4097 textui
1316 4049 1347 4088 rt

257 4133 393 4202 spondere
431 4131 574 4185 Caeterum
592 4128 715 4194 sequitur
737 4127 867 4195 professio
894 4126 1028 4196 explicita,
1047 4133 1158 4180 naturas
1186 4125 1248 4178 dues
1272 4119 1346 4172 aaa

256 4215 316 4270 fuse
334 4213 487 4268 subsistere
