2806 4848
262 467 314 520 134
432 466 470 519 De
489 465 634 520 Arianismi
652 467 827 522 decrementis
845 483 877 520 ac
895 467 927 522 de
945 467 1024 521 Corra
1043 466 1149 520 OPtarro
1172 465 1193 520 L

262 609 434 693 deSpiritu
445 609 565 674 Sancto
577 609 726 674 doctriua
741 619 811 675 tum
827 634 847 674 a
857 610 1005 675 conciliis
1019 608 1274 695 particularibus,
1286 619 1344 670 turn

261 729 281 770 a
294 707 438 770 Damaso
458 708 594 792 ejusque
608 707 732 791 synodo
746 709 866 794 rejecta
881 719 913 772 et
936 709 1091 774 damnata
1113 707 1177 772 fuit
1199 717 1234 772 ut
1254 705 1344 770 haere·
1385 743 1386 750 .

260 806 304 868 sis
317 805 392 868 fidei
401 805 566 869 Nicaenae
581 808 753 870 contraria.
769 807 924 892 Episcopi
934 805 1058 872 OPtani
1073 807 1172 870 etiam
1182 804 1346 870 babuerunt

261 900 347 966 hanc
370 902 553 966 doctrinam
577 912 614 967 ut
633 925 774 968 errorem
789 904 998 969 manifestum
1015 913 1048 968 et
1065 903 1137 989 jam
1160 903 1346 977 damnatum,

260 1011 358 1086 atquc
373 1000 617 1065 damnationem
641 1001 885 1082 confirmarunt,
901 1003 997 1066 sicuti
1020 1001 1253 1065 confirmarunt
1265 998 1346 1062 iidem

260 1099 451 1179 Nicaenam,
476 1099 640 1180 videlicet,
664 1098 754 1163 haud
777 1121 816 1164 ac
840 1101 866 1163 si
891 1101 1148 1164 controversiam
1171 1097 1347 1185 pendentem
1386 1131 1387 1136 .

261 1196 461 1277 dirimerent,
485 1207 542 1261 aut
574 1219 613 1261 ao
645 1199 671 1261 ei
695 1196 805 1262 adbuc
826 1197 961 1262 libertas
994 1207 1078 1262 esset
1100 1198 1163 1262 ista
1185 1199 1219 1261 in
1242 1218 1282 1278 re,
1303 1193 1348 1258 sed

261 1303 297 1358 ut
320 1293 535 1358 orthodoxam
559 1317 652 1360 suam
675 1295 773 1360 fidem
801 1294 1039 1382 profiterentur,
1063 1305 1096 1358 et
1119 1296 1219 1358 etiam
1241 1297 1274 1358 in
1293 1313 1349 1378 pro
1387 1258 1388 1330 l

261 1391 401 1456 sessione
425 1391 502 1456 fidei
529 1402 641 1478 aperte
671 1395 893 1478 exprimerent
915 1392 1099 1457 doctrinam
1130 1392 1171 1457 de
1196 1391 1350 1456 divinitate

261 1491 402 1574 Spiritus
425 1489 549 1573 Sancti,
583 1513 646 1577 quo
678 1491 791 1556 fideles
823 1490 865 1556 ab
898 1493 987 1558 omni
1011 1513 1118 1556 errore
1140 1491 1352 1554 retinerentur.
1387 1513 1388 1516 ¹

261 1589 337 1654 lam
360 1589 394 1652 in
419 1610 479 1652 usu
502 1588 565 1652 hoe
588 1599 658 1654 erat
681 1591 716 1655 in
747 1589 894 1654 conciliis
924 1591 1023 1654 etiam
1046 1587 1305 1674 particularibus,
1324 1599 1352 1648 ut

261 1685 416 1750 formulas
446 1685 524 1750 fidei
553 1686 688 1751 ederent
711 1687 830 1774 quibus
854 1688 925 1772 ipsa
953 1687 1035 1752 fides
1057 1685 1208 1752 Nicaena
1230 1683 1352 1770 explica·

262 1783 367 1866 batur,
392 1794 490 1870 atque
513 1787 613 1848 etiam
634 1787 669 1849 in
693 1784 839 1850 ecclesiis
862 1786 974 1850 variae
996 1783 1156 1854 formulae
1181 1785 1353 1870 praesertim
1388 1785 1389 1788 ’

263 1903 320 1967 pro
345 1882 589 1948 catechumenis
612 1882 864 1949 adhibebantur.
911 1881 1086 1948 Caeterum
1114 1881 1226 1948 nullae
1249 1881 1354 1946 ὥδευε-

263 1982 369 2044 siones
403 2003 478 2045 cum
509 1983 670 2068 episcopis
699 1982 946 2046 Macedonianis
976 1983 1009 2046 in
1041 1982 1111 2066 ipso
1138 1979 1284 2045 Concilio
1310 1979 1354 2041 ba·

262 2078 351 2143 bitae
375 2079 539 2146 videntur.
587 2079 652 2146 Sed
677 2101 751 2144 oum
775 2081 855 2166 ipsis
869 2089 1006 2163 egerunt
1029 2077 1238 2144 Theodosius
1260 2089 1291 2142 et
1310 2076 1356 2140 ali·
1389 2121 1390 2126 .

263 2187 344 2262 quot
381 2178 525 2262 episcopi
563 2178 750 2259 orthodoxi3
789 2187 821 2242 et
850 2176 1080 2242 Macedoniani
1111 2199 1216 2262 quum
1249 2175 1355 2240 nollent
1389 2167 1390 2174 ἵ

264 2296 342 2338 suae
366 2273 534 2338 doctrinae
557 2279 755 2356 renuntiare,
780 2297 857 2340 mcx
881 2274 1014 2341 CPolim
1037 2274 1253 2360 reliquerunt.

352 2371 404 2436 61.
429 2372 528 2437 Haud
545 2383 677 2438 aourate
692 2395 769 2437 vero
785 2395 915 2438 sensum
931 2371 1107 2438 verborum
1131 2382 1299 2437 assecutus
1319 2385 1355 2432 ost

263 2468 314 2533 Ill.
347 2469 470 2550 Manet,
504 2471 582 2534 dum
613 2470 839 2557 probationem
871 2493 961 2536 suam
993 2472 1138 2535 maxime
1168 2469 1356 2535 deducitur

265 2566 320 2631 illa
344 2569 519 2632 sententia:
546 2567 632 2653 „Ista
655 2569 697 2634 de
719 2567 784 2633 fide
808 2591 828 2632 a
842 2569 936 2634 nobis
951 2567 1045 2633 libere
1069 2571 1262 2654 superansque
1284 2589 1357 2651 prae

265 2664 393 2729 dicata“
420 2674 480 2729 eto.
501 2667 760 2750 Argumentatur
782 2677 905 2748 auctor,
929 2689 968 2730 ac
991 2667 1021 2732 si
1042 2665 1107 2730 illis
1129 2665 1246 2730 verbis
1268 2665 1358 2750 expri-

266 2770 408 2827 meretur
434 2763 490 2847 jus
523 2764 742 2846 discussionis,
776 2765 952 2846 examinis,
982 2763 1102 2849 judicii
1132 2765 1358 2849 episcoporum.

266 2861 418 2947 quamvis
447 2861 518 2946 jam
549 2866 761 2947 praecesserit
795 2862 942 2926 definitio
969 2861 1115 2926 Damasi.
1163 2861 1233 2928 Sed
1266 2862 1358 2924 virum

267 2959 431 3024 eruditum
464 2961 587 3043 effugit,
612 2959 693 3025 illud
726 2959 958 3042 ἀνιποστόλως,
990 2959 1078 3046 quod
1102 2961 1205 3022 vertit
1228 2959 1316 3022 libere
1337 2967 1359 3018 et

266 3059 411 3144 inpensae,
436 3058 548 3122 referri
572 3057 615 3122 ad
632 3059 727 3143 fidem
750 3061 972 3146 episcoporum,
1005 3079 1104 3144 quam
1131 3079 1202 3122 non
1227 3055 1359 3120 obstante

266 3155 419 3242 periculis
448 3164 480 3220 et
507 3158 734 3240 persecutione
761 3167 940 3222 constanter
966 3165 999 3221 et
1025 3155 1185 3242 intrepide
1209 3153 1360 3240 praedica·

266 3263 383 3317 verant
406 3263 438 3317 et
460 3253 692 3342 praedicant1).
717 3255 873 3340 Episcopi
897 3254 1060 3336 videlicet,
1081 3263 1259 3340 postquam
1281 3249 1359 3314 breui

267 3351 461 3436 compendio
500 3352 681 3418 doctrinam
712 3355 745 3417 in
779 3353 890 3420 Smam
914 3353 1108 3417 Trinitatem
1141 3359 1176 3414 et
1204 3352 1241 3414 in
1266 3349 1360 3412 lucar·

267 3450 443 3532 nationem,
474 3452 520 3514 nti
550 3453 583 3516 in
613 3450 762 3516 Ecclesia
793 3452 962 3536 explorata
993 3459 1071 3532 erat,
1101 3447 1302 3526 indicarunt,
1324 3443 1361 3508 di-

268 3557 354 3629 cunt,
379 3546 464 3612 hanc
488 3570 556 3612 esse
584 3549 684 3614 fidem
717 3547 941 3639 ἀνυποστόλως
968 3548 1010 3613 ab
1035 3548 1114 3633 ipsis
1136 3543 1360 3630 praedicatam.

268 3645 354 3708 Dein
387 3646 612 3712 tantummodo
644 3646 822 3733 loquuntur
862 3645 902 3711 de
936 3646 1138 3732 expositione
1171 3643 1209 3707 in
1242 3637 1362 3726 Synodo

266 3742 363 3824 facta,
388 3765 486 3828 quam
498 3744 717 3830 perlegentem
732 3754 866 3832 sperant
881 3744 1062 3810 Damasum
1081 3741 1193 3806 adbuc
1218 3740 1361 3824 majorem

268 3843 515 3909 delectationem
540 3843 728 3909 hausurum.

267 3971 477 3982 ——n-—--

344 4013 367 4082 ¹)
386 4011 508 4066 Valesius
535 4013 656 4068 versione
685 4012 845 4066 Theodoreti
874 4011 963 4066 reddit
990 4009 1055 4064 illud
1082 4005 1275 4065 ἀνυποστόλως
1292 4003 1363 4058 uerbo

268 4097 428 4147 constanter.
465 4091 552 4146 hiaret
578 4109 642 4147 usus
669 4099 710 4147 est
729 4092 850 4148 versione
878 4107 945 4159 quae
963 4091 1079 4144 babetur
1105 4089 1133 4142 in
1152 4087 1265 4142 Collect.
1283 4083 1363 4139 Conri-

268 4171 363 4306 lbbrdlll
390 4170 518 4234 Labbaei‚
546 4173 591 4226 sed
619 4173 653 4225 ad
680 4173 789 4226 verbum
818 4173 948 4227 Graecum
975 4177 1003 4226 et
1034 4175 1189 4226 contextum
1218 4172 1304 4225 minus
1328 4172 1363 4216 at·
