2876 4814
242 404 295 461 27⁸
677 403 719 462 De
736 405 761 464 S.
781 404 922 476 musso.

243 551 394 614 sissimus
431 549 567 635 quidam
603 550 707 616 laicus
745 553 848 616 variis
886 549 1064 616 sceleribus
1104 553 1370 633 contaminatus,

243 669 340 734 quem
371 657 483 732 postea
506 648 655 713 Novatus
682 647 816 736 propria
847 651 1042 714 auctoritate
1074 649 1251 714 diaconum
1286 673 1370 714 con-

243 747 358 810 stituit.
416 744 467 808 Illi
505 747 663 810 nimirum
695 749 759 812 viri
792 756 866 832 post
888 746 1013 832 aliquot
1039 769 1153 828 annos,
1186 749 1370 812 occasione

242 853 379 928 accepta
402 865 444 906 ex
468 845 580 927 vigore
602 845 781 930 apostolico
805 866 869 931 quo
886 845 919 911 S.
937 843 1125 930 Cyprianus
1148 845 1368 930 disciplinam

243 940 498 1006 ecelesiasticam
541 943 651 1027 quoad
695 942 803 1029 lapsos
846 944 880 1007 in
924 944 1152 1026 persecutione
1193 943 1369 1018 tuebatur,

242 1049 392 1124 apertum
416 1038 559 1105 schisma
582 1040 776 1106 conflarunt.

332 1136 384 1202 20.
409 1135 929 1224 Ingruente·Deoiipersecutioae,
944 1139 1038 1202 initio
1053 1139 1132 1202 anni
1156 1137 1232 1219 250,
1258 1159 1369 1222 quum

243 1236 353 1298 statim
384 1231 640 1298 amultitudine
663 1237 707 1300 ad
735 1237 840 1300 leores
876 1234 1141 1321 expostularetur
1172 1233 1372 1319 Cyprianus

244 1333 427 1417 episcopus,
461 1333 530 1416 ipse
563 1353 688 1397 memor
720 1334 902 1398 sententiae
939 1332 1062 1397 Christi
1096 1332 1137 1396 de
1170 1331 1252 1416 fuga
1286 1332 1370 1395 arri-

244 1428 366 1514 pienda
398 1428 529 1516 (Matth.
564 1431 595 1512 9,
628 1429 695 1516 23),
729 1441 917 1495 sanctorum
950 1432 1105 1515 Dionysii
1138 1428 1370 1494 Alexandrini

244 1537 277 1590 et
309 1525 460 1610 Gregorii
499 1526 740 1612 Thaumaturgi
777 1527 927 1615 exemplo
965 1529 1099 1592 secessit
1135 1529 1170 1590 in
1206 1527 1370 1589 tutiorem

244 1625 362 1706 locum,
387 1645 453 1688 non
478 1626 590 1688 mortis
612 1625 790 1690 formidine
804 1626 863 1690 sed
876 1647 987 1691 amore
1010 1625 1127 1711 plebis,
1151 1645 1254 1710 quam
1280 1625 1373 1688 iuter

244 1722 454 1809 quotidianos
478 1724 591 1786 mortis
612 1724 815 1788 imminentis
830 1726 937 1788 minas
960 1745 1073 1808 regere
1096 1733 1129 1786 et
1151 1722 1274 1786 docere
1299 1743 1370 1784 nou

245 1821 379 1885 destitit.
425 1821 676 1885 Persecutorum
700 1822 837 1885 intentio
859 1831 939 1904 erat,
963 1831 1000 1888 ut
1022 1823 1165 1906 primum
1190 1820 1226 1882 in
1249 1817 1371 1882 Ecole

244 1919 313 1981 siae
336 1915 506 1980 Praesules
539 1917 743 2000 inveherent,
777 1917 855 1982 dein
887 1940 965 1982 vero
998 1918 1104 2002 longis
1132 1926 1165 1980 et
1187 1917 1371 2000 exquisitis

245 2017 424 2096 tormentis,
450 2009 626 2080 minusad
650 2025 787 2080 mortem
810 2037 910 2101 quam
938 2016 981 2080 ad
1004 2015 1224 2078 defectionem
1249 2012 1372 2078 fideles

245 2112 457 2176 adducerent.
504 2112 594 2176 Hinc
625 2114 821 2198 prudentiae
842 2123 977 2178 sauctae
1006 2121 1088 2194 erat,
1112 2123 1150 2175 ut
1173 2109 1371 2196 Cyprianus

246 2211 421 2291 secederet,
446 2233 488 2273 ne
510 2232 591 2294 grex
625 2212 696 2296 ejus
718 2211 816 2296 plane
846 2211 1003 2276 destituta
1026 2219 1111 2274 esset
1133 2218 1280 2294 pastore.
1328 2207 1370 2271 In

246 2306 302 2370 ille
333 2309 560 2392 persecutione
594 2306 793 2393 Carthagine
831 2328 898 2373 non
935 2309 1033 2393 pauci
1067 2306 1202 2392 quidem
1237 2305 1371 2368 fortiter

246 2415 407 2470 tormenta
440 2406 676 2488 sustinuerunt,
710 2406 768 2470 sed
801 2407 966 2470 maximus
990 2398 1089 2468 etiem
1119 2404 1183 2468 suit
1206 2425 1371 2474 numerus
1432 2483 1433 2490 ἵ

245 2503 421 2588 lapsorum.
468 2501 508 2566 Id
538 2513 608 2576 tum
638 2523 680 2566 ex
710 2502 904 2568 crudelitate
933 2502 1171 2588 persecutionis
1199 2502 1370 2585 provenis
1432 2491 1433 2502 ἵ

247 2611 317 2664 tum
351 2600 438 2682 inde,
472 2599 560 2685 quod
588 2609 685 2664 antea
708 2609 802 2684 tepor
825 2600 971 2686 quidam,
1006 2599 1177 2680 mollities,
1212 2600 1372 2683 variique
1432 2613 1433 2642 l

246 2697 369 2762 abusus
393 2699 427 2760 in
450 2698 547 2760 istam
571 2697 744 2762 ecelesiam
767 2699 948 2763 irruissent.
977 2698 1029 2760 De
1054 2695 1117 2760 illis
1140 2695 1303 2777 moribus,
1329 2715 1370 2758 ex
1432 2725 1433 2768 ι

246 2794 367 2880 quibus
389 2796 490 2858 etiam
513 2794 750 2880 subsequentes
779 2795 895 2860 turbae
926 2795 1032 2878 magis
1055 2793 1269 2878 explicantur
1293 2793 1370 2856 scri-

246 2892 295 2957 bit
324 2893 357 2957 S.
387 2891 574 2976 Cyprianus
606 2892 655 2956 De
679 2893 781 2978 lapsis
810 2915 838 2956 c.
866 2893 902 2956 4:
933 2891 971 2956 Si
993 2891 1096 2956 cladis
1118 2913 1216 2954 causa
1241 2913 1370 2976 coporos·

247 2993 337 3067 etur,
362 3001 391 3052 et
413 2989 535 3052 medela
566 2990 705 3054 raineris
735 2992 902 3054 iuvenitur.
938 3039 945 3053 .
971 3037 979 3052 .
1014 2987 1190 3052 suadebant
1222 2987 1373 3073 mapessdo

242 3089 438 3172 patrimonio
461 3087 592 3172 cippati,
620 3099 650 3150 et
672 3087 764 3151 obliti
786 3088 862 3173 qaid
889 3088 1049 3150 credentes
1072 3097 1129 3149 aat
1151 3084 1207 3148 sab
1231 3085 1373 3170 Aposto-

248 3187 288 3250 lis
321 3197 393 3249 aute
418 3184 582 3270 fecissent,
615 3195 671 3248 aot
703 3207 822 3270 semper
846 3184 958 3270 facere
990 3185 1151 3260 deberent,
1183 3182 1374 3246 insatiabili

247 3283 433 3370 eupiditatis
456 3282 570 3346 ardore
593 3281 789 3367 ampliandis
802 3281 1018 3367 facultatibus
1039 3279 1241 3345 incubabant.
1292 3279 1372 3342 Non

247 3383 282 3444 ia
305 3379 518 3443 sacerdotibus
540 3379 651 3464 reliqio
675 3379 797 3458 devota,
816 3402 880 3444 aon
898 3382 932 3443 ia
955 3381 1109 3443 ministris
1123 3377 1208 3460 fides
1230 3378 1373 3464 ialeqru.

247 3501 311 3542 nou
346 3479 382 3540 iu
420 3476 565 3562 operibus
587 3476 815 3554 misericordia,
854 3501 919 3540 noo
955 3477 990 3540 irs
1012 3475 1149 3540 moribm
1181 3473 1372 3560 disciplina

252 3573 409 3659 Corrupto
432 3573 531 3636 barba
554 3575 589 3636 io
611 3575 699 3652 viris,
732 3575 767 3638 ia
782 3573 917 3659 feminis
932 3573 1045 3659 forino
1059 3572 1187 3659 fricata.
1234 3572 1373 3636 Adula-

247 3674 313 3736 rati
330 3683 407 3758 post
430 3672 493 3734 Dei
524 3693 636 3734 manas
668 3671 760 3748 ouili,
794 3671 906 3756 capilli
936 3672 1098 3735 mendacio
1121 3668 1267 3732 colorati.
1320 3669 1375 3734 Ad

248 3769 436 3856 decipienda
459 3769 556 3831 corda
580 3768 768 3854 simplicium
798 3769 936 3832 callidae
952 3767 1102 3854 fraudes,
1127 3769 1373 3831 circumuenien-

249 3869 301 3931 dis
315 3865 480 3953 fratribus
512 3865 661 3928 subdolae
691 3865 876 3929 troluntatos.
924 3865 1064 3952 ‚lespera
1094 3887 1162 3928 cum
1186 3863 1373 3947 infidelibus

248 3978 376 4069 mittente
403 3977 445 4067 me
464 4029 512 4067 neo
530 4013 637 4078 sciente,
656 4029 705 4066 sus
723 4013 841 4067 faotione
859 4019 888 4068 et
915 4013 1063 4068 ambitione
1082 4013 1252 4068 constituit-‘⁴
1281 4043 1314 4055 -
1338 4015 1373 4070 Et

249 4109 288 4160 ep.
308 4095 351 4148 59.
378 4109 404 4149 n.
433 4095 463 4145 9:
492 4093 559 4160 „Qui
579 4093 767 4165 (Fortunatus)
786 4099 828 4147 est
846 4109 915 4148 unus
942 4095 1110 4162 exquirique
1129 4091 1298 4162 presbyteris
1314 4097 1372 4162 jam

128 4209 133 4218 -
249 4173 351 4241 pridem
368 4174 402 4227 ds
420 4171 532 4226 molesia
550 4172 698 4240 protomar
719 4173 774 4226 Otr.
793 4173 935 4242 Fechtrup‚
954 4173 971 4227 l.
991 4191 1012 4228 c.
1031 4173 1057 4228 S.
1077 4175 1130 4228 104
1147 4171 1174 4227 ff.
