2766 4836
228 487 263 541 32
474 484 515 540 De
533 483 679 540 Arianism
697 483 763 538 fads
781 499 813 538 ae
830 485 864 540 de
882 485 960 554 lapsu
978 485 1088 542 hiberii

228 629 403 710 haeretica,
427 648 489 692 nec
511 626 638 713 aliquid
662 628 843 694 catholicae
873 629 1042 694 doctrinae
1066 629 1108 695 de
1131 631 1229 695 Verbi
1251 631 1318 694 divi-

227 729 343 791 nitate·
361 747 549 811 repugnans
581 723 701 790 diserte
732 723 897 810 enuntiat,
930 737 1029 814 atque
1049 729 1109 792 -sic
1140 747 1217 794 sano
1239 749 1319 792 sensu

227 825 350 909 exponi
373 832 489 908 potest.
534 820 692 886 Attamen
724 822 881 909 ambigua
912 821 1075 910 quaedam
1106 826 1140 890 in
1168 849 1206 891 ea
1227 847 1319 890 occur·

229 931 315 1003 runt,
329 921 456 985 Ariana
470 919 613 984 haeresis
628 941 694 984 non
709 922 787 986 satis
806 921 926 986 diserte
940 921 1138 1007 excluditur,
1155 931 1186 988 et
1199 923 1319 988 verbum

229 1017 509 1086 scandataatialia
531 1019 566 1081 in
590 1039 629 1082 ea
653 1017 903 1106 desideratum).

239 1149 241 1158 ¹
316 1119 370 1182 47.
393 1115 563 1181 Praesides
577 1115 695 1180 Ariani
719 1137 796 1181 mox
819 1118 910 1204 apud
930 1117 1160 1184 Constantium
1183 1121 1258 1204 ipsis
1278 1117 1320 1182 ad-

228 1216 365 1297 dictum,
390 1224 426 1278 ut
435 1213 468 1278 S.
492 1213 695 1278 Athanasius
727 1237 839 1280 urrsus
860 1238 905 1280 ex
928 1216 1005 1280 sede
1028 1238 1087 1281 sua
1111 1215 1320 1302 expelleretur,

228 1315 325 1377 novis
347 1312 541 1395 excogitatis
573 1312 607 1374 in
640 1313 749 1398 ipsum
781 1311 956 1377 calumniis
984 1311 1197 1378 vehementer
1218 1315 1322 1378 instite-

229 1421 316 1492 rant,
349 1408 511 1495 simulque
543 1407 749 1488 laborarunt,
782 1420 820 1472 ut
850 1409 893 1474 ab
926 1409 1079 1475 omnibns
1112 1403 1269 1497 episcopis
1292 1431 1322 1473 ac

230 1509 423 1573 nominatim
448 1529 468 1570 a
490 1506 584 1570 Rom.
607 1506 767 1571 Poutilice
791 1506 1013 1574 damnaretur.
1059 1508 1160 1573 Hunc
1184 1509 1322 1574 in'linem

230 1629 295 1672 non
319 1605 416 1670 modo
432 1604 660 1670 Constantium
677 1605 887 1690 impulerunt,
903 1615 939 1672 at
958 1617 1208 1694 persequeretur
1229 1627 1324 1672 omnes

230 1707 286 1793 qui
317 1705 441 1769 nollent
473 1705 507 1767 in
537 1702 844 1768 condemnationem
878 1703 911 1769 S.
939 1703 1114 1769 Athanasii
1147 1704 1323 1769 consentire.

230 1803 287 1868 sed
319 1803 442 1867 litteras
475 1822 604 1887 quoque
637 1802 781 1888 episcopi
816 1802 989 1868 orientales
1022 1805 1183 1868 miserunt
1206 1803 1324 1867 Βοιιιιιιι

229 1899 272 1966 ad
286 1900 496 1986 Pontificem,
515 1907 551 1962 ut
574 1900 786 1984 impetrarent
799 1899 973 1967 Athanasii
998 1901 1252 1966 damnationem.
1273 1897 1325 1966 Sed

230 1998 344 2063 eodem
368 1997 436 2061 fere
469 2006 614 2082 tempore
647 1997 813 2081 octoginta
844 1997 900 2062 alii
925 1999 1095 2064 Praesules
1124 2021 1168 2062 ex
1192 1998 1325 2084 Aegypto

229 2098 352 2182 pariter
373 2094 416 2160 ad
440 2093 610 2158 Liberium
636 2097 795 2159 miserunt
815 2085 954 2176 litteras,
979 2096 1099 2181 quibus
1122 2094 1326 2160 Athanasium

131 2182 180 2212 ⁰⁰¹
230 2192 462 2258 defendebant.
503 2192 661 2256 ¹Liberius
685 2200 794 2256 autem
818 2192 1006 2258 nullatenus
1029 2194 1206 2258 Athanasii
1229 2194 1327 2258 adrer-
1370 2219 1371 2224 ¹

230 2294 324 2357 sariis
347 2293 454 2373 cessit,
470 2289 526 2366 sed
552 2293 585 2355 in
600 2291 704 2376 ipsius
719 2293 950 2358 communione
973 2293 1209 2377 perseveravit,
1232 2291 1327 2356 tiden-

230 2411 294 2476 que
317 2387 534 2453 orthodoxam
549 2386 711 2472 intrepide
734 2386 892 2453 defendit.
938 2388 979 2454 Id
1001 2398 1071 2454 tum
1096 2411 1138 2454 ex
1157 2389 1327 2455 testimonio

231 2487 264 2554 S.
288 2485 462 2551 Athanasii
496 2485 596 2572 (Hist.
630 2485 744 2550 Arian.
777 2507 805 2550 c.
838 2483 895 2572 33)
918 2496 1018 2573 patet,
1046 2497 1118 2552 tum
1142 2509 1186 2553 ex
1209 2483 1327 2576 epistola

230 2607 329 2672 quam
362 2583 516 2648 Liberius
548 2592 660 2667 postea
692 2582 734 2647 ad
768 2582 997 2649 Constantium
1028 2584 1113 2670 Imp.
1145 2589 1243 2652 misit.
1298 2583 1326 2645 ln
1369 2654 1370 2676 χ

232 2705 297 2770 qua
319 2679 473 2746 Pontifex
497 2681 629 2745 scribit:
656 2679 721 2754 Qui
733 2681 834 2766 fidem
865 2692 895 2746 et
923 2685 1108 2747 sarmatiam
1130 2705 1196 2750 aaa
1218 2703 1327 2748 mmmc-
1369 2681 1370 2747 l

230 2781 374 2846 dooirnaa
396 2791 545 2858 notham,
570 2779 652 2866 quod
675 2779 781 2843 eodem
795 2790 929 2866 tempore
950 2781 1107 2867 astopiata
1131 2785 1327 2868 episcoporum

230 2880 385 2944 sannatia
407 2878 622 2964 repopaabat:
645 2899 738 2962 quam
760 2877 907 2942 aniliter
927 2878 1129 2944 recitavimus
1151 2889 1243 2966 atquc
1265 2877 1325 2942 iari-
1368 2953 1369 2960 ἵ

229 2979 394 3042 auaoimas
417 2976 572 3062 episcopia
594 2975 696 3039 Italia.
727 2975 814 3040 Uada
829 2985 939 3039 couno
962 2973 1103 3040 divinam
1127 2976 1223 3063 lepem
1244 2978 1326 3040 daun
1368 3001 1369 3010 ¹

231 3084 286 3154 est,
315 3075 410 3138 etiam
433 3095 500 3138 eram
524 3074 738 3159 episcoporum
769 3085 915 3138 nicaenas
936 3085 1001 3160 'pro
1035 3075 1212 3139 Athanasio
1241 3075 1328 3162 major
1368 3020 1369 3113 l

231 3175 386 3250 meteret,
409 3172 445 3234 ia
463 3180 559 3256 parto
583 3169 695 3256 aliqua
715 3171 908 3234 commodare
932 3171 1132 3256 assensium).

318 3271 372 3334 48.
396 3268 559 3350 Pontifex,
584 3277 620 3332 ut
639 3289 772 3332 oausam
793 3267 967 3333 Athanasii
986 3277 1019 3332 et
1041 3267 1117 3333 lidci
1142 3269 1327 3335 orthodoxae
1367 3251 1368 3330 l

233 3367 433 3448 defenderet,
466 3387 599 3451 operam
632 3365 742 3448 dedit,
780 3375 817 3430 ut
839 3365 1018 3430 'emeliam
1050 3366 1269 3433 celebraretur
1294 3363 1327 3426 de
1367 3411 1368 3422 ,

232 3465 322 3530 hisce
345 3459 504 3550 negotiis,
524 3463 670 3552 illudque
684 3485 799 3528 versus
815 3464 913 3528 finem
934 3464 1012 3528 anni
1037 3463 1102 3528 353
1126 3475 1326 3530 convocatum
1367 3429 1368 3481 l

231 3575 280 3629 est
293 3564 462 3628 *Arelatem
485 3565 519 3626 in
539 3561 657 3636 Gallia,
679 3561 740 3625 'ubi
764 3571 844 3626 tunc
867 3560 1051 3647 Imperator
1072 3562 1223 3647 degebat.
1246 3559 1327 3626 Libe

110 3725 112 3730 .
231 3663 299 3726 rius
322 3683 359 3726 eo
384 3663 473 3726 misit
495 3661 619 3746 legatos
643 3660 857 3724 Vincentium
880 3669 913 3723 et
932 3659 1124 3726 Marcellum
1141 3659 1326 3747 Campaniae

232 3762 412 3846 episcopos.
459 3759 504 3823 At
527 3774 655 3822 summa
685 3758 748 3821 fuit
779 3759 814 3822 in
846 3755 910 3821 hoc
942 3767 1108 3823 conventu
1132 3753 1325 3844 Imperatoris

307 4016 327 4084 ¹)
346 4013 472 4070 Adfuisse
500 4015 528 4070 in
557 4014 608 4071 hac
630 4014 730 4082 synodo
754 4013 891 4070 Liberium
921 4030 1031 4088 amque
1049 4013 1191 4070 formulam
1212 4013 1328 4080 signasse

232 4094 358 4162 opinatus
376 4099 418 4148 est
437 4093 611 4150 Oabsssutius
631 4095 748 4162 (Notitia
760 4094 824 4149 hist.
838 4095 899 4148 eccl.
919 4111 987 4150 saec.
1005 4093 1052 4148 IV.
1072 4110 1097 4147 n
1118 4095 1177 4160 alh
1195 4091 1237 4146 aed
1254 4096 1327 4158 patet,

232 4175 300 4229 hanc
317 4175 480 4229 sententiam
499 4175 579 4242 plane
597 4191 736 4231 erroneam
754 4189 819 4230 esse

307 4255 327 4328 ¹)
346 4254 394 4322 Ep.
414 4254 447 4307 ad
466 4257 606 4308 Constant
626 4273 652 4310 n.
671 4257 710 4320 a,
729 4270 770 4322 ap.
791 4255 931 4308 Constant.
950 4251 1018 4321 epp,
1037 4253 1094 4310 RR
1114 4251 1167 4309 PP.
