2790 4812
410 488 476 556 Quis
494 489 613 544 Concilio
630 490 804 558 praesederit
1113 492 1166 544 aar

73 628 105 692 de
118 629 282 694 Pontifici&
302 629 467 714 legatione
481 632 577 696 Hosii
592 653 668 698 oum
685 634 763 698 Vito
777 642 810 698 ct
824 633 1000 698 Vincentio
1024 633 1067 698 ad
1084 631 1166 698 Cou-

72 725 168 790 ciliom
189 726 418 814 Nieaenum¹).
464 729 581 816 Neque
603 740 715 796 umen
744 730 800 796 hic
830 731 884 794 vir
915 730 1166 814 eruditissimus,

72 823 117 888 sed
138 824 342 910 Apostoliuae
372 825 451 892 sedi
479 828 730 910 infensissimus,
754 827 881 913 aliquid
903 826 1018 892 saltem
1041 827 1086 892 ad
1109 827 1161 892 du-

73 921 225 988 bitandum
249 923 292 988 de
313 923 565 990 authenticitate
593 925 692 1011 hujus
715 926 893 990 testimonii
916 925 1099 990 adnotavit.
1123 963 1166 972 -

71 1019 114 1082 Ad
134 1019 385 1104 praesidentiam
399 1021 495 1086 Hosii
511 1024 611 1088 etiam
635 1024 779 1086 maxime
802 1022 930 1086 faciunt
952 1021 1009 1087 illa
1018 1022 1052 1088 S.
1063 1021 1167 1086 Atha-

71 1119 155 1180 nssii:
176 1119 215 1182 Io
236 1141 301 1204 φια
323 1117 452 1205 Syrsodo
474 1120 530 1184 ille
546 1119 696 1208 (Hosius)
711 1143 776 1186 aon
797 1120 865 1184 duae
889 1131 919 1184 et
941 1121 1167 1205 anteaquam

64 1213 758 1304 sallpuueeoclesiailliuspruesideatios
787 1217 1166 1302 mpoauntmame-

71 1313 372 1400 memorasset?
396 1315 670 1402 Hicestprimeps
685 1313 923 1402 Syoodomw).
948 1315 1165 1380 Vitusautem

70 1419 95 1470 et
115 1409 304 1476 Vincentius
335 1423 410 1496 post
432 1413 574 1478 Hoeium
598 1413 862 1498 subscripserunt
890 1421 968 1476 ante
996 1414 1167 1499 episcopos

70 1515 183 1592 propter
214 1511 531 1594 praeeminentiam,
572 1510 768 1595 dignitatem
806 1519 839 1574 et
870 1511 1099 1576 auctoritatem
1132 1511 1165 1578 S.

70 1603 155 1684 Sedis,
178 1627 279 1692 quam
304 1627 371 1671 una
385 1629 459 1672 cum
475 1608 577 1672 Hosio
593 1607 892 1694 repraesentabant.
925 1645 969 1656 -
991 1605 1165 1676 Posteriori

70 1715 196 1787 tempore
219 1703 304 1768 haec
326 1707 494 1790 persuasio
519 1705 560 1770 de
583 1706 805 1791 praesidentia
828 1706 922 1770 Hosii
951 1717 988 1770 ut
1008 1705 1108 1790 legati
1132 1707 1165 1772 S.

70 1798 201 1864 silvestri
225 1800 324 1886 plane
347 1802 442 1868 firma
466 1813 537 1868 erat
558 1812 591 1868 et
614 1804 807 1868 communis.
853 1803 944 1868 Hinc
965 1803 1166 1868 Hincmarus

71 1895 246 1962 llbemensis
269 1898 407 1986 loquens
438 1900 479 1965 de
503 1899 651 1966 Concilio
679 1901 825 1966 Nicaeno
856 1902 927 1964 sine
951 1900 1167 1966 haesitatione

70 1995 122 2056 ait:
145 1993 203 2062 Cui
225 1997 270 2062 ud
291 2000 388 2062 uicem
405 1996 552 2064 &vestri
568 1999 799 2085 praesederunt
822 1999 942 2062 Honos
959 1995 1167 2064 Cordubensis

70 2093 214 2178 episcopus
237 2105 268 2158 et
297 2095 402 2158 Victor
424 2106 455 2159 et
489 2095 669 2160 Vincentius
690 2096 870 2182 presbyteri
894 2095 982 2160 urbis
1005 2092 1165 2180 Romae).

143 2191 193 2256 89.
219 2190 412 2256 Adversarii
428 2193 568 2258 Romani
584 2193 755 2257 Pontificis
778 2215 909 2258 omnem
933 2192 1077 2278 lapidem
1100 2214 1165 2258 mo·
1190 2209 1313 2254 Sententiae

72 2297 180 2368 verum,
206 2298 243 2353 ut
265 2289 406 2354 Sanctae
430 2289 509 2356 sedi
532 2290 789 2377 praesidentiam
820 2290 919 2376 hujus
943 2289 1083 2356 Concilii
1108 2293 1166 2356 eri·
1217 2272 1289 2314 ‘'¹⁹⁴‘'

72 2385 209 2472 perenn),
234 2386 292 2450 sed
317 2385 426 2452 oleum
450 2398 482 2452 et
506 2410 638 2473 operam
661 2388 885 2474 perdiderunt.
916 2389 984 2454 Alii
1009 2387 1166 2454 Constan-

72 2482 159 2546 tinum
185 2484 423 2568 Imperatorem
453 2485 657 2571 praesedisse
687 2486 937 2553 contenderunt.
989 2485 1036 2550 At
1065 2487 1167 2550 mani-

73 2577 136 2644 feste
157 2581 343 2646 refutentur
365 2604 408 2645 ex
422 2585 505 2648 serie
519 2584 716 2648 narrationis
730 2583 878 2664 Eusebii,
903 2585 959 2670 qui
983 2585 1069 2648 inter
1091 2582 1165 2664 alia,

73 2689 226 2764 postquam
252 2678 460 2746 Constantini
484 2683 667 2766 ingressum
692 2681 727 2745 in
744 2679 929 2746 Concilium
953 2678 1167 2766 ejusdemque

73 2773 102 2836 de
115 2800 190 2860 paee
223 2779 405 2842 orationem
438 2778 625 2864 descripsit,
659 2781 705 2844 ita
735 2781 859 2864 pergit:
893 2779 981 2844 Haec
1011 2777 1067 2840 ille
1100 2799 1167 2840 cum

74 2869 169 2936 lutino
192 2897 331 2938 annone
354 2876 500 2954 dixisset,
523 2900 603 2962 puae
635 2877 720 2940 olias
746 2878 903 2963 quispiam
930 2874 1048 2940 Graece
1071 2875 1166 2939 inter·

70 2982 195 3052 prelatas
218 2983 274 3051 eet,
298 2973 444 3060 deinceps
461 2971 596 3040 Consilii
614 2975 819 3040 &desidibus
848 2997 1016 3065 samonem
1046 2973 1167 3036 emanti·

73 3068 105 3128 sit
124 3065 307 3154 (παρεδίδου
333 3069 390 3134 τὸν
411 3070 506 3153 λόγον
527 3074 597 3147 τοῖς
619 3075 674 3156 τῆς
697 3069 832 3134 aenidos
854 3068 1077 3156 noctipetae).
1101 3067 1167 3132 Ha-

74 3161 131 3228 buit
151 3167 283 3252 quidem
305 3167 541 3234 Constantinus
563 3169 765 3254 praesidium
789 3168 956 3255 quoddam
980 3167 1113 3232 honoris
1136 3174 1169 3230 et

73 3266 253 3330 uariorum
268 3287 378 3330 renim
402 3275 435 3330 et
457 3266 583 3332 ordinis
597 3287 720 3350 curam,
745 3269 793 3331 uti
817 3268 917 3332 etiam
941 3268 975 3330 in
999 3263 1072 3329 aliis
1085 3261 1168 3328 Con·

74 3357 141 3424 ciliis
161 3363 380 3448 Imperatores
403 3363 565 3447 habuere3
595 3386 662 3430 non
685 3386 763 3430 vero
788 3364 1002 3430 auctoritatis.
1047 3362 1167 3426 Decre-

74 3456 106 3518 tis
126 3456 261 3526 Consilii
294 3460 385 3526 haud
414 3462 610 3548 subscripsit
633 3461 878 3543 Constantinus,
912 3460 967 3524 vel
988 3460 1071 3524 forte
1094 3465 1168 3543 post

73 3571 264 3588 Q*-

133 3617 152 3684 Ι)
168 3617 297 3674 autom
317 3635 339 3675 c.
358 3619 538 3678 LXXXVIII.
557 3649 592 3662 -
611 3619 736 3676 Gelasim
754 3619 861 3688 saepius
880 3619 912 3672 de
930 3618 980 3673 hac
998 3617 1168 3686 delegatione

74 3691 179 3760 loquitu.
214 3697 261 3752 Ita
269 3698 300 3754 L.
311 3697 348 3754 IL
358 3715 380 3754 a
390 3699 453 3754 XII.
466 3700 572 3756 scribit:
594 3699 709 3766 „Sancta
718 3705 748 3754 et
755 3715 856 3768 magna
864 3703 893 3753 et
902 3697 1037 3767 generalis
1048 3697 1168 3764 Synodm

74 3785 205 3832 mucram
223 3777 337 3832 Petrum
355 3778 471 3834 Nicaeae
489 3785 723 3850 congregatorum,
741 3793 789 3848 per
807 3779 915 3834 beatum
934 3783 963 3833 et
979 3783 1102 3832 sanetum
1114 3777 1168 3830 He

74 3851 128 3909 uun
143 3857 292 3926 episcopum
310 3859 432 3914 eivimtia
451 3860 591 3916 Cordubae
609 3861 637 3914 in
656 3860 796 3928 Hispania,
824 3863 962 3914 tenentem
987 3858 1075 3912 locum
1092 3857 1168 3924 Epis·

75 3935 119 4000 app
135 3935 245 3993 Bonnni
272 3953 332 3993 eum
359 3939 506 4006 praedr'ctis
534 3939 653 4010 Quadam
680 3939 754 3996 Sedis
781 3937 958 4007 presbyteris,
977 3937 1063 3992 altero
1081 3936 1169 4004 ipsum

75 4010 251 4084 bunnense
269 4019 365 4076 tint!

132 4097 151 4160 'l
167 4097 242 4167 Apol
263 4098 297 4153 de
313 4097 381 4168 tuga
398 4114 456 4154 sua.

135 4175 155 4241 ¹)
171 4177 257 4247 Epist
276 4177 310 4232 ad
327 4177 472 4234 sottsrioa
560 4180 582 4251 ⁴)
600 4179 696 4248 Opuec.
716 4179 777 4235 adv.
796 4177 971 4235 Hincmarum
989 4177 1122 4234 Laudans.

133 4257 153 4324 ⁸)
169 4258 239 4314 vide
255 4258 342 4314 Janus
360 4275 385 4329 p
404 4261 447 4315 82.
558 4259 640 4332 ⁸)De
657 4260 718 4315 vite
736 4259 910 4318 Constantini
927 4259 958 4314 L.
977 4259 1029 4314 111.
1049 4276 1071 4318 e.
1089 4261 1167 4318 XIII.
