2806 4848
455 470 568 526 Consilii
586 473 770 543 congregatio.
1015 557 1019 565 .
1119 477 1168 531 111

79 620 157 676 uatus
177 613 242 678 fnit
263 634 354 678 error
367 613 742 681 Pneumatomachorum
762 618 833 702 jam
856 639 885 685 a.
910 618 975 682 382
999 619 1033 682 in
1045 620 1169 704 synodo

78 708 295 796 Alexandrino,
319 713 506 800 pariterque
528 715 563 778 in
585 714 723 778 concilio
743 714 924 799 Illyriciani
948 716 1060 782 habito
1084 741 1170 786 anno

76 809 187 874 circiter
218 815 284 879 372
296 865 304 896 ,
337 823 369 877 et
401 813 436 876 in
468 811 594 896 synodo
628 835 712 898 quae
744 813 841 899 paulo
874 823 948 898 post
977 838 998 880 a
1025 816 1170 884 Damaso

76 906 216 976 Pontifice
249 912 373 978 Romae
397 909 562 974 celebrata
584 920 651 992 eat,
676 910 774 975 etiam
798 910 942 976 haeresis
965 914 1027 978 ista
1049 915 1171 1001 rejecta

76 1020 100 1066 st
119 1007 195 1072 fides
219 1009 263 1074 de
294 1010 469 1074 divinitate
493 1007 634 1093 Spiritus
658 1008 770 1072 Sancti
802 1007 967 1074 declarata
989 1011 1061 1080 fuit.
1107 1013 1170 1078 De-

75 1123 149 1167 nnm
170 1105 234 1172 hac
259 1107 301 1172 de
324 1107 516 1193 quaestione
545 1106 581 1168 in
606 1103 753 1170 Concilio
779 1105 910 1172 CPtano
938 1109 954 1172 I
977 1119 1088 1174 actum
1112 1123 1169 1178 est.

146 1205 198 1269 38.
223 1204 280 1270 Ad
304 1215 425 1269 statum
449 1202 606 1268 ecclesiae
639 1202 791 1268 CPtanae
816 1205 903 1291 quod
927 1210 1053 1292 attinet,
1078 1211 1171 1274 sedes

73 1298 140 1366 haec
162 1325 223 1387 per
246 1303 467 1389 qnadraginta
490 1323 594 1365 annos
608 1303 643 1364 in
657 1309 817 1388 potestate
832 1303 1031 1370 Asianorum
1054 1307 1170 1391 fuerat,

72 1409 157 1484 atque
179 1404 293 1465 omnia
316 1399 407 1464 urbis
431 1399 552 1484 templa
575 1397 754 1464 Catholicis
777 1410 869 1464 erant
891 1413 1012 1490 erepta.
1059 1405 1168 1486 Quum

71 1517 144 1560 anno
176 1499 246 1562 370
274 1496 426 1562 catholici
450 1497 632 1582 Evagrium
656 1496 718 1561 sibi
747 1499 781 1562 in
805 1500 996 1585 episcopum
1019 1504 1170 1570 ordinare

71 1607 269 1677 mactentur,
294 1597 321 1660 is
344 1619 364 1659 a
388 1593 527 1658 Valente
550 1596 660 1658 statim
685 1595 808 1680 ejectus
831 1597 904 1662 fait.
934 1599 1170 1668 Pestmortem

72 1690 209 1757 Valentis
232 1693 367 1757 tandem
390 1715 419 1756 a.
444 1693 510 1756 379
535 1691 851 1778 Constantinopolim
879 1698 972 1760 venit
993 1697 1026 1764 S.
1050 1698 1170 1784 Grego-

69 1791 125 1852 rius
138 1791 380 1873 Nazianzenus,
404 1791 497 1876 isque
514 1788 693 1854 Catholicis
706 1791 858 1875 praefuit,
874 1792 1008 1859 domum
1031 1797 1171 1884 alicujus

69 1907 101 1948 ex
127 1889 324 1974 propinquis
355 1890 423 1951 suis
455 1889 490 1951 in
521 1887 693 1951 ecclesiam
725 1892 896 1971 convertit,
927 1900 1025 1978 atque
1049 1897 1083 1960 in
1100 1896 1170 1964 ,hac

68 1985 207 2067 ecclesia,
223 2007 322 2071 quam
336 1985 544 2050 Anastasiam
567 1984 754 2074 (ecclesiam
778 1991 1038 2078 resurrectionis)
1061 1994 1169 2080 appel-

68 2077 146 2164 lavit,
179 2093 364 2147 conventus
388 2082 632 2147 Catholicorum
664 2083 853 2148 celebravit.
902 2085 1063 2167 Quamvis
1092 2091 1171 2157 Gre-

68 2181 168 2254 gorius
202 2179 380 2267 episcopali
415 2179 575 2265 dignitate
608 2181 783 2266 insignitus
815 2195 908 2265 esset,
941 2195 1051 2252 tamen
1081 2189 1171 2256 haud

68 2279 255 2342 constitutus
277 2288 347 2341 erat
379 2279 413 2342 in
438 2279 628 2364 episcopum
653 2277 832 2361 CPtanum,
863 2282 919 2345 sed
944 2284 1045 2349 veluti
1069 2287 1171 2352 admi·

69 2373 217 2439 nistratcr
244 2397 303 2461 pro
330 2385 477 2461 tempore
501 2374 744 2440 Catholicorum
773 2380 873 2461 gessit
903 2401 1026 2446 curam.
1073 2385 1174 2452 Venit

67 2483 167 2536 summ
204 2474 328 2558 pariter
359 2471 678 2560 Constantinopolim
710 2473 753 2538 ab
777 2475 982 2542 Alexandria
1005 2481 1171 2548 Maximus

68 2567 276 2656 philosophus
300 2572 446 2656 cynicus,
472 2571 616 2658 dumque
639 2573 769 2636 fucatae
793 2576 958 2638 amicitiae
981 2579 1171 2662 signisCre-

66 2669 185 2746 goriam
213 2670 476 2751 circumveniret,
499 2671 726 2755 episcopatum
746 2671 890 2735 civitatis
913 2673 976 2737 eibi
1000 2677 1171 2743 vindicare

66 2765 204 2831 studuit:
236 2789 301 2853 qua
332 2768 365 2830 in
397 2789 432 2831 re
464 2768 563 2832 etiam
593 2769 681 2831 Petri
713 2768 920 2853 patriarchae
952 2771 1170 2840 Alexandrini

66 2865 170 2928 favore
203 2865 380 2930 nitebatur.
427 2863 679 2930 Ordinationem
709 2865 926 2952 episcopalem
958 2890 1073 2934 revera
1105 2895 1171 2936 sus-

65 2965 154 3048 cepit,
180 2971 328 3026 attamen
352 2986 372 3026 a
394 2962 514 3048 populo
530 2961 667 3027 adactus
682 2974 739 3045 est,
762 2974 798 3028 ut
820 2965 988 3030 civitatem
1011 2968 1171 3055 relinque·

65 3072 116 3125 ret.
162 3059 345 3143 Gregorius
377 3083 454 3124 vero
486 3063 638 3147 quamvis
669 3060 710 3125 ob
742 3061 880 3125 Maximi
905 3063 1037 3129 fraudes
1059 3068 1171 3132 animo

64 3157 208 3242 dejectus
231 3167 324 3239 esset,
349 3159 474 3223 civium
498 3159 737 3246 supplicatione
767 3170 879 3224 tamon
903 3162 1089 3247 compulsus
1112 3173 1171 3246 est,

8 3333 9 3342 ἵ
64 3265 95 3318 nt
115 3255 438 3320 administrationem
461 3258 508 3320 rei
540 3256 721 3322 catholicae
749 3259 913 3340 retineret,
938 3260 1042 3324 donec
1066 3283 1172 3326 novus

8 3379 9 3416 1
64 3355 233 3440 episcopus
257 3355 518 3420 constitueretur.
548 3355 659 3419 Etiam
684 3355 772 3420 istud
794 3359 963 3441 negotium
986 3381 1006 3422 a
1021 3358 1170 3424 Concilio

64 3451 281 3516 ordinandum
306 3461 385 3517 erat.
928 3455 931 3462 '

144 3549 200 3614 39.
226 3549 462 3614 Convenerunt
484 3571 580 3636 porro
598 3553 717 3614 ‘mense
740 3552 827 3615 maio
850 3553 929 3616 anni
953 3555 1015 3618 381
1042 3554 1084 3619 ad
1107 3555 1273 3619 hoccasio
1289 3586 1338 3614 son·

64 3643 246 3711 Concilium
271 3647 417 3733 episcopi
441 3657 573 3711 centum
604 3651 770 3732 octoginta
793 3671 861 3730 sex,
886 3650 972 3714 inter
994 3673 1075 3737 quos
1098 3673 1171 3717 cen·
1208 3637 1311 3686 ‘'ml‘'

63 3758 127 3808 tum
160 3746 404 3830 qninquaginta
436 3745 588 3809 catholici
620 3755 653 3809 et
680 3747 816 3829 triginta
848 3769 906 3810 sex
929 3747 1170 3816 Macedoniani.

66 3839 151 3906 luter
174 3840 351 3906 catholicos
375 3843 564 3908 eminebant
574 3841 752 3929 Gregorius
766 3843 1005 3928 Nazianzenus,
1021 3847 1172 3912 Meletiaa

64 3937 300 4020 Antiocheam,
316 3939 509 4004 Timotheus
517 3940 773 4023 Alexandrinus,
786 3940 930 4026 Cyrillus
938 3944 1171 4030 Hierosolymi-

63 4049 167 4119 tanus,
183 4036 360 4101 Ascholius
369 4036 682 4120 Thessalonicensis,
694 4038 859 4102 Diodorus
866 4039 1038 4105 Tarsensis
1047 4042 1172 4129 aliique

64 4132 171 4217 plnres
189 4136 363 4200 'sanctitate
383 4146 416 4200 et
435 4136 585 4202 doctrina
605 4138 783 4220 conspicui.
818 4137 1074 4204 Macedonianos
1093 4163 1170 4204 vero

64 4234 230 4318 episcopos
245 4233 436 4317 Imperator,
457 4238 505 4298 uti
522 4235 678 4316 diximus,
703 4233 746 4298 ad
761 4233 945 4300 Concilium
961 4239 1170 4325 invitaverat,

946 4455 962 4494 ό
