2902 4824
530 463 762 535 rmusmaa
1150 471 1200 525 rsa

167 608 216 674 32.
242 607 367 688 Quoad
389 609 450 674 has
475 609 631 695 epistolas
645 609 745 676 Plinii
770 621 802 676 et
824 612 961 697 Trajani
984 612 1067 677 haec
1094 613 1197 678 obser·

94 707 207 768 radone
229 706 338 790 digna
362 705 540 772 videntur:
581 711 617 772 1⁰
652 709 706 774 Ex
737 709 874 794 epistola
896 708 997 773 Plinii
1029 711 1202 776 manifesta

92 805 355 888 estamplissima
376 807 574 890 propagatio
601 805 800 870 christianae
829 806 997 890 religionis
1024 809 1059 872 in
1088 807 1201 894 Bithy-

93 901 146 964 nia.
188 901 322 966 Diserta
337 905 467 984 asserit,
485 925 554 968 non
578 913 706 968 tantum
727 905 878 968 civitates
903 903 960 968 sed
985 906 1085 970 etiam
1111 908 1202 971 vicos

92 1014 117 1060 et
143 1022 232 1082 agros
263 1002 505 1084 contagionem
538 1011 750 1085 pervagatam
782 1023 862 1066 esse.
910 1001 1019 1086 Atque
1051 1003 1114 1067 hoc
1138 1027 1202 1070 ma·

94 1098 166 1160 uiue
184 1097 273 1162 valet
289 1107 410 1164 contre
434 1109 586 1162 auctores
600 1098 760 1183 quosdam
780 1101 837 1184 qui
857 1121 899 1162 ex
916 1099 1093 1164 levissimis
1111 1105 1202 1167 moti-

94 1197 134 1257 vis
158 1195 353 1276 adsis-nunt,
382 1197 501 1280 primis
530 1195 669 1260 saeculis
691 1195 973 1260 christianismum
1001 1199 1035 1262 in
1064 1201 1202 1263 civitati·

94 1291 142 1355 bus
159 1293 312 1378 quidem,
336 1292 395 1356 sed
415 1294 484 1356 ruri
505 1293 573 1356 fere
592 1291 681 1356 nullo
706 1291 808 1362 modo¹
822 1305 1036 1380 propagatam
1059 1295 1203 1384 fuisse.¹)

95 1393 179 1476 Atqu
203 1392 250 1454 uti
275 1391 421 1470 Plinius,
447 1391 494 1455 ita
518 1391 617 1454 etiam
641 1387 864 1455 Tertullianus
887 1395 1087 1458 contrarium
1109 1403 1203 1458 testa-

95 1503 135 1551 tur
154 1491 187 1554 in
208 1488 436 1574 Apologetico
462 1510 490 1552 c.
528 1490 542 1550 l
578 1487 740 1552 scribens:
796 1488 959 1552 Obsessam
989 1490 1205 1576 vociferantia

94 1589 241 1664 edicam,
265 1591 304 1652 in
332 1589 430 1672 apris,
455 1589 492 1651 iu
512 1586 660 1664 cucullis,
675 1585 839 1649 ieiunatis
857 1583 1062 1667 Chamauos,
1085 1611 1204 1654 omnam

95 1707 194 1762 mm,
226 1697 381 1758 oetatem,
415 1684 626 1748 conditionem
657 1694 687 1748 et
712 1687 784 1772 jam
817 1683 1003 1770 dipaitatem
1026 1686 1205 1772 hanspredi

95 1783 129 1844 od
147 1784 195 1846 loc
215 1805 349 1858 waren,
373 1781 468 1866 posi
491 1779 674 1844 &tenuato
688 1792 835 1844 moereat.
860 1817 904 1828 -
932 1783 970 1844 2⁰
996 1783 1204 1868 Rescriptum

94 1877 369 1966 Trajaniquidam
395 1875 607 1942 considerant
621 1887 657 1942 ut
670 1876 745 1959 tale,
767 1900 832 1964 quo
856 1881 1038 1963 persecutio
1063 1881 1097 1944 in
1113 1879 1205 1944 Ohri-

95 1981 198 2043 stianos
227 1985 470 2055 coarctaretur,
502 1997 604 2059 quum
635 1983 847 2058 statueretur,
881 1997 936 2040 eos
964 1978 1205 2061 conquirendos

96 2097 148 2141 nou
167 2099 247 2142 esse.
299 2076 414 2160 Atque
438 2073 503 2137 hoc
528 2094 605 2136 sane
630 2072 690 2136 sub
715 2073 859 2158 quodam
882 2084 1032 2159 respectu
1056 2077 1205 2140 atrocita-

96 2186 149 2237 tem
174 2173 424 2260 persecutionis
458 2173 607 2234 minuere
637 2179 774 2255 poterat.
821 2170 886 2236 Sed
915 2193 958 2236 ex
988 2171 1089 2237 altera
1112 2183 1205 2260 parte

97 2269 140 2334 illo
158 2276 321 2358 rescripto
346 2270 534 2355 imperator
565 2269 662 2332 modo
694 2267 865 2332 definitivo
896 2267 1110 2336 christianam
1133 2270 1204 2337 reli-

97 2372 209 2452 gionem
232 2369 382 2456 legalem
406 2368 616 2432 existentiam
631 2387 697 2431 non
712 2364 834 2430 habere
858 2365 1048 2432 declaravit.
1071 2367 1205 2434 Exinde

99 2489 160 2532 vero
182 2471 215 2534 vi
240 2469 394 2555 plurium
417 2464 531 2547 legum
561 2462 739 2529 Chtistiani
772 2464 807 2526 in
825 2463 989 2548 judicium
1015 2468 1127 2530 vocari
1152 2487 1205 2552 po-

97 2579 196 2630 terant
243 2565 421 2631 Domitius
446 2559 609 2646 Ulpianus
633 2561 887 2647 jurisconsultus
910 2583 1060 2648 paganus
1071 2561 1204 2627 Christi-

97 2664 156 2726 nn
177 2665 331 2728 infensus
355 2661 399 2746 (a.
424 2657 507 2744 283)
531 2659 612 2723 citat
634 2681 690 2722 eas
713 2658 811 2742 leges,
837 2681 922 2745 quae
945 2659 1205 2724 contraChristi·

96 2779 162 2824 anca
191 2759 352 2826 adhiberi
386 2777 485 2843 posse
518 2755 691 2836 censebat,
724 2755 881 2820 videlicet
913 2755 1008 2841 tapam
1037 2755 1207 2820 Julioaoon

96 2861 269 2946 mpetum,
302 2855 395 2940 leges
428 2865 541 2918 conco
572 2853 759 2939 ameleqia,
797 2852 886 2936 leges
918 2863 1028 2916 contra
1059 2857 1205 2939 mopiam,

97 2951 169 3034 leget
196 2967 314 3021 comm
344 2952 599 3039 superstitionem
630 2961 794 3016 cummium
823 2961 853 3014 et
875 2951 991 3016 mittun
1018 2949 1206 3036 illicitam.¹)

98 3049 191 3118 Etiam
214 3054 442 3138 Imperatores
461 3049 673 3133 caeteroquin
688 3046 817 3112 honesti
827 3048 898 3132 jam
922 3068 965 3110 ex
988 3069 1025 3111 eo
1049 3057 1205 3132 tempore,

98 3149 149 3212 niti
172 3151 300 3216 vellent
323 3149 486 3232 rescripta
510 3145 646 3230 Trajani
669 3144 867 3226 rescindere,
892 3145 987 3208 aliter
1003 3143 1206 3210 Christianos

97 3251 166 3312 tueri
188 3271 258 3314 non
283 3255 447 3333 poterent,
472 3265 573 3329 quam
596 3241 818 3328 prohibitione
841 3243 1070 3308 accusationis.

171 3349 225 3412 33
252 3344 324 3412 Sub
348 3343 496 3428 Trajano
529 3339 613 3425 Imp.
647 3339 771 3404 accidit
802 3342 901 3403 otiam
924 3339 1103 3422 gloriosum
1126 3363 1207 3404 mar·
1225 3351 1247 3393 ⁸·
1263 3352 1362 3402 tantu·

99 3445 198 3526 ψίω
228 3443 263 3508 S.
295 3443 419 3529 lqnatia'
449 3437 662 3520 Antiocheni,
694 3437 788 3521 cujus
821 3447 944 3522 septem
975 3435 1132 3522 epistolae
1162 3439 1208 3504 iu·¹

99 3541 177 3624 signe
199 3543 443 3609 documentum
468 3537 672 3600 constituunt
686 3535 989 3620 antiquissimorum
1013 3543 1207 3620 temporum.

100 3633 288 3726 lnepistola
309 3638 354 3702 ad
386 3635 564 3712 Romanos,
596 3633 691 3717 cujus
725 3630 933 3714 magnificam
960 3631 1208 3716 inscriptionem

163 3855 178 3898 ¹·
198 3849 379 3915 ,Plerumque
399 3849 510 3898 tautum
528 3841 722 3898 incientibus
731 3839 873 3894 christiam
891 3845 977 3904 erant,
996 3837 1052 3894 rmi
1072 3845 1136 3894 ants
1153 3855 1209 3894 sae

101 3927 175 3984 uhu
192 3931 230 3984 lv
249 3943 364 3985 numero
384 3929 494 3979 tautum
512 3923 591 3976 valde
609 3921 708 3989 exiguo
727 3917 959 3975 inveniebantur.“
998 3917 1138 3986 (hisistere
1156 3919 1210 3988 gab

101 4019 124 4058 u
139 4023 185 4062 nor
202 4010 227 4063 in
247 4011 300 4064 den
319 4005 440 4062 Stadten
459 4003 594 4066 Christen,
613 4000 663 4054 auf
678 4000 738 4054 dem
757 3997 849 4050 Laude
866 4013 925 4070 uer
943 4013 992 4051 vor
1009 3997 1069 4052 dem
1087 4001 1113 4053 4.
1131 3998 1211 4053 Jahr-

102 4083 202 4140 umet
220 4089 278 4142 ihre
297 4085 407 4142 Auzahl
428 4081 648 4138 versohwindend
666 4078 785 4146 garing.)
805 4077 876 4130 Hist.
896 4077 948 4143 pol.
967 4075 1009 4131 Bl.
1028 4077 1059 4130 B.
1080 4080 1114 4130 74
1132 4077 1166 4131 Η.
1186 4081 1210 4142 9,

105 4165 168 4220 tm
185 4165 392 4226 lltchr'utlieha
409 4161 541 4216 sudant
559 4177 585 4228 p.
605 4161 665 4214 681.

165 4251 183 4316 ²)
199 4248 349 4302 'Iratam
369 4241 482 4310 Ulpiani
501 4256 535 4295 ex
557 4245 635 4308 parte
659 4237 778 4302 reliquus
803 4239 845 4290 est
863 4234 893 4288 in
911 4236 1035 4306 Digestis
1052 4235 1211 4296 Jnsdntaai
