2936 4814
244 461 279 514 te
600 465 638 520 De
656 465 723 521 Sede
741 467 903 521 Romanas.
923 467 1006 522 Petri

245 604 299 668 illo
324 627 402 670 usus
423 606 540 670 fuisset
563 607 682 674 medio.
730 609 796 675 Sed
826 611 1052 695 episcopatum
1076 610 1109 675 S.
1133 610 1221 675 Petri
1246 609 1365 674 Roma-

245 725 324 767 num
348 712 381 767 et
404 702 564 789 Stephani
588 709 829 772 successionem
861 729 971 793 neque
994 715 1094 790 negat
1116 729 1223 794 neque
1247 709 1282 771 in
1307 707 1365 771 du·

245 799 337 864 bium
361 810 512 884 revocat3
544 823 585 865 ex
610 826 674 890 quo
699 815 798 890 patet,
824 805 877 889 agi
902 805 943 868 de
966 805 1053 868 iacto
1077 804 1166 890 quod
1189 825 1305 868 omnes
1329 815 1367 868 ut

245 897 559 964 certumhabebant.
588 901 708 966 Modus
729 902 886 988 loquendi
911 903 1050 968 mordax
1073 902 1368 988 qquirmilianus

245 997 349 1060 utitur
358 1005 488 1061 tantum
512 998 664 1082 ostendit,
675 1010 878 1086 quantopere
892 1003 1001 1086 ipsum
1024 1001 1227 1086 pupugerint
1249 998 1366 1080 verba,

245 1093 366 1179 quibus
390 1095 423 1160 S.
447 1095 636 1181 Stephanus
665 1098 855 1162 inculcabat
882 1119 975 1163 suam
999 1099 1226 1162 auctoritatem
1250 1107 1368 1183 utpote

245 1195 441 1257 successoris
464 1193 496 1259 S.
519 1194 608 1258 Petri
633 1197 668 1259 iu
692 1196 777 1262 Sede
800 1196 958 1261 Romana.

82 1310 237 1352 resultans..
337 1290 390 1355 25.
414 1289 470 1356 Ad
509 1293 605 1356 initia
644 1293 765 1358 saeculi
798 1293 850 1358 111
886 1292 1136 1358 descendamus.
1196 1291 1368 1356 Terallta·

244 1413 305 1452 aas
334 1388 456 1474 pluries
482 1389 606 1454 factum
640 1391 681 1456 de
705 1413 769 1478 quo
801 1393 931 1476 agimus
964 1393 998 1455 in
1026 1391 1094 1454 suis
1124 1391 1255 1475 scriptis
1279 1411 1368 1454 com·

245 1495 405 1550 memoret
427 1495 526 1572 atque
549 1497 694 1554 testatur.
740 1489 793 1552 Ita
816 1489 850 1552 in
878 1488 963 1553 libro
994 1489 1033 1552 dc
1057 1487 1369 1572 Praesmiptioaibus

245 1583 404 1648 adversus
427 1583 623 1669 haereticos,
647 1609 816 1673 opponens
839 1585 998 1672 profanae
1021 1585 1193 1650 haereseos
1222 1585 1369 1648 novitati

245 1681 477 1766 antiquitatem
486 1682 698 1768 Apostolicae
722 1685 901 1766 doctrinae,
927 1705 1011 1771 quae
1034 1705 1102 1747 una
1125 1704 1201 1746 eum
1215 1682 1369 1767 legitima

245 1781 451 1844 successione
483 1783 518 1846 in
551 1781 698 1846 ecclesiis
729 1783 771 1847 ab
801 1782 967 1868 Apostolis
998 1782 1183 1846 constitutis
1206 1789 1368 1862 servetur,

246 1875 329 1942 haec
358 1877 400 1940 de
430 1879 569 1944 ecclesia
591 1880 742 1944 Romana
772 1881 854 1945 dicit
877 1879 919 1968 (o.
943 1879 1018 1966 36):
1057 1878 1094 1943 St
1122 1889 1225 1942 catam
1248 1877 1369 1942 Italiae

247 1977 375 2065 adjaces
396 1977 491 2042 labos
514 1981 657 2058 Roriam,
679 1980 764 2042 ande
786 1978 878 2042 cobis
900 1999 1018 2064 qraoqm
1041 1979 1216 2041 amimam
1232 1989 1369 2062 praesto

246 2087 301 2139 cst.
347 2075 415 2139 Ista
437 2098 531 2160 quma
545 2075 635 2162 selim
649 2077 802 2155 Ecclesia,
826 2077 877 2140 cui
900 2086 998 2142 totam
1020 2075 1196 2138 docuinam
1219 2073 1372 2160 Apostoli

247 2195 314 2236 mun
346 2175 498 2258 sanquine
530 2195 586 2236 sao
604 2174 837 2260 perficdcmmt!
872 2173 929 2236 abi
951 2173 1063 2236 Petrus
1086 2173 1235 2258 passioni
1257 2173 1369 2236 Domi·
1458 2225 1459 2236 .

246 2272 337 2334 aicae
370 2271 577 2356 adaequatur,
616 2271 672 2335 oti
703 2271 823 2336 Paulus
845 2271 987 2336 Joaam's
1026 2272 1114 2334 emita
1152 2280 1332 2334 coronatum
1343 2270 1369 2355 ¹)
1458 2283 1459 2338 Q

252 2368 411 2454 Oriycaes,
435 2369 488 2430 vir
509 2369 606 2452 longe
634 2369 886 2450 eruditissimas,
912 2370 968 2454 qui
999 2377 1032 2431 et
1061 2367 1200 2431 Romam
1224 2366 1285 2431 sub
1310 2367 1370 2431 Ze-

247 2465 390 2551 phyrino
404 2465 565 2530 Pontifice
588 2466 721 2554 venite),
746 2466 788 2531 de
811 2467 850 2532 B.
873 2467 970 2530 Petro
994 2466 1084 2530 idem
1107 2473 1246 2529 testatur
1267 2467 1369 2530 tertio

247 2573 335 2626 tomo
378 2559 676 2630 Commentariorum
707 2568 743 2629 ia
778 2564 926 2628 Genesim
962 2573 999 2627 ut
1037 2562 1132 2626 nobis
1168 2560 1370 2649 Eusebius⁸)

249 2660 364 2726 refert:
388 2663 501 2727 Petrus
517 2687 580 2750 per
603 2665 745 2740 Pontum,
774 2661 955 2739 Galatiam,
979 2661 1171 2748 Bithyniam,
1199 2656 1369 2745 Cappado-

247 2762 339 2838 ciam,
363 2771 454 2845 atqac
478 2761 589 2825 Asiam
610 2762 749 2826 Jadam's
772 2763 826 2848 qai
847 2762 884 2823 ia
901 2761 1095 2846 dispersione
1125 2767 1217 2821 ararit
1233 2757 1369 2843 praedi·¹
1457 2757 1458 2784 ³

248 2881 334 2922 casse
357 2857 566 2923 emistimatar.
616 2857 680 2932 Qui
711 2858 755 2922 ad
777 2867 948 2921 extrariam
970 2859 1090 2921 Romae
1117 2857 1256 2920 cuiatem
1283 2859 1372 2920 assei

248 2955 384 3042 suffia-ils
407 2967 462 3035 cst,
486 2959 589 3042 capite
612 2957 756 3020 alcoram
779 2957 931 3034 (lamisem
954 2957 999 3019 sic
1022 2956 1114 3033 caim,
1137 2964 1173 3017 at
1194 2977 1282 3017 mulce
1307 2955 1370 3017 col·

249 3053 406 3118 locaretur
428 3066 583 3118 oraverat.
631 3053 721 3118 Haec
747 3054 897 3140 Oriysaes
920 3054 1067 3116 intortio
1090 3051 1245 3116 calamiae
1259 3051 1369 3137 Eupo·
1456 3081 1457 3119 l

248 3150 397 3216 eitimam
419 3154 455 3215 in
481 3150 627 3216 Genesim
649 3153 777 3217 disertis
799 3151 902 3216 verbis
923 3161 1147 3215 commemorat.
1456 3139 1457 3152 ¹

338 3249 391 3314 26.
417 3247 750 3314 Commemorandum
789 3249 852 3312 hoe
890 3247 962 3312 loco
985 3247 1128 3327 videtur,
1166 3246 1292 3310 factum
1328 3246 1370 3310 de

249 3367 314 3432 quo
348 3349 477 3430 agimus
509 3349 609 3411 etiam
643 3346 829 3411 confirmari
863 3345 905 3410 ab
939 3345 1093 3410 omnibus
1126 3342 1190 3407 illis
1212 3341 1370 3407 Patribus

250 3454 283 3508 et
306 3443 529 3530 Scriptoribus
552 3446 707 3530 antiquis,
732 3446 789 3530 qui
813 3443 957 3526 uadunt,
974 3443 1100 3509 Simoni
1121 3441 1217 3524 Mago
1232 3441 1370 3504 Petrum

249 3543 374 3607 Romae
398 3542 563 3606 restitisse.
611 3543 657 3607 Ut
680 3544 769 3605 enim
790 3541 888 3606 modo
906 3563 973 3604 non
997 3541 1203 3626 inquiremus
1226 3538 1261 3600 in
1285 3539 1371 3600 veri·

248 3650 352 3704 tatem
384 3661 506 3722 eorum,
532 3659 616 3724 quae
649 3639 690 3702 dc
723 3639 866 3705 Simonis
897 3640 1007 3722 gestis,
1032 3637 1073 3702 de
1096 3636 1167 3722 ejus
1190 3633 1304 3698 volatu
1338 3644 1371 3699 et

251 3749 355 3803 morte
378 3737 421 3802 ab
445 3739 485 3800 iis
498 3737 695 3819 referuntur,
712 3746 799 3801 certe
813 3735 860 3800 illi
874 3737 988 3801 Patres
1010 3742 1047 3798 ut
1069 3755 1139 3798 rem
1163 3731 1370 3818 exploratam

251 3844 444 3922 supponunt
475 3843 507 3898 et
541 3843 704 3898 testantur
735 3835 1025 3898 commorationem
1048 3832 1082 3897 S.
1106 3831 1193 3896 Petri
1227 3831 1262 3893 in
1287 3830 1370 3894 urbe

254 3989 461 3997 ---.-

329 4074 348 4142 ι)
368 4071 423 4125 Otr.
442 4072 540 4126 etiam:
565 4071 668 4126 Contra
685 4069 848 4125 Marcionem
872 4070 902 4124 L.
921 4070 968 4124 IV.
994 4085 1015 4123 c
1034 4069 1059 4123 5.
1078 4099 1112 4108 —
1131 4068 1172 4122 De
1188 4066 1330 4136 mposmo
1348 4084 1370 4122 c
1455 4035 1456 4055 l

250 4156 277 4210 4.
296 4182 328 4192 -
348 4152 478 4219 Scorpiac
497 4167 554 4218 esp.
573 4151 623 4206 ult

327 4233 348 4302 s)
368 4232 400 4284 V.
420 4231 516 4286 Eussb'.
536 4231 570 4284 u
590 4232 620 4286 Ε,
641 4230 687 4284 VL
709 4232 749 4284 14.
1072 4227 1095 4296 ⁸)
1115 4226 1182 4280 Ibid
1201 4225 1252 4282 ΠΙ,
1275 4227 1299 4281 1.
