2790 4812
811 364 830 394 Q

220 473 273 527 442
504 472 544 525 De
563 471 715 526 Αιίιιιὶοιιιο
732 487 764 526 ec
782 472 814 527 dc
831 473 910 527 Gonu
929 473 1054 529 Nicaeuo.

220 619 296 702 quia
318 639 382 681 non
405 615 719 680 divinareoelatione
735 614 920 694 illuminati,
937 617 993 680 sed
1013 617 1168 683 tumaces
1192 622 1342 684 edentiae

215 716 474 802 praesumptione
498 713 577 778 elati
598 723 681 791 suot,
700 718 795 802 pejus
824 714 949 800 aliquid
971 716 1148 781 odiumne.
1197 719 1240 780 lu
1263 721 1343 782 sicut

219 813 274 878 illi
290 837 352 898 per
375 836 430 876 sec
452 812 806 897 quatuordecounitotie,
836 815 885 876 ita
908 823 938 876 et
959 815 1016 878 isti
1032 838 1095 900 per
1117 825 1236 902 septum
1259 817 1342 880 sede·
1392 843 1393 900 Ξ

221 913 395 976 concitatos
417 910 497 998 (112
526 907 643 995 annos)
676 921 706 973 et
737 911 892 995 quaedum
923 912 1151 976 diocensionum
1178 913 1342 1000 perpetuo,
1392 957 1393 960 =

221 1009 401 1095 duplicatos
422 1009 471 1073 oei
495 1007 720 1094 multiplicatos
742 1031 886 1073 numeros
913 1033 952 1072 oc
972 1033 1221 1096 monoprommos
1246 1013 1341 1075 adno-

222 1106 330 1184 tando,
359 1105 490 1170 enitere
523 1107 604 1170 enisi
635 1103 748 1191 euotl).
795 1105 849 1169 Ex
881 1105 1006 1192 Oyrillo
1038 1110 1140 1192 igitur
1171 1109 1341 1194 cyclorum

221 1205 370 1268 omnium
413 1203 533 1288 quibus
572 1201 753 1268 Christiani
796 1206 846 1268 usi
890 1215 967 1269 sunt
1007 1209 1253 1271 vetustissimus
1297 1217 1393 1272 cst

221 1300 335 1386 cyclus
363 1323 524 1366 annorum
549 1301 608 1383 84,
638 1300 728 1366 hunc
757 1311 868 1366 tamen
901 1304 1089 1370 confectum
1117 1304 1201 1369 dicit
1223 1305 1315 1370 ιδ’·
1293 1327 1393 1408 ιιι,Ξ

221 1401 276 1484 qui
307 1399 504 1464 Judaeorum
531 1401 693 1486 pravitati
722 1401 912 1486 respondere
945 1404 1054 1466 conati
1085 1413 1172 1482 sunt
1207 1405 1230 1466 i.
1265 1425 1294 1467 ο.
1323 1427 1342 1466 ιι

223 1497 542 1577 Quartodecimenis.
575 1497 725 1577 Quodn
750 1519 865 1563 verum
879 1507 938 1582 est
962 1499 1060 1564 facilc
1082 1499 1227 1584 colliges,
1253 1501 1342 1565 hunc

222 1594 352 1680 cyclum
376 1595 500 1660 Romae
523 1594 613 1660 haud
637 1594 824 1660 adhibitum
856 1595 968 1678 fuisse,
999 1597 1190 1683 quendoS.
1216 1599 1342 1684 Hippo-

220 1694 308 1777 lytue
331 1715 426 1756 suum
460 1693 592 1777 cyclum
624 1701 740 1778 septem
772 1647 1047 1773 sedecennitcitum,
1081 1696 1175 1782 cujus
1209 1699 1342 1760 initium
1392 1703 1393 1764 l

221 1800 270 1856 est
292 1813 322 1855 a
347 1791 421 1872 222,
447 1791 598 1856 confecit.
646 1791 810 1871 Quemvis
842 1803 954 1856 autem
985 1796 1023 1858 in
1046 1795 1222 1881 Hippolyti
1248 1795 1393 1880 cyclo
1392 1803 1393 1902 Ξ

221 1887 368 1975 paschali
395 1889 542 1954 defectus
565 1892 795 1972 invenientur,
830 1890 943 1975 cyclus
966 1899 1077 1956 temen
1101 1892 1201 1956 valde
1226 1893 1343 1957 similis
1392 1925 1393 2016 Ξ

221 1987 366 2052 sedecim
389 2009 552 2053 annorum
574 1987 617 2051 ab
639 1987 703 2052 clio
719 2010 849 2074 quoque
863 1998 996 2053 auctore
1020 1990 1186 2055 medianto
1211 1991 1393 2056 soeculo
1392 2035 1393 2093 Ξ

222 2086 316 2150 tertio
341 2085 510 2150 confectus
534 2097 592 2168 est,
616 2086 774 2150 videlicet
800 2083 969 2172 Gomputus
991 2088 1030 2151 de
1054 2089 1176 2152 Pascha
1199 2091 1259 2174 qui
1287 2087 1343 2176 Cly
1392 2105 1393 2148 3

218 2185 332 2269 priami
354 2185 488 2247 nomine
511 2185 698 2267 insignitur,
732 2195 765 2248 et
787 2207 891 2270 usquc
914 2185 958 2249 ud
980 2209 1106 2250 anuum
1130 2187 1195 2250 243
1222 2188 1342 2251 deduc·

176 2335 179 2344 ,
221 2291 274 2344 tus
297 2291 396 2366 etque
421 2303 458 2344 eo
483 2303 569 2346 enno
595 2280 647 2345 vel
670 2281 768 2366 poulo
791 2291 866 2367 post
889 2286 1089 2369 compositus
1111 2283 1203 2370 cstl).
1247 2285 1342 2350 Unde
1392 2285 1393 2354 i

222 2378 353 2461 inseres,
378 2377 441 2443 illis
456 2379 640 2443 defectibus
661 2380 746 2463 cycli
762 2380 988 2444 sedecennalis
1004 2402 1145 2445 coaevos
1166 2403 1236 2446 non
1261 2383 1342 2446 adeo
1392 2459 1393 2468 Ξ

221 2476 369 2541 turbatos
391 2477 501 2556 fuisse,
527 2499 668 2562 cumque
687 2476 902 2542 nihilominus
920 2481 1032 2564 magni
1057 2481 1282 2562 aestimatum,
1306 2503 1343 2543 cc
1392 2507 1393 2570 j

221 2575 303 2638 forte
327 2597 403 2638 cum
436 2575 636 2661 quibusdem
668 2575 955 2640 immutationibus
988 2577 1157 2663 aliquanto
1193 2585 1393 2668 temporo

220 2675 255 2737 in
279 2695 341 2736 usu
364 2672 509 2760 fuisso).
532 2673 621 2736 Dein
645 2695 723 2736 vero
739 2673 831 2757 cyclo
856 2677 1343 2761 octogintaquetuorenncrum

220 2772 359 2834 Romani
384 2772 434 2834 usi
459 2779 552 2852 sunt3
577 2772 739 2834 incertum
754 2780 865 2836 temen
882 2781 946 2854 est,
962 2773 1096 2858 quando
1120 2794 1193 2836 οοιιι
1219 2795 1342 2859 suppu·
1392 2787 1393 2818 l

220 2870 378 2932 tationem
402 2817 559 2932 adhiberie
584 2870 762 2953 coeperint.
739 2869 846 2933 tIn
873 2870 967 2934 libro
991 2872 1029 2934 de
1057 2869 1219 2956 Οοοιριιιο,
1245 2891 1393 2956 quem
1392 2839 1393 2930 i

221 2989 263 3029 ex
277 2965 498 3030 Ambrosianus
521 2965 722 3030 bibliothece
736 2975 865 3030 erutum
883 2947 1393 3070 Murut01·iuecdidit‚hujusJ¹

221 3065 472 3150 supputationis
505 3064 675 3149 exemplar
704 3073 829 3146 exstet,
862 3067 957 3151 cujus
987 3068 1120 3132 initium
1153 3075 1202 3130 cet
1235 3089 1344 3130 annus
1392 3012 1393 3112 i

222 3163 301 3244 2983
334 3164 498 3225 incertum
531 3183 609 3225 vcro
642 3171 758 3226 cotan
791 3164 898 3247 primo
928 3165 990 3228 ista
1014 3165 1172 3249 periodus
1199 3163 1393 3248 suerit⁴).
1392 3145 1393 3170 i

222 3261 350 3345 (lonjici
375 3269 486 3324 tomen
509 3269 628 3346 posset,
654 3260 784 3324 saeculo
814 3263 909 3324 tertio
941 3262 1200 3342 desinente,ch
1225 3273 1343 3348 quarto
1392 3243 1393 3316 i

220 3362 355 3422 incunte
380 3359 544 3422 Romanos
568 3357 660 3422 illum
685 3358 815 3443 cyclum
839 3359 997 3423 adhibere
1020 3362 1177 3445 coepisse.
1216 3361 1272 3424 De
1295 3381 1343 3424 eo
1392 3353 1393 3364 ¹

221 3457 297 3521 dem
320 3456 467 3542 loquitur
489 3455 719 3538 Paschasinus‚
734 3456 910 3520 Lilibeei'
903 3481 936 3521 m
961 3457 1075 3523 Sicilia
1098 3460 1286 3543 episcopus,
1311 3462 1342 3522 iu

221 3554 359 3642 epistole
381 3553 425 3618 ud
449 3554 481 3618 S.
506 3554 653 3618 Leonem
676 3555 732 3634 M„
756 3577 777 3617 o
807 3575 872 3639 quo
897 3555 1065 3619 coustdtus
1088 3557 1197 3620 fueret
1218 3556 1261 3620 dc
1286 3558 1343 3620 Pe·

229 3703 431 3712 =.—-.-.-—-..--—

297 3767 315 3838 ¹)
334 3769 384 3836 Ap.
404 3767 573 3831 Eucherium,
592 3767 633 3820 De
652 3765 775 3820 doctrine
794 3771 951 3834 temporum,
970 3783 996 3837 p.
1015 3771 1067 3822 481
1089 3769 1149 3836 (Ed
1169 3785 1194 3822 c
1216 3769 1308 3838 let-l).
1392 3811 1393 3820 ,

296 3851 321 3918 ¹)
342 3853 410 3908 vide
438 3849 511 3908 hunc
538 3846 698 3914 Computum
726 3846 799 3902 iuter
819 3847 908 3915 Opere
925 3849 954 3914 8„
970 3849 1108 3917 Gypsimi,
1127 3849 1257 3904 editionis
1276 3850 1343 3904 Oxo

221 3932 322 3987 niensis
341 3933 384 3988 vel
403 3927 667 3988 Amstelodemeusis

294 4013 315 4084 ⁸)
335 4015 392 4068 Hoc
410 4015 496 4069 fusius
516 4009 656 4066 ostendere
679 4006 779 4060 nititur
801 4006 949 4064 Bucherius
980 4009 1009 4063 iu
1033 4009 1089 4064 suis
1107 4009 1187 4080 Notis
1206 4010 1240 4064 cd
1259 4009 1343 4064 Cano

221 4109 283 4146 nem
295 4095 447 4161 paschalem
456 4091 481 4148 S.
492 4087 641 4160 Hippolyti,
658 4087 674 4140 Ι.
687 4103 709 4139 c.
728 4102 753 4153 p.
774 4089 839 4154 297,
858 4089 901 4143 vel
921 4105 963 4158 ep.
971 4089 1065 4158 lligne
1074 4089 1151 4144 Patr.
1159 4089 1206 4144 Gr.
1226 4089 1292 4143 tX.
1311 4089 1343 4142 ed

221 4177 310 4244 Opem
328 4175 353 4230 S.
375 4173 523 4243 Hippolyti.
618 4221 621 4226 Δ

296 4257 319 4327 ⁴)
338 4253 374 4313 V.
391 4254 541 4311 Petritium
561 4249 629 4307 ons.
648 4247 678 4302 in
695 4253 804 4322 Emug.
823 4252 857 4308 Ie
874 4251 927 4308 m.
946 4251 1016 4306 Dice
1035 4249 1110 4306 m.
1128 4265 1156 4306 m
1175 4249 1219 4304 θα
