2836 4804
418 445 603 502 Latrocinium
622 447 793 514 Ephesinum.
1113 451 1162 506 271

48 611 110 652 asra
134 591 303 666 sannatia,
326 613 406 675 quae
429 590 565 656 Domino
595 594 660 656 siut
677 592 845 678 placitura
867 595 1072 660 cmsstituaat:
1111 596 1166 658 icoc

3 733 4 760 ,
48 697 98 763 est,
123 697 163 748 ut
179 687 495 772 primitaspestcfero
510 711 615 752 emere
631 689 791 768 damnato,
817 691 912 754 etam
935 692 973 756 de
996 693 1098 778 ipsius
1112 695 1166 778 qai

48 784 261 870 imprudenter
293 785 411 848 errauit
441 787 637 850 restitutione
670 797 831 866 tractetur,
863 790 892 852 si
923 799 1028 854 tarsen
1051 791 1165 855 doctri-

47 905 115 944 nam
140 883 287 946 ceritum
310 879 513 968 amplecteres,
537 906 646 948 seusus
668 885 849 964 haereticos,
871 887 983 971 quibus
1006 889 1165 973 imperitia

46 985 107 1070 ejas
122 979 243 1066 siserat
265 981 402 1058 irretita,
421 979 516 1065 pleae
529 993 695 1067 aperteque
706 984 845 1069 propria
867 1005 938 1047 voce
961 996 991 1048 et
1013 985 1166 1072 subscrap-

47 1081 125 1141 tioae
153 1077 369 1142 damnauerit:
392 1078 475 1162 qaod
493 1081 589 1142 etiam
604 1080 638 1142 ia
653 1079 757 1144 libello
782 1104 870 1166 quem
893 1082 937 1146 ud
958 1104 1017 1146 cos
1038 1083 1166 1146 maaet

46 1187 86 1238 est
104 1175 287 1262 pausemus,
301 1175 468 1262 spondeas,
479 1201 541 1262 per
561 1180 667 1242 omnia
685 1189 826 1244 noscam
849 1190 1024 1244 ocustarum
1046 1203 1078 1244 se
1101 1203 1166 1244 csse

47 1275 241 1338 sementiam.
288 1273 435 1359 Acceptis
458 1285 561 1338 autem
575 1275 699 1360 fratris
722 1287 751 1340 et
774 1279 951 1364 cotpiscopi
970 1280 1072 1344 assui
1091 1277 1165 1342 Idc-

48 1374 133 1436 ciani
159 1371 284 1454 litteris,
314 1371 444 1457 plenius
478 1373 522 1436 ad
557 1395 624 1438 eum
658 1373 696 1438 de
719 1375 768 1438 leis
795 1399 874 1460 quae
898 1376 943 1440 ad
963 1398 1022 1440 aos
1044 1375 1168 1440 videtia-

48 1467 192 1533 retulisse
215 1471 441 1556 rescripsimus,
475 1481 509 1534 at
533 1471 651 1535 abolito
674 1473 730 1536 boc
753 1495 812 1557 quo
836 1474 1020 1558 inquinatus
1043 1472 1166 1536 videdo-

48 1579 93 1630 tur
126 1590 249 1646 errore,
281 1569 314 1632 ia
349 1565 474 1632 laudem
506 1580 536 1632 et
567 1569 702 1652 pieriam
725 1570 790 1634 Dei
816 1581 998 1655 pertatem
1020 1571 1169 1634 mundum

48 1690 107 1728 unu
131 1667 180 1728 sit
193 1665 287 1748 fides.
314 1715 322 1729 .
347 1715 354 1729 .
380 1715 387 1730 .
412 1666 533 1730 Datum
555 1665 665 1730 Idibus
687 1667 792 1732 ducit.

134 1763 193 1826 16.
217 1763 560 1828 Animadvertendum
573 1774 630 1846 est,
643 1787 777 1830 cansam
792 1765 988 1850 Eutychetis
998 1788 1018 1830 a
1028 1765 1167 1831 coneilio
1187 1787 1269 1827 ruitur
1281 1785 1330 1836 jun

50 1859 185 1926 CPtano
196 1861 268 1945 jam
273 1860 471 1947 judicatam,
486 1862 530 1926 ad
540 1862 659 1928 Sedcm
668 1862 894 1948 Apostolicem
904 1865 1004 1928 fuisse
1015 1863 1168 1930 delatam.
1232 1860 1277 1888 ⁵²²·

49 1959 100 2023 sed
122 1957 306 2022 concilium
320 1958 528 2044 Ephesinum
549 1960 1169 2047 indicatumesse,antequamsolemni-

50 2073 93 2120 ter
113 2058 319 2122 sententiam
334 2080 427 2121 suam
443 2057 475 2122 S.
491 2057 560 2122 Leo
576 2058 738 2123 redderet.
763 2057 995 2145 Opportunum
1010 2081 1089 2124 sane
1104 2081 1170 2123 non

49 2167 115 2220 erat
140 2153 272 2240 synodo
294 2154 544 2240 congregandae
577 2158 738 2223 resistere.
785 2157 876 2222 Dum
910 2179 987 2222 vero
1012 2158 1103 2239 dicit,
1127 2158 1169 2222 ab

50 2255 254 2340 Imperatore
278 2252 441 2336 synodum
469 2275 540 2317 esse
554 2253 725 2336 indictam,
753 2255 945 2341 ut‘plera'ore
961 2257 1086 2344 judicio
1109 2279 1170 2319 om-

51 2355 95 2417 nis
119 2375 215 2416 error
237 2352 338 2437 possit
362 2350 492 2441 aboleri,
516 2351 552 2416 id
575 2375 653 2416 sane
673 2375 739 2416 non
759 2352 1009 2437 intelligendum
1034 2363 1082 2416 est
1105 2353 1171 2415 dic-

50 2469 117 2514 tum
142 2460 326 2536 comparate
349 2449 392 2512 ad
428 2451 594 2514 internum
619 2449 763 2514 valorem
795 2452 1078 2516 etauctoritatem
1102 2473 1171 2514 sen-

50 2551 174 2614 tentiae
198 2545 294 2612 Sedis
317 2547 537 2630 Apostolicae,
562 2548 620 2611 sed
640 2559 802 2633 quatenus
815 2559 998 2634 opportune
1023 2549 1065 2612 ab
1090 2551 1170 2634 epis·

3 2671 4 2736 j
50 2649 138 2732 copis
164 2645 279 2710 multis
302 2646 509 2730 congregatis
538 2646 787 2710 confirmaretur
811 2646 980 2736 damnatio
1003 2646 1171 2729 Eutyche-

3 2825 4 2838 *
51 2747 87 2810 tis
105 2747 183 2830 jam
199 2741 485 2828 Constantinopoli
501 2743 599 2824 facta,
620 2753 652 2807 et
669 2767 759 2808 error
782 2746 950 2809 efficacius
973 2744 1169 2810 aboleretur.

3 2841 4 2894 l
51 2881 88 2890 —-
112 2843 209 2908 Dum
242 2841 311 2905 Leo
341 2840 466 2924 legatos
499 2841 580 2905 dicit
603 2844 729 2922 missos,
761 2845 817 2928 qui
841 2845 995 2906 commersi
1017 2843 1172 2906 vobiscum

3 2899 5 2970 l
50 2943 208 3006 sementia
233 2962 312 3025 qaae
345 2941 480 3004 Domino
514 2941 579 3004 sint
594 2939 761 3026 placituro
784 2943 985 3016 constituent,
1010 2941 1172 3024 episcopis

51 3040 187 3125 quidem
211 3060 270 3123 pro
295 3037 483 3102 charactere
499 3040 645 3123 ipsorum
659 3051 768 3123 partes
791 3061 867 3102 snas
891 3041 925 3102 in
944 3037 1073 3123 judicio
1097 3058 1172 3100 con-

51 3140 160 3220 cedis3
187 3136 246 3202 sed
269 3136 456 3201 nullatenus
480 3157 523 3198 ex
557 3135 608 3200 his
631 3137 745 3200 inferri
773 3146 890 3222 potest,
915 3138 985 3200 sine
1010 3157 1172 3200 consensu

51 3240 282 3322 episcoporum
306 3235 502 3298 sententiam
527 3234 620 3298 Rom.
635 3233 806 3298 Pontificio
829 3235 919 3298 haud
943 3233 1073 3319 plenam
1097 3255 1172 3296 anc-

50 3337 218 3400 toritatem
241 3332 365 3398 habere
388 3353 449 3396 nee
463 3331 736 3396 irreformabilem
761 3355 840 3397 csse.
886 3331 958 3397 Imo
983 3354 1081 3417 quem
1106 3333 1172 3394 exi-

51 3449 118 3496 tum
155 3431 238 3495 illud
264 3431 429 3516 judicium
463 3428 585 3494 habere
616 3430 735 3494 debeat
765 3432 874 3493 statim
900 3430 1065 3511 describit,
1089 3429 1172 3493 indi·

53 3555 132 3596 cans
156 3551 197 3594 ea
221 3551 307 3614 quae
330 3528 483 3592 facienda
507 3529 581 3591 sint.

144 3629 198 3692 ll.
225 3627 388 3707 Quamvis
412 3637 522 3690 autem
545 3625 699 3690 Pontifex
723 3625 948 3709 quaestionem
972 3623 1048 3686 fidei
1075 3621 1172 3686 habe·

50 3741 98 3788 ret
134 3734 173 3788 ut
208 3723 331 3788 claram
366 3735 398 3788 et
431 3725 650 3808 perspicuam,
686 3744 892 3807 erroremque
916 3722 1114 3803 Eutychetis
1137 3733 1173 3784 ut

52 3847 118 3888 rem
146 3822 362 3907 exploratam,
386 3821 476 3886 hand
509 3831 619 3886 tamen
644 3822 819 3904 ignorabat
841 3819 997 3906 pericula,
1022 3841 1106 3904 quae
1131 3819 1172 3882 ob

53 3922 267 4007 Imperatoris
299 3923 448 3986 animum
480 3919 712 4005 simpliciorem
746 3931 778 3982 et
810 3918 852 3982 ab
876 3916 993 3982 aulicis
1017 3939 1173 4002 praeven-

3 4045 5 4080 l
53 4032 137 4101 tum,
164 4029 198 4081 et
220 4028 345 4082 attenta
369 4018 511 4104 plurium
536 4016 728 4082 Praesulum
760 4015 968 4080 orientalium
992 4015 1171 4079 ambitione

3 4135 4 4150 ¹
55 4134 84 4180 et
108 4117 215 4182 dubia
239 4117 314 4198 fide,
339 4116 548 4200 ingruebant.
578 4116 666 4179 Hinc
683 4116 811 4179 censuit
826 4126 1056 4199 opportunum,
1074 4116 1173 4176 etiarn

56 4217 177 4300 dogma
211 4214 288 4279 fidei
321 4215 362 4279 de
398 4212 527 4278 Christo
564 4214 699 4299 ejusque
735 4235 801 4276 una
824 4233 964 4296 persona
990 4222 1022 4274 et
1045 4211 1173 4275 duabus
