2936 4814
455 531 552 590 'restes
568 533 667 590 saeculi
685 529 803 590 secundi.
835 543 840 554 ·
1152 521 1187 588 5⁴7

96 675 214 742 Caudio
229 689 428 744 vexarentur
451 681 516 743 imo
540 677 791 766 expellerentur,
811 679 843 744 S.
859 673 975 746 Petrus
990 702 1048 765 per
1061 678 1186 766 aliquot

93 797 181 840 annos
202 777 235 841 in
258 779 361 842 variis
389 777 579 862 regionibus
609 775 713 864 fuit1).
760 779 793 844 S.
826 778 948 844 Paulus
977 799 1016 842 co
1039 786 1185 863 tempore

94 873 157 938 fecit
178 877 235 939 iter
257 875 499 962 Apostolicum,
524 887 557 942 et
579 877 621 942 ab
645 888 823 942 auctumno
847 879 926 943 anui
949 877 992 943 48
1016 896 1118 964 usque
1142 871 1186 939 td

93 986 202 1060 tempus
220 999 359 1040 vernum
383 979 462 1041 anni
485 977 529 1041 50
552 978 616 1041 fuit
629 975 790 1059 Corinthi,
814 999 854 1042 ac
877 989 989 1041 meuse
1004 973 1185 1041 Februario
1216 969 1218 976 ’

93 1071 204 1136 ridetur
225 1073 392 1160 profectus
416 1096 487 1139 esse
510 1073 757 1160 Hierosolymas
787 1075 844 1138 ubi
868 1075 932 1139 fuit
955 1083 1102 1160 tempore
1125 1071 1184 1137 Ps-
1219 1079 1227 1096 ⁸

92 1171 202 1237 stads.
225 1174 304 1236 Mox
330 1175 463 1237 tertium
487 1175 550 1237 iter
563 1172 790 1259 Apostolieum
806 1175 959 1259 suscepit.
983 1171 1036 1238 Ex
1051 1169 1184 1259 Epheso

92 1267 180 1333 hieme
201 1272 278 1334 anni
294 1271 336 1334 51
355 1269 422 1358 (vel
437 1273 571 1335 ineunte
585 1293 615 1337 a.
631 1270 688 1358 52)
703 1271 834 1357 scripsit
847 1273 988 1357 primam
1012 1271 1184 1357 epistolam
1232 1267 1236 1274 ’
1308 1256 1322 1270 '

90 1367 123 1430 ad
141 1365 340 1450 Corinthium
366 1379 399 1432 et
422 1391 487 1433 non
510 1369 557 1434 ita
590 1369 692 1434 multo
717 1378 790 1455 post
813 1369 1006 1434 decurrente
1030 1367 1184 1450 anno52

89 1463 165 1530 dedit
192 1467 373 1532 secumdam
403 1467 573 1553 epistolam
604 1467 647 1532 ad
678 1463 876 1533 Corinthios.
929 1467 1053 1532 Versus
1082 1467 1183 1532 finem

89 1566 151 1627 suni
163 1567 227 1650 ipse
251 1567 347 1630 venit
361 1561 568 1647 Corinthum,
587 1575 620 1630 et
635 1568 769 1630 ineunte
783 1587 870 1648 anno
885 1565 928 1631 53
951 1567 1029 1631 iu'de
1053 1567 1184 1652 scrippit

88 1661 237 1746 epistolam
261 1663 305 1728 ad
331 1663 506 1729 Romanos.
553 1663 679 1744 Petrus,
703 1667 751 1728 uti
776 1663 932 1747 diximus,
956 1673 1036 1729 tunc
1059 1663 1183 1746 Romae

89 1781 140 1822 uon
160 1772 239 1842 srat3
264 1761 325 1826 sed
350 1763 420 1847 ipso
443 1782 530 1826 auno
553 1761 596 1826 53
620 1764 713 1826 venit
732 1759 928 1827 Corinthum
953 1763 1092 1827 Romam
1110 1763 1181 1848 jam

88 1879 265 1940 reversurus,
296 1881 364 1946 quo
394 1859 487 1924 brevi
518 1869 595 1924 ante
624 1861 724 1925 etiam
750 1860 872 1948 Aquila
901 1872 934 1926 et
962 1859 1113 1925 Priscilla
1135 1876 1182 1922 re-

88 1957 156 2018 versi
179 1969 278 2039 erant,
305 1977 389 2044 quos
413 1957 534 2022 Paulus
557 1959 592 2022 in
616 1958 753 2044 epistola
776 1959 905 2026 salutat.
943 1957 1011 2046 (Ex
1034 1957 1096 2040 hoc
1120 1955 1182 2020 col-

87 2050 187 2133 ligitur,
210 2055 360 2120 edictum
384 2055 586 2141 expulsionis
599 2055 804 2122 ludaeorum
818 2057 904 2121 ultra
926 2055 1181 2143 quadriennium

87 2173 138 2214 nou
159 2151 364 2239 obtinuisse.)
409 2151 504 2218 Tunc
527 2155 629 2238 igitur
655 2176 757 2240 quum
781 2155 897 2220 Petrus
908 2153 1103 2237 Corinthum
1127 2176 1182 2218 ve-

87 2249 176 2328 nisset,
204 2262 383 2338 postquam
414 2251 446 2316 S.
476 2251 600 2316 Paulus
639 2252 811 2338 epistolem
841 2253 885 2318 ad
916 2252 1081 2318 Romanos
1108 2253 1181 2339 jam

86 2349 247 2431 scripserat,
281 2347 382 2414 simul
416 2347 565 2414 Corinthi
604 2349 676 2414 bini
710 2350 859 2440 Apostoli
897 2349 1089 2433 docueruut,
1123 2351 1183 2440 sed,

86 2441 160 2508 lueri
183 2455 312 2512 tantum
336 2455 493 2532 tempore.
516 2523 520 2534 .
541 2448 573 2514 S.
597 2448 721 2513 Paulus
744 2451 779 2514 in
803 2449 874 2535 ipsa
897 2449 1035 2535 epistola
1057 2448 1101 2513 ad
1118 2432 1180 2512 lio-

86 2561 180 2608 manos
201 2545 341 2627 indicat,
365 2567 399 2609 se
414 2545 498 2610 velle
511 2546 759 2632 Hierosolymas
772 2548 935 2634 proticisci
951 2557 988 2612 ut
1010 2547 1179 2611 collectam

85 2643 237 2720 pecuniam
261 2643 416 2726 deferret,
439 2645 722 2731 intentionemque
745 2654 858 2731 postea
882 2644 1040 2710 visitandi
1064 2645 1181 2709 Roma-

85 2758 130 2800 uos
142 2743 305 2826 exprimit.
327 2741 445 2828 ¹Atque
468 2745 516 2806 sic
539 2745 662 2829 optime
685 2745 816 2830 concipi
839 2751 955 2830 potest,
978 2743 1075 2808 binos
1094 2741 1180 2828 Apo·

85 2835 165 2901 colos
186 2859 262 2903 mox
292 2839 389 2903 simul
413 2838 571 2905 Corintho
601 2841 765 2926 profectos
795 2858 875 2924 esse,
899 2842 947 2905 uti
972 2841 1109 2905 innuere
1132 2841 1179 2903 vi·

83 2931 162 2998 detur
180 2937 376 3023 Dionysius.
1064 3013 1068 3018 ,
1121 3015 1124 3022 ⁴

154 3033 203 3100 35.
227 3034 405 3122 Quidquid
435 3037 500 3101 hac
532 3037 574 3101 de
605 3057 641 3102 re
672 3037 734 3102 tibi
765 3035 936 3124 placuerit,
966 3034 1178 3100 menifestum

82 3137 128 3209 ut,
148 3135 279 3198 nonnisi
304 3134 403 3198 stulta
426 3135 634 3220 impudentia
663 3134 871 3201 adversarios
894 3133 1059 3222 quosdam*
1078 3131 1178 3198 blote-

82 3245 147 3303 rare,
169 3251 226 3316 per
247 3232 339 3296 hunc
360 3231 515 3318 Dionysii
540 3233 711 3319 eqistolam
741 3233 877 3320 ejusque
905 3233 989 3297 forte
1013 3251 1178 3296 sermones

81 3321 186 3390 iachim
209 3349 293 3410 esse,
318 3338 356 3392 ut
377 3329 517 3414 legenda
546 3331 696 3396 fabulose
726 3331 788 3418 (uti
813 3329 942 3418 dicunt)
967 3329 1008 3394 de
1032 3329 1064 3396 S.
1088 3329 1176 3394 Petri

82 3419 181 3488 itinere
203 3437 234 3490 et
257 3429 452 3513 episcopatu
474 3427 622 3494 Romano
646 3438 893 3516 propagaretur.
930 3427 1113 3512 Dionysius
1137 3426 1178 3490 de

82 3515 135 3582 RB.
157 3520 387 3608 Apostolorum
417 3527 504 3590 Petri
535 3535 569 3590 et
595 3527 690 3592 Pauli
721 3528 880 3614 martyrio
907 3526 1054 3613 loquitur
1075 3534 1113 3589 ut
1136 3524 1177 3588 de

81 3635 107 3676 re
127 3623 291 3686 notissima
324 3645 362 3686 ac
386 3625 578 3706 certissima,
604 3633 636 3688 et
667 3633 797 3690 tautum
821 3626 899 3690 dots
922 3624 1094 3709 occasione
1117 3623 1176 3684 cir-

80 3721 276 3784 tssmstnntias
309 3721 471 3806 quasdam
504 3745 545 3785 ex
560 3801 564 3808 .
578 3723 648 3786 vitu
680 3723 810 3787 illorum
834 3719 1067 3808 Apostolorum
1092 3731 1176 3784 cont-
1209 3771 1213 3780 .

82 3824 229 3882 memorat.
276 3817 358 3880 Vult
387 3818 545 3883 videlicet
567 3821 719 3886 intimam
753 3823 994 3886 counenhntm
1017 3821 1105 3883 inter
1126 3837 1175 3882 ec-

80 3903 194 3975 clesiam
225 3913 409 3980 Romanam
441 3925 475 3981 et
513 3917 685 3982 ecclesiam
720 3917 967 3984 Corinthiorum
999 3915 1175 4000 celebrare.

83 4067 270 4086 ,ἡὴ-

141 4164 160 4230 ι)
177 4165 284 4224 &onus
302 4185 337 4225 ex
354 4171 462 4240 scriptis
479 4171 686 4244 Flaviidosephi
704 4173 813 4230 scribit:
830 4176 914 4230 Auno
931 4177 1037 4246 quidem
1044 4177 1177 4248 (Oleudii)

81 4243 209 4382 gum)
224 4251 422 4388 hlpvufftler
442 4250 587 4308 Claudium
605 4254 670 4308 urbe
687 4253 808 4308 «ludaeos
826 4253 960 4324 Joeephus
977 4259 1068 4326 reses-t.
1101 4257 1178 4312 Oros
