2936 4814
250 455 287 510 to
605 453 1015 512 Dssmemnarawurt

251 595 342 662 baud
373 596 457 660 forte
489 617 610 680 vagam
642 596 789 682 aliquam
821 599 1022 682 opinionem,
1055 598 1114 664 sed
1146 599 1372 668 firmissimam

251 695 496 780 persuasionem
520 694 674 758 omnibus
697 695 831 760 insitam
853 694 965 763 fuisse.

97 811 222 862 cumo-m
341 794 393 858 17.
417 792 604 858 Audiamus
636 794 736 876 igitur
766 791 799 856 S.
832 793 993 860 Jouuacm
1029 791 1278 881 Clsrysoatommu
1301 793 1372 862 An-

134 884 187 916 m'
250 891 440 956 tiocbenunr
463 902 496 954 et
518 900 631 976 postea
643 890 871 954 Patriarcbam
887 890 1298 976 Constantinopolitanum.
1335 893 1372 958 Is

250 990 284 1052 in
308 990 423 1074 primis
446 1009 549 1074 quum
582 985 762 1052 Antiochia
795 989 953 1054 oriundus
986 998 1070 1054 esset
1092 989 1290 1074 Syriamque
1321 993 1371 1056 in-

249 1085 439 1169 habitasset,
467 1109 488 1150 a
510 1086 701 1172 regionibus
725 1085 927 1170 Babyloniae
951 1086 1041 1153 haud
1071 1086 1231 1168 dissitam,
1255 1089 1295 1168 si,
1319 1091 1370 1152 uti

249 1185 430 1249 adversarii
463 1183 588 1266 volunt,
612 1183 765 1268 Babylon
802 1183 917 1248 fuisset
947 1184 1039 1248 locus
1071 1186 1279 1270 episcopatus
1314 1186 1371 1250 vel

249 1283 398 1366 martyrii
423 1283 456 1348 S.
471 1283 570 1362 Petri,
596 1291 684 1346 certe
708 1281 868 1365 quasdam
892 1280 955 1346 hac
979 1281 1021 1348 de
1043 1303 1078 1346 re
1102 1282 1297 1366 traditiones
1320 1306 1370 1348 re-

247 1379 354 1464 liquas
383 1378 480 1442 facile
503 1380 658 1443 novisset.
705 1379 794 1442 Dein
815 1380 842 1442 si
867 1401 932 1442 non
956 1389 1108 1463 ageretur
1138 1379 1179 1444 de
1208 1401 1243 1444 re
1267 1379 1369 1465 plene

248 1478 428 1542 certissima
452 1486 484 1538 et
507 1475 661 1540 omnibus
691 1475 872 1560 explorata,
903 1475 945 1540 ob
969 1475 1225 1542 aemulationem
1249 1476 1369 1542 Orien-

246 1575 362 1639 talium
386 1576 420 1638 in
436 1571 677 1654 Occidentales,
695 1574 804 1636 minus
814 1572 955 1638 disertus
971 1574 1004 1636 in
1016 1595 1076 1636 sua
1098 1575 1278 1638 assertione
1287 1575 1369 1640 fuis-

246 1681 303 1738 set
328 1673 360 1736 S.
372 1672 393 1736 J
396 1693 518 1736 oannes
526 1669 780 1753 Chrysostornus
789 1679 953 1754 postremo
970 1672 1017 1735 ita
1030 1673 1204 1736 sanctitate
1214 1671 1320 1756 fulget
1333 1684 1369 1738 et

246 1770 404 1852 doctrina,
430 1779 466 1834 ut
489 1768 587 1854 hujus
610 1768 764 1832 Doctoris
788 1770 984 1832 sententiam
1009 1791 1067 1854 pro
1091 1770 1192 1836 totius
1215 1770 1368 1836 Orientis

246 1889 327 1932 voce
342 1867 587 1947 valere,omnes
601 1863 698 1928 facile
722 1864 818 1928 nobis
842 1865 1036 1934 concedant.
1060 1866 1094 1932 Is
1104 1867 1207 1950 igitur
1217 1868 1368 1932 Humilia

245 1961 1367 2050 secuudumimortptioaemtletuumApostolorum,quamAntioobiae

244 2060 376 2126 habuit:
403 2062 499 2138 Haec,
531 2061 648 2145 inquit,
679 2070 725 2122 est
747 2082 813 2122 uua
836 2061 931 2124 etiam
959 2071 1086 2124 uestrae
1108 2062 1248 2126 ciuitatis
1264 2086 1365 2148 proe-

243 2162 388 2246 rogatiua
418 2159 594 2244 dipmtutis,
625 2156 708 2241 qaod
736 2157 916 2242 principem
946 2156 1168 2242 Apostolorum
1198 2158 1237 2222 ab
1267 2160 1365 2224 initio

243 2259 398 2322 doctorem
421 2257 584 2340 acceperit.
631 2253 772 2338 Aequum
801 2255 985 2332 estimaret,
1016 2265 1051 2318 ut
1073 2277 1112 2319 eu
1134 2279 1214 2342 quus
1236 2259 1365 2322 nomme

242 2357 482 2420 christianorum
511 2363 585 2416 ante
614 2353 792 2416 uniuersum
822 2351 925 2416 orbem
955 2363 1110 2418 terrarum
1140 2364 1256 2418 ornam
1276 2354 1363 2440 sitit,

237 2455 377 2540 primum
407 2449 630 2536 Apostolorum
655 2460 817 2535 pastorem
846 2451 1010 2535 coemeret.
1064 2449 1128 2514 Sed
1163 2475 1255 2536 quum
1291 2475 1365 2516 eum

242 2551 396 2614 doctorem
419 2550 651 2632 accepissemus,
675 2569 739 2610 nort
763 2549 796 2610 iu
809 2558 998 2632 perpetuum
1015 2549 1210 2626 retinuimus,
1234 2549 1290 2612 sed
1313 2574 1362 2614 re·

239 2649 310 2734 plue
334 2647 456 2712 ciuitati
464 2648 582 2710 Romae
596 2645 686 2709 illum
701 2647 913 2708 tumescimus.
942 2646 1007 2709 Imo
1031 2647 1153 2710 veroin
1170 2657 1363 2732 perpetuum

240 2745 546 2830 speumretimtimue.
595 2743 682 2808 Nem
705 2765 818 2827 corpus
840 2743 964 2827 quidem
982 2743 1071 2806 Petri
1092 2766 1156 2808 uon
1179 2746 1361 2822 retinemus,

240 2842 295 2906 sed
318 2842 404 2904 Petri
417 2841 516 2923 fidem
540 2851 689 2925 tauquam
707 2840 834 2904 Petrum
855 2842 1041 2920 molesmum
1059 2863 1159 2928 porro
1183 2841 1256 2906 dum
1271 2843 1362 2908 Petri
1456 2853 1457 2899 l

230 2938 330 3022 fidem
351 2940 529 3016 reboemus,
553 2940 656 3023 ipsum
666 2937 791 3000 Petrum
814 2937 969 3002 labemus.
999 2937 1043 3002 Et
1057 2937 1204 3004 Humilia
1218 2939 1362 3004 XXXII

239 3039 273 3099 in
295 3037 400 3122 Epist.
424 3035 467 3098 ad
492 3037 585 3099 Rom.
610 3045 725 3098 notum
748 3033 830 3098 illud
854 3033 994 3100 habetur
1007 3036 1132 3100 Romae
1152 3038 1359 3102 encomium:

242 3133 507 3208 Qrtemeslmmlum
538 3155 651 3216 corpus
682 3155 827 3218 mapsam
860 3143 889 3196 el
911 3133 1070 3198 robustum
1098 3135 1177 3198 duos
1199 3134 1362 3200 illam-bs

237 3233 328 3296 tabet
342 3231 447 3296 oeulos
457 3230 665 3316 splendentes,
674 3231 782 3294 borum
793 3230 937 3294 videlicet
948 3228 1134 3295 Sumtorum
1148 3253 1282 3318 corpore
1296 3280 1304 3297 .
1322 3282 1331 3296 .
1350 3284 1356 3298 .
1454 3243 1455 3276 r

239 3331 322 3394 Hiuc
345 3331 489 3414 rapietur
504 3327 633 3405 Paulus,
657 3329 727 3390 blac
751 3327 871 3392 Petrum.
923 3325 1064 3414 Copitate
1087 3339 1117 3392 et
1137 3329 1357 3410 ealmresat'te,

236 3429 319 3514 quod
341 3426 550 3513 spectaculum
573 3426 680 3490 visura
704 3426 746 3488 sit
769 3427 881 3504 Iloma,
906 3425 1040 3490 Paulum
1061 3426 1206 3490 uidelicet
1228 3440 1357 3512 repetito
1453 3485 1454 3488 ,

237 3549 276 3588 ae
299 3526 360 3590 ille
384 3526 469 3589 tls-eeu
492 3547 559 3588 eum
574 3523 665 3586 Petro
684 3534 893 3608 reserpentem
916 3534 945 3586 et
960 3523 1116 3588 sublatum
1138 3526 1173 3586 iu
1196 3547 1358 3588 occursum

236 3625 368 3688 Domini
391 3671 398 3686 .
425 3671 432 3685 .
458 3671 465 3684 .
492 3670 498 3684 .
532 3621 600 3684 Hoc
623 3643 735 3706 corpus
758 3619 880 3708 (Pauli)
911 3621 1017 3684 urbem
1039 3621 1130 3685 illam
1159 3623 1252 3708 quasi
1274 3645 1355 3686 moe-

235 3723 299 3784 m'r's
332 3722 437 3806 clepit,
470 3719 552 3804 quod
582 3719 666 3781 omui
690 3729 773 3782 turre
798 3729 827 3780 et
850 3717 945 3782 vullis
968 3721 1141 3782 intrumem's
1169 3719 1267 3782 tulisse
1290 3731 1357 3798 est,·
1452 3737 1453 3742 ’

236 3831 265 3883 et
288 3842 355 3882 eum
377 3819 432 3882 lter
456 3819 551 3880 etium
575 3815 661 3878 Petri
691 3838 822 3900 carpum
858 3839 932 3880 uam
961 3815 1051 3880 illum
1079 3817 1231 3880 uiuentem
1260 3815 1355 3880 borre-

234 3919 326 3980 ruuit.
375 3915 522 3993 Assem-di,
547 3914 659 3999 inquil,
683 3914 788 3978 uidere
813 3914 937 3977 Petrum
967 3910 1061 3998 (Gal.
1091 3913 1193 3998 uls).
1218 3913 1355 3999 Ideoque

234 4014 304 4076 lrirtc
314 4015 537 4097 dentipruotem
546 4011 637 4075 illum
651 4011 902 4074 corrtuberuulem
908 4011 1020 4096 facere
1034 4011 1142 4097 pratia
1152 4009 1286 4096 diprsulu
1296 4023 1354 4076 est.

72 4115 95 4156 ⁸·
111 4116 214 4167 uramus·
326 4112 376 4176 18.
402 4109 634 4193 Chrysostomo
671 4109 852 4194 jungamus
892 4107 923 4172 S.
967 4110 1192 4194 Hieronymum
1228 4109 1355 4194 pariter

116 4188 168 4218 Μ’
233 4207 402 4274 Ecclesiae
436 4207 622 4290 Ductorem,
656 4205 825 4272 hominem
857 4207 915 4292 qui
938 4217 1066 4292 partem
1099 4206 1189 4271 vitae
1212 4227 1293 4270 suae
1317 4207 1353 4270 in
