2836 4804
384 447 503 516 Vigilius
521 448 632 502 damnat
649 447 705 501 tris
723 448 855 516 Capitnla.
1129 447 1180 504 ³61

7 629 8 646 κ
70 593 194 655 toritate
218 612 344 677 suoque
367 590 497 656 decreto
521 591 585 654 tria
600 589 754 676 Capitula
777 591 932 673 damnat3
957 613 1182 678 quoscumque

71 711 143 754 vero
165 691 224 775 qui
252 689 324 775 jam
357 687 413 752 illa
441 688 761 770 condemnaverunt,
795 688 861 774 (his
883 688 994 753 verbis
1018 689 1181 773 synodum

72 784 284 850 CPolitanum
297 785 487 873 significat),
501 786 602 851 fidem
618 798 788 873 aquatuor
800 787 943 872 Synodis
957 788 1183 874 praedicatam

7 955 8 960 η
71 883 310 969 amplectentes,
323 907 375 948 cos
381 885 508 970 fratres
518 895 547 948 et
558 885 793 950 consacerdotes
809 909 873 950 esse
888 885 1005 970 defluit,
1019 885 1054 949 id
1067 895 1116 949 est
1129 906 1184 948 eos

70 983 291 1046 communioni
314 1003 392 1045 suae
406 981 572 1068 adjungit,
595 1002 773 1069 eorumque
789 983 971 1048 sententiae
987 982 1089 1048 robur
1102 981 1185 1046 illud

72 1078 262 1164 impertitur,
287 1078 376 1165 quod
400 1101 442 1143 cx
457 1081 673 1145 consensione
688 1101 764 1144 oum
788 1079 876 1146 illins
900 1079 1031 1145 decreto
1055 1079 1185 1144 trahere

7 1171 8 1184 ¹
71 1173 198 1242 debent.
245 1177 407 1242 Eandem
438 1180 636 1243 sententiam
670 1178 894 1264 superioribus
929 1178 1085 1264 epistolae
1115 1199 1185 1240 ver-

71 1271 117 1338 bis
139 1276 190 1338 sic
213 1284 437 1360 expresserat:
465 1274 553 1349 Quae
577 1299 598 1340 a
620 1275 711 1340 uobis
733 1275 862 1359 definiri
884 1267 1186 1355 deoma'revelana

7 1407 8 1420 ι
71 1371 204 1437 Domino
228 1385 259 1436 et
281 1375 472 1461 iaceatipata
486 1376 629 1453 veritate,
647 1373 818 1438 salubriter
831 1373 961 1461 impleto
985 1383 1067 1452 aaut,
1092 1374 1187 1458 quasi

72 1469 202 1552 diceret,
234 1471 321 1535 hanc
354 1473 590 1557 quaestionem,
623 1471 701 1536 licet
732 1471 774 1536 ab
808 1473 970 1558 episcopis
1004 1471 1186 1535 discussam

71 1568 102 1630 in
124 1567 254 1652 synodo
278 1578 446 1634 eteorum
476 1569 643 1652 suffrag-iis
672 1569 834 1651 decisam,
868 1569 965 1635 Sedis
988 1567 1187 1654 apostolicae

71 1664 199 1730 decreto
232 1689 304 1730 esse
336 1669 554 1753 peremptorie
588 1666 821 1732 definiendam.
868 1666 966 1731 Unde
1003 1665 1067 1732 hoc
1090 1687 1187 1729 sunm

71 1761 238 1827 decretum
263 1762 465 1827 διατύπωσιν
497 1763 802 1851 (Constitutionem)
834 1763 979 1849 appellat
1001 1763 1044 1828 ad
1067 1765 1187 1849 princi-

72 1881 147 1944 pnm
173 1859 431 1946 exemplum“¹).

157 1958 212 2022 67.
236 1959 339 2024 Aliud
366 1958 575 2024 Constitutum
604 1959 720 2043 Vigilii
754 1957 859 2024 edidit
881 1957 1037 2022 Baluzius
1061 1979 1104 2022 ex
1127 1979 1345 2023 mammonam

72 2053 194 2120 Codice
225 2055 453 2122 Bibliothecae
486 2057 714 2139 Colbertinae,
750 2056 839 2142 quod
874 2057 1010 2120 unicum
1045 2077 1116 2120 esse
1153 2055 1188 2119 in
1228 2043 1325 2082 “m

7 2195 8 2236 3
71 2152 147 2218 orbe
171 2154 320 2219 creditur
343 2153 521 2220 Constituti
545 2154 645 2241 hujus
668 2154 846 2240 exemplar.
871 2153 914 2217 Ei
938 2154 1029 2218 deest
1052 2153 1189 2240 inscrip-

74 2252 115 2314 tio
139 2261 173 2316 et
196 2253 339 2318 initium.
364 2251 604 2339 Superscriptio
629 2262 740 2316 autem
763 2261 828 2316 est:
859 2252 970 2337 Vipilii
984 2253 1093 2339 Papae
1111 2250 1187 2316 Coo·

73 2351 216 2414 stitestum
239 2349 278 2413 de
308 2351 511 2416 damnatione
545 2353 640 2415 triam
667 2347 898 2436 Capitadomm,
923 2349 1104 2435 datumque
1126 2348 1191 2411 fuit

75 2445 133 2510 hoc
159 2445 383 2512 Constitutum
408 2448 463 2514 die
486 2447 529 2512 23
540 2447 714 2513 Februarii
737 2469 766 2512 a.
781 2447 858 2512 554.
905 2448 1004 2511 Forte
1028 2447 1191 2510 directum

7 2569 8 2602 1
74 2545 144 2626 fuit,
168 2547 217 2610 ait
240 2545 280 2610 ol.
305 2545 435 2627 Hefele,
460 2546 506 2610 ad
536 2548 707 2631 episcopos
730 2544 933 2625 Occidentis,
959 2554 995 2606 ut
1017 2543 1190 2630 prolixiori

7 2637 9 2720 l
75 2665 184 2708 rernm
207 2645 412 2731 expositione
436 2665 548 2708 eorum
573 2643 745 2708 haesitatio
770 2645 804 2708 in
828 2639 1035 2707 admittenda
1058 2641 1191 2706 damna-

74 2741 163 2806 tione
186 2743 287 2806 trium
302 2741 530 2828 Capitnlorum
541 2741 734 2806 auferretur.
780 2741 969 2827 Disputatio
987 2739 1101 2824 Vigilii
1125 2759 1191 2804 ma·

7 2871 8 2882 2
75 2841 164 2904 xime
180 2849 332 2904 versatur
354 2841 443 2905 circa
458 2839 628 2926 epistolam
652 2861 737 2925 quae
760 2838 883 2903 dicitur
900 2837 980 2902 Ibae
1004 2836 1047 2901 ad
1060 2835 1191 2917 Marim,

75 2937 133 3000 sed
165 2947 203 3002 ut
234 2938 382 3002 vindicet
417 2937 663 3002 damnationem
696 2936 794 3022 hujus
826 2934 983 3022 epistolae
1015 2955 1088 2998 eam
1118 2933 1193 2997 iniit

76 3037 175 3118 viam,
212 3057 297 3122 quae
330 3038 483 3123 quamvis
515 3036 672 3121 probetur
701 3037 821 3099 nostris
853 3033 970 3098 diebus
1003 3033 1191 3112 Vincentio,

7 3151 8 3210 t
76 3131 240 3219 plerisque
269 3143 382 3198 tamem
413 3143 625 3220 praepostera
657 3133 730 3196 visa
759 3142 817 3196 ost.
863 3133 894 3195 V
898 3129 1008 3216 igilius
1037 3128 1194 3192 videlicet

74 3251 149 3294 eam
173 3233 371 3296 sententiam
394 3230 519 3296 ibidem
542 3230 654 3294 multis
677 3229 801 3294 evolvit
823 3240 857 3294 et
878 3229 1018 3316 probare
1041 3237 1192 3292 conatur:

79 3332 115 3392 1⁰
138 3329 331 3415 Epistulam,
356 3349 441 3414 quae
470 3328 551 3392 Ibae
582 3328 717 3409 dicitur,
751 3329 914 3392 immerito
937 3327 1016 3391 huic
1040 3325 1193 3411 episcopo

75 3425 222 3508 attribui,
247 3429 421 3513 ipsumque
443 3425 535 3492 haud
558 3424 745 3507 admisisse,
769 3447 804 3490 se
827 3447 898 3489 esse
920 3435 1088 3489 auctorem
1111 3423 1193 3508 ejus,

76 3523 135 3588 sed
159 3525 378 3606 contendisse,
402 3524 445 3589 ab
469 3523 715 3588 accusatoribus
739 3525 842 3609 ipsius
866 3531 899 3587 et
921 3523 963 3587 ab
972 3520 1194 3605 Eutychianis

76 3621 160 3686 falso
181 3621 269 3688 hanc
293 3623 464 3708 epistolam
497 3623 740 3707 supposititiam
774 3623 803 3686 ei
835 3643 904 3685 esse
928 3619 1131 3684 attributam.
1155 3619 1195 3682 2⁰

77 3719 165 3784 Vota
187 3719 253 3801 illa,
278 3720 399 3807 quibus
421 3729 495 3807 post
508 3721 735 3784 recitationem
760 3719 1034 3783 documentorum
1057 3717 1194 3804 quidam

76 3817 191 3883 Patres
214 3820 249 3882 in
271 3817 422 3883 Concilio
456 3816 717 3882 Chalcedonensi
742 3816 1002 3897 declaraveram,
1027 3815 1108 3878 lecta
1131 3817 1193 3900 epi·

76 3916 162 3980 stola
184 3916 278 3981 Ibam
301 3917 445 3981 inveniri
478 3915 708 3997 orthodoxum,
740 3935 806 3978 non
835 3915 999 3999 respicere
1023 3910 1194 3996 epistolam

76 4217 102 4270 v
156 4137 177 4270 ΙΙ)
193 4137 261 4274 Vplp
279 4138 424 4192 Decretum
436 4137 534 4205 Vigilii
552 4143 580 4190 et
593 4135 706 4190 Dissert.
719 4135 796 4190 Petri
809 4135 951 4199 deitates,
965 4131 1110 4203 aphabbt,
1120 4131 1195 4187 'l'om

104 4231 180 4272 .oo.
197 4221 244 4274 5.·
266 4235 322 4285 sqq.
