2806 4848
470 503 611 561 Vindictae
628 503 738 563 tiberii.
1122 507 1157 564 88

71 653 183 716 Arianis
193 649 347 715 Liberius
358 673 378 714 a
390 649 455 714 fide
466 649 650 715 defecisset.
671 650 756 714 Nam
772 673 847 714 cum
859 651 944 716 10101
957 674 1012 717 000
1025 653 1081 738 qui
1092 654 1162 716 uni-

72 752 170 813 1010101
193 749 310 814 Α11001
337 748 390 812 vel
408 747 589 812 Eusebiani
615 747 823 830 dicebantur,
850 748 1031 835 complures
1055 760 1163 815 essent

69 869 187 932 qaorum
206 847 289 912 fides
304 849 431 930 integra
446 844 631 926 videbatur,
647 854 679 909 et
694 848 750 932 qui
760 846 869 931 potius
883 847 924 911 de
938 847 1086 912 formulis
1100 847 1162 913 liti-

67 945 180 1028 gabant,
203 945 458 1010 communicatio
483 965 559 1008 cum
582 944 622 1006 iis
641 965 707 1007 non
725 944 797 1028 jam
817 947 1070 1010 communicatio
1093 957 1164 1010 0101

68 1065 127 1106 cum
143 1043 331 1108 bominibus
347 1041 519 1105 manifeste
535 1041 719 1123 haereticis,
739 1063 801 1104 nec
815 1041 952 1128 proinde
968 1044 1162 1128 approbatio

68 1141 201 1206 haeresis.
216 1179 261 1189 -
276 1139 311 1204 Si
327 1140 482 1203 Liberius
496 1148 606 1203 autem
622 1138 868 1225 subscripsisset
881 1139 1040 1205 formulae
1050 1141 1162 1207 Sirmi-

67 1240 121 1304 ensi
135 1241 270 1326 primae,
286 1237 339 1302 vel
349 1236 498 1302 formulis
513 1237 675 1300 contentis
689 1238 723 1301 iu
734 1236 843 1302 libello
853 1261 874 1301 a
884 1237 1063 1304 sozomeno
1078 1261 1161 1304 com·

67 1347 236 1418 00001010,
252 1335 334 1400 nulli
349 1346 460 1400 tamen
474 1334 599 1398 haeresi
619 1333 872 1420 subscripsisset,
888 1357 989 1422 quum
1004 1336 1162 1402 formulae

65 1455 123 1498 eam
136 1457 199 1500 uon
216 1437 432 1514 continerent,
442 1431 610 1516 confidem
624 1431 815 1514 Nicaenam,
831 1434 888 1498 sed
903 1434 1085 1500 vocabalum
1094 1447 1162 1502 tau·

65 1545 118 1596 tum
138 1533 307 1616 aSynodo
322 1531 471 1596 Nicaena
487 1531 562 1618 jure
578 1529 771 1616 adoptatum
784 1529 990 1598 deseruisset.
1027 1533 1062 1600 Si
1084 1555 1161 1598 vero

64 1629 200 1694 Liberius
224 1631 324 1694 minis
356 1629 502 1711 adactus,
526 1628 721 1714 professioni
748 1628 826 1693 fidei
859 1651 937 1694 vere
967 1630 1161 1715 haereticae,

64 1729 99 1791 1111
121 1739 188 1792 0101
211 1727 354 1792 formula
370 1726 560 1793 Sirmiensis
583 1726 738 1808 secunda,
763 1727 1009 1814 subscripsisset
1032 1740 1064 1794 01
1087 1753 1162 1796 0010

63 1825 179 1890 Δ1110010
203 1826 390 1890 manifestis
423 1826 689 1889 communionem
719 1826 855 1910 iniisset,
886 1825 948 1891 hac
981 1829 1161 1895 1010000

62 1924 246 1990 ecathedra
269 1924 449 2006 docuisset,
465 1931 564 2008 atque
579 1921 670 1988 haud
689 1925 724 1986 in
747 1923 812 1988 fide
836 1923 985 1990 docenda
1008 1925 1064 1989 sed
1089 1949 1162 1990 con·

63 2020 167 2086 fiteuds
183 2021 370 2087 defecisset.
398 2021 531 2085 Etenim
547 2022 677 2106 privata
698 2030 788 2085 metu
811 2044 851 2087 ac
873 2026 908 2087 vi
931 2032 1059 2087 extorts
1079 2025 1162 2088 Pou-

63 2117 144 2184 tificis
166 2120 368 2205 subscriptio
392 2120 427 2183 in
463 2118 607 2204 aliquem
644 2141 796 2202 errorem,
816 2141 883 2184 000
907 2143 961 2186 000
984 2121 1163 2207 praesefert

64 2215 265 2301 characteres,
299 2218 356 2303 qui
389 2217 432 2282 ad
465 2217 666 2282 decisionem
698 2218 777 2282 fidei
800 2239 844 2282 ex
871 2218 1028 2284 cathedra
1051 2219 1162 2284 datam

63 2317 271 2400 requiruntur.
288 2353 330 2363 -
345 2313 519 2379 Caeterum
543 2317 654 2380 omnia
676 2315 759 2380 baec
782 2315 969 2382 nullatenus
992 2317 1162 2400 accidisse,

63 2412 290 2480 ltissertatioue
314 2423 425 2478 nostra
447 2412 620 2499 probatum
645 2437 714 2478 esse
739 2436 918 2480 censemus.
