2924 4818
540 496 567 550 u
585 493 755 552 mentiturus.
1156 505 1208 560 147

103 635 341 703 afflationis
374 638 704 722 muaesbsefidels'bus,
741 665 828 726 quem
864 644 1119 726 Deus-creavit,
1152 652 1208 734 qui

103 745 194 800 iumen
214 735 427 800 rationabiles
448 733 563 822 ⁸2qu)

177 833 230 898 53.
253 833 357 897 Initio
371 833 587 896 Pontificatus
601 832 770 898 Eleutheri
795 838 979 920 persecutio
995 839 1206 907 vehementer

102 929 264 1011 desueviit,
297 941 399 1015 etque
437 940 518 994 tunc
550 932 637 1015 possi
671 941 749 995 sunt
781 933 941 1020 Martyres
974 935 1203 1022 Lssqduueoces.

101 1027 210 1092 Scribit
232 1027 401 1092 Eusebius
434 1028 469 1090 in
491 1027 663 1091 Prooemio
695 1027 739 1092 od
761 1027 782 1092 l.
807 1028 853 1092 V:
887 1031 987 1116 lys'usr
1010 1029 1118 1098 Sotcre
1142 1037 1204 1099 Ro-

103 1149 199 1188 mame
220 1125 312 1188 orbis
335 1125 492 1209 Episcopo
510 1135 587 1210 post
613 1136 754 1188 octauum
777 1127 976 1212 episcopatus
999 1153 1116 1194 anuum
1138 1134 1205 1196 vito

95 1222 204 1306 functo,
235 1221 441 1285 duodecimos
472 1221 512 1284 ob
536 1221 699 1306 Apostolis
723 1221 908 1287 Eleum
939 1227 975 1288 io
1007 1231 1074 1317 ejus
1105 1227 1205 1293 loeson

101 1319 239 1382 mareu
288 1318 405 1381 Annus
434 1329 506 1380 truse
534 1317 685 1403 oyebatur
717 1320 867 1404 septimus
889 1321 1027 1387 decim
1048 1323 1206 1390 Antonini

107 1415 176 1478 Veri
233 1413 305 1488 sto
341 1425 476 1499 tempore
514 1439 581 1480 uem
612 1416 647 1478 iu
678 1415 842 1480 nonosdlis
875 1429 1029 1484 terranem
1054 1422 1205 1506 portibsss

101 1511 251 1576 solem
273 1513 429 1576 adversos
457 1522 580 1574 nostros
597 1515 774 1597 persecutio
798 1525 949 1578 commoto
978 1529 1057 1582 esset
1087 1541 1127 1582 cu
1155 1521 1203 1584 io-

100 1611 226 1674 corcione
245 1609 466 1696 popularium
490 1609 736 1674 innumerabiles
753 1633 856 1696 propo
878 1624 1037 1726 martyres
1049 1639 1111 1702 per
1133 1619 1202 1682 smi-

101 1729 204 1770 omuus
225 1708 334 1771 orbem
355 1707 517 1786 enituisse,
542 1729 582 1770 ex
604 1707 647 1769 iis
668 1730 748 1791 quoe
771 1709 806 1770 iu
829 1710 924 1772 onim
941 1713 1110 1795 provincio
1132 1734 1203 1776 cou-

100 1804 220 1887 ἄρα-νηί
241 1806 399 1894 conjicere
422 1813 477 1866 cst.
524 1803 612 1866 Dein
635 1803 735 1866 refert
759 1803 1040 1870 Commentarium
1069 1807 1109 1872 de
1132 1830 1203 1893 pus·

100 1901 176 1963 sione
191 1913 385 1984 martyrum,
410 1921 507 1984 quem
532 1900 690 1964 ecclesiae
705 1899 939 1984 Lugdunensis
955 1915 987 1966 et
1003 1903 1202 1968 Viennensis

99 1996 134 2059 sd
154 1997 308 2062 ecclesius
332 1995 434 2060 Asius
462 1996 693 2083 Phrygiaeque
721 1999 891 2064 miserunt.
943 1998 983 2064 Iu
1012 2000 1077 2065 illis
1100 2002 1202 2085 regio-

102 2091 186 2158 nibus
208 2093 343 2160 Galliae
373 2093 529 2158 videlicet
558 2104 652 2158 erunt
675 2095 768 2160 multi
800 2095 906 2160 coloni
931 2117 973 2160 ex
995 2096 1087 2178 Asis,
1112 2098 1202 2164 inde·

100 2210 153 2273 que
172 2192 330 2278 ireqnens
343 2211 420 2254 cum
435 2191 582 2255 ecclesiis
591 2191 691 2256 Asiae
715 2194 979 2259 communicatio.
1003 2233 1048 2242 —
1071 2195 1202 2261 Fideles

101 2283 213 2354 Gdlise
245 2297 410 2372 martyres
449 2290 549 2352 etiem
582 2289 623 2354 de
655 2290 866 2354 Montanistis
905 2312 1000 2354 suum
1035 2292 1201 2380 judicium

101 2387 249 2467 privatum
274 2385 441 2450 dederunt
463 2407 501 2450 eo
524 2397 684 2472 tempore,
713 2388 747 2450 in
771 2386 917 2472 epistolis
939 2387 982 2452 od
1005 2387 1147 2454 Asianos
1170 2400 1202 2454 et

100 2479 296 2548 Eleutherum
322 2483 376 2564 P.;
400 2481 482 2546 illud
505 2487 581 2546 cuin
605 2505 683 2546 vera
713 2483 778 2549 fide
809 2486 1030 2568 consentiens,
1053 2487 1201 2573 adeoque

99 2583 183 2644 errori
206 2581 358 2645 Montani
382 2581 578 2664 oppositum,
602 2580 766 2644 Eusebius
790 2580 880 2645 dicit.
916 2581 984 2646 Iste
1008 2583 1049 2648 de
1071 2607 1106 2647 re
1129 2607 1200 2669 pro·

100 2673 235 2742 bsbiliter
257 2680 362 2741 etiam
385 2697 462 2740 cum
484 2676 662 2741 Eleuthero
687 2679 754 2761 egit
777 2675 810 2742 S.
828 2679 988 2758 Ireooeos,
1011 2689 1092 2744 tunc
1114 2701 1200 2764 pres·

100 2769 181 2855 bytcr
201 2775 373 2842 Ecclesiae
397 2765 639 2857 Lugdunensis,
664 2782 697 2837 et
718 2775 761 2839 ob
784 2774 848 2839 bac
871 2774 1010 2841 Romam
1033 2776 1077 2840 ed
1104 2776 1200 2841 Eleu·

100 2867 211 2936 iberum
234 2875 356 2936 missus
388 2871 426 2934 ob
458 2871 612 2956 quosdam
643 2873 849 2956 quaestiones>
883 2873 930 2934 uti
958 2874 1005 2936 eit
1027 2873 1060 2938 S.
1083 2874 1198 2939 Hiero·

100 2989 202 3050 uymus
234 2971 268 3033 in
304 2967 461 3052 catologo
494 2968 708 3053 Scriptorum.
754 2969 879 3034 Romae
908 2978 988 3034 tunc
1011 2971 1111 3034 etiem
1137 2971 1198 3036 He·

99 3067 228 3151 ocsippru
253 3064 414 3149 degebat3
439 3065 572 3130 Rhodon
596 3067 649 3129 vir
663 3064 872 3130 doctissimus
895 3076 1045 3150 praeerat
1059 3066 1198 3133 Sebolse

100 3159 127 3224 S.
154 3162 285 3243 Justini,
319 3172 419 3247 atque
441 3161 655 3247 Appollonius
686 3170 816 3226 senator
848 3161 1047 3228 christianus
1075 3168 1198 3250 pariter

100 3253 232 3324 doctrine
255 3257 449 3323 excellebat.
474 3257 540 3323 Sed
563 3258 707 3323 schisma
730 3281 769 3322 ee
792 3268 899 3322 estete
922 3259 988 3322 duo
1011 3260 1195 3345 presbyteri

101 3351 206 3419 Romae
228 3358 427 3436 excitarunt,
451 3355 581 3420 Blastos
604 3365 637 3420 et
660 3356 820 3433 florinus,
844 3355 926 3420 ulter
949 3358 983 3420 in
1007 3360 1198 3442 quaestione

100 3447 134 3512 de
153 3453 323 3534 Psscbete,
347 3452 430 3516 ulter
451 3451 684 3518 Gnosticorum
708 3473 831 3516 errores
855 3474 1004 3538 sequens.
1052 3453 1197 3542 Uterque

100 3545 134 3609 sb
154 3549 326 3615 fflcutbero
351 3549 518 3636 depositus
541 3553 706 3638 propriam
730 3559 852 3614 sectum
876 3548 1041 3616 fundavit.

174 3645 224 3712 54.
248 3648 328 3713 Mox
351 3667 410 3732 pro
433 3645 592 3730 religione
606 3647 783 3712 christiano
800 3655 928 3731 ternpus
953 3649 1045 3712 vonit
1057 3647 1195 3728 felicius,

101 3761 187 3823 quum
210 3745 322 3809 Murco
345 3743 480 3808 Amulio
513 3767 542 3809 a.
579 3745 642 3808 180
672 3744 863 3808 succederet
892 3743 979 3808 filius
1012 3744 1083 3830 ejus
1110 3741 1195 3808 Com·

104 3839 195 3904 nodos
230 3840 445 3928 (180-192).
506 3842 539 3906 Is
581 3843 670 3905 enim
718 3840 848 3905 influxu
878 3841 1084 3905 concubinae
1117 3864 1196 3905 suae

104 3931 238 4021 Murciae,
262 3961 347 4025 quse
362 3937 560 4003 Christianis
582 3939 726 4018 favebat,
743 3940 776 4002 in
801 3939 889 4023 ipsos
911 3959 947 4002 se
967 3937 1195 4021 benigniorem

106 4047 294 4066 *⁸²³*-

164 4095 181 4178 ¹)
197 4093 449 4152 heibermeis:
471 4095 525 4164 „Et
542 4095 590 4152 boc
609 4097 707 4151 iterum
726 4095 852 4161 firmavit,
871 4101 903 4150 ut
921 4096 998 4151 nulls
1015 4110 1076 4150 esce
1093 4097 1196 4151 modis

104 4163 449 4294 wumffiiffi:
454 4166 583 4232 fidelibus,
602 4181 681 4234 quom
698 4167 769 4220 Deus
787 4168 897 4232 cruorit,
916 4183 984 4234 quse
1003 4173 1093 4221 tumen
1111 4168 1196 4224 retio-

1033 4305 1090 4380 ἰο·
