2810 4846
238 473 290 525 nin
627 471 666 526 Da
686 469 802 526 Concilio
820 469 961 536 Ephesiae.

182 691 183 696 J
236 614 452 679 examinavit.
476 613 656 699 Rescriptis
678 613 794 678 litteris
809 613 1018 700 Apostolicae
1033 613 1128 680 Sedis
1151 615 1339 700 dignitatem
1389 637 1390 704 j

236 713 519 780 etauctoritatem
542 710 760 793 commendat,
794 712 1020 797 episcopisque
1043 713 1234 796 gratulatur,
1259 713 1340 799 quod
1389 763 1390 768 η

235 801 482 884 venerationem
506 811 540 872 in
573 831 646 873 eam
675 809 860 876 observent.
906 809 1042 874 Errores
1065 832 1143 876 vero
1165 810 1289 896 Pelagii
1311 823 1341 875 et
1389 799 1390 882 l

235 906 388 971 Coelestii
412 907 482 992 ejus
507 908 585 970 socii
611 906 784 972 damnavit
815 905 858 993 (a.
881 905 976 992 417),
1002 928 1120 992 eosque
1143 909 1249 974 donec
1271 911 1338 972 resi·
1389 907 1390 960 ἶ

234 1007 398 1090 piscarent
422 1007 653 1071 communione
668 1005 837 1070 Ecclesiae
851 1004 1000 1070 exclusit.
1046 1005 1169 1072 Scribit
1193 1006 1341 1070 videlicet
1389 1049 1390 1092 ,

234 1103 269 1166 in
293 1101 429 1187 epistola
453 1101 583 1189 (XXX)
607 1102 650 1167 ad
675 1100 860 1170 Concilium
884 1102 1131 1168 Milevitanum:
1163 1103 1268 1178 &aare
1290 1105 1339 1167 Pe·
1389 1123 1390 1170 ξ

235 1199 352 1286 logiam
377 1197 630 1286 Coelestiamqae,
654 1201 690 1264 id
706 1211 751 1264 est
765 1203 942 1264 leccatores
954 1223 1060 1264 siccam
1082 1223 1339 1286 assentaneus
1389 1227 1390 1240 ¹

234 1298 314 1374 meat
336 1297 421 1362 dicit
443 1297 614 1383 Apostolos
645 1297 873 1381 aedificationis
900 1298 989 1374 attii,
1014 1299 1069 1362 sed
1090 1302 1192 1386 magia
1215 1302 1338 1364 maassi-
1389 1291 1390 1353 i

233 1415 301 1458 -aaaa
317 1407 540 1459 consueuerant
549 1419 667 1481 parere
683 1397 896 1480 quaestiones,
912 1393 1123 1460 ecclesiactica
1137 1400 1340 1462 communione
1389 1417 1390 1480 i

213 1489 358 1578 'privata'
381 1490 550 1577 apostolici
571 1494 688 1578 viperis
702 1493 888 1556 auctoritate
912 1514 1075 1573 wasemes,
1100 1493 1200 1558 donec
1223 1495 1339 1580 resipis·

235 1599 307 1654 caat
338 1589 376 1651 de
408 1588 531 1654 diaboli
554 1589 693 1679 topacio,
718 1613 739 1654 a
769 1611 827 1675 qao
860 1591 980 1676 captiui
1011 1600 1154 1658 necator
1183 1591 1342 1656 &madeat
1389 1587 1390 1682 J

234 1687 336 1772 ipsias
358 1685 554 1765 volantatem,
579 1709 688 1772 eosque
716 1688 841 1752 interim
864 1687 1028 1752 Dominico
1052 1687 1130 1752 ovili
1151 1711 1218 1752 noa
1239 1689 1340 1772 recipi,
1389 1687 1390 1780 J

234 1784 316 1870 quod
338 1785 411 1869 ipsi,
431 1805 598 1869 perversae
622 1786 691 1848 oiae
705 1786 803 1848 cecati
817 1785 985 1861 tramitem,
1010 1784 1150 1850 deserere
1176 1783 1338 1850 samaa.

235 1881 428 1946 Abscideade'
451 1890 522 1945 caat
545 1883 626 1946 enim
650 1883 764 1967 qaioos
776 1881 977 1967 perturbant,
992 1893 1021 1946 et
1042 1882 1152 1948 soluat
1174 1895 1341 1948 cenam
1389 1915 1390 1990 J

235 1978 426 2064 eoaapeliam
452 1976 577 2044 Christi.
605 2018 643 2026 -—
668 1978 771 2043 Panlo
794 1989 867 2064 post
889 1978 1143 2063 Pelagianorum
1168 1979 1339 2046 damnatio-
1389 1995 1390 2054 l

235 2097 311 2140 nem
335 2075 546 2139 Innocentius
569 2075 723 2140 Pontifex
756 2075 798 2140 ad
821 2077 930 2140 Deum
954 2078 1118 2160 migravit,
1145 2078 1201 2142 die
1225 2077 1341 2144 scilicet

236 2174 431 2240 duodecima
454 2175 565 2238 Martii
588 2177 667 2238 anni
691 2177 766 2241 417.
1389 2245 1390 2284 J

67 2295 224 2338 enitamur.
325 2271 691 2338 31.ZosimusR.
716 2273 752 2336 P.
776 2295 806 2338 a.
830 2273 1017 2336 tlt-418.
1050 2273 1198 2336 —Jam
1222 2271 1273 2335 die
1295 2269 1340 2333 dc·
1389 2291 1390 2330 l

236 2371 320 2433 cimo
344 2379 461 2433 octavo
494 2369 605 2432 Martii
629 2370 779 2434 Zosimus
811 2371 944 2434 natione
976 2366 1123 2432 Graecus
1155 2369 1339 2433 Innocentio

236 2468 401 2532 suecessit.
447 2467 556 2552 Hujus
579 2467 690 2552 Papae
722 2468 932 2552 pontificatus
964 2466 1085 2550 brevis,
1109 2467 1170 2532 sed
1194 2465 1288 2532 rebus
1308 2466 1336 2526 io

236 2563 361 2648 Pelagii
386 2562 604 2650 Ooelestiique
628 2587 727 2630 causa
749 2566 849 2650 gestis
869 2567 948 2640 satis
972 2563 1110 2632 celebris
1134 2565 1210 2630 fuit.
1254 2563 1335 2628 lnno·

237 2664 344 2742 centio
368 2660 525 2725 videlicet
547 2671 684 2744 mortuo,
711 2661 890 2728 Coelestius
920 2663 1059 2727 Romam
1090 2661 1281 2747 properavit
1300 2657 1334 2721 ad
1389 2655 1390 2746 J

237 2748 412 2842 Zosimum,
448 2759 543 2844 eique
578 2760 684 2824 modis
719 2760 871 2825 omnibus
906 2759 1103 2846 persuadere
1127 2770 1265 2825 conatus
1286 2767 1335 2830 est,
1389 2769 1390 2810 Τ

237 2879 270 2920 se
287 2865 319 2920 et
333 2855 505 2939 Pelagium
529 2879 598 2920 esse
623 2857 818 2939 catholicos3
843 2857 1021 2942 plurimum
1046 2856 1086 2920 de
1099 2854 1336 2922 accusatoribus
1389 2879 1390 2946 i

236 2956 339 3042 ipsius
363 2963 395 3018 et
407 2951 534 3037 Pelagii
558 2977 598 3018 ac
613 2955 654 3018 de
669 2957 842 3041 praecipiti
857 2953 1092 3020 Africanorum
1115 2955 1151 3018 in
1167 2977 1202 3018 se
1220 2951 1336 3039 judicio
1389 2953 1390 3014 J

103 3075 157 3104 000⁸
170 3063 210 3104 ile·
237 3060 441 3138 conquestus,
466 3060 498 3115 et
521 3051 623 3116 multa
638 3051 680 3116 ad
700 3052 799 3118 fidem
815 3052 1012 3118 catholicam
1035 3052 1093 3117 sed
1115 3073 1184 3116 non
1209 3051 1250 3116 ed
1272 3071 1334 3112 cau·

236 3171 306 3214 sam
330 3157 534 3235 praesentem
567 3152 749 3235 spectantia
779 3151 953 3234 professus,
985 3150 1123 3231 addidit,
1148 3171 1184 3213 se
1208 3159 1334 3214 caetero·
1389 3179 1390 3218 i

236 3248 316 3333 quin
351 3247 583 3312 damnaturum
618 3269 702 3332 quae
738 3246 928 3332 Apostolioa
960 3246 1062 3311 Sedes
1097 3246 1333 3311 damnaret-
1389 3261 1390 3300 i

235 3346 408 3408 Praeterea
431 3345 560 3408 Zosimo
585 3344 712 3409 oblatus
736 3357 784 3409 est
807 3344 937 3410 libellus
959 3344 1095 3429 Pelagii,
1120 3346 1153 3408 in
1180 3365 1244 3430 qao
1266 3340 1332 3406 fidei
1389 3372 1390 3390 κ

236 3443 392 3529 professio
425 3441 662 3523 continebatur,
687 3465 727 3506 ac
759 3445 986 3508 necessitatem
1017 3444 1142 3526 gratiae
1167 3437 1335 3530 (ambiguis

237 3550 331 3603 utens
353 3537 477 3626 verbis)
502 3541 571 3624 ipse
601 3540 777 3604 videbatur
807 3541 962 3626 profiteri.
1008 3541 1151 3607 «lunatae
1182 3549 1272 3604 erant
1293 3535 1333 3598 lit·

236 3647 323 3702 terae
348 3637 635 3702 commendatitiae
655 3638 768 3721 Prayli
790 3639 934 3723 episcopi
950 3637 1251 3721 Hierosolymitani,
1274 3653 1333 3698 soc·
1389 3699 1390 3702 ,

237 3737 371 3800 cessoris
403 3735 551 3800 loannis.
598 3737 698 3800 Hisce
728 3737 882 3800 Pontifex
924 3745 1030 3800 motus
1062 3755 1242 3818 congruum
1271 3751 1334 3793 cen·
1389 3773 1390 3828 J

237 3833 311 3918 suit,
347 3832 457 3904 mitius
492 3855 568 3896 oum
592 3833 751 3898 Coelestio
787 3843 819 3898 et
842 3833 975 3918 Pelagio
999 3854 1105 3916 agere.
1151 3830 1334 3896 Nullatenas
1389 3829 1390 3900 ἶ

236 3931 370 4017 quidem
394 3930 576 3996 doctrinam
601 3953 699 4017 quam
723 3934 830 4016 reipsa
860 3929 907 3994 illi
931 3931 1087 3996 haeretici
1111 3926 1265 3994 tenebant
1285 3945 1332 4006 ap·
1389 3961 1390 4018 3

236 4029 398 4116 probavit,
414 4028 471 4092 sed
483 4050 607 4094 errores
621 4051 733 4097 eorum
748 4051 813 4096 non
824 4031 1000 4114 perspexit,
1015 4038 1113 4114 atquio
1129 4023 1330 4091 existimavit.
1389 4055 1390 4078 ι

237 4149 290 4210 eos
314 4128 423 4190 animo
448 4126 562 4190 saltem
586 4127 766 4192 catholicae
797 4127 965 4192 doctrinae
988 4125 1136 4196 addictos
1157 4145 1237 4200 esse,
1258 4130 1287 4184 et
1307 4117 1331 4178 si

236 4249 320 4314 quae
345 4229 514 4312 opiniones
538 4248 650 4290 eorum
673 4225 774 4290 falsae
797 4234 921 4307 essent,
946 4247 999 4290 sos
1023 4223 1112 4288 haud
1134 4218 1333 4307 pertinaciter
