2810 4846
468 444 579 500 Errores
597 443 769 514 Apollinaris.
1120 447 1173 504 ast

67 589 192 668 vinitas,
217 607 302 672 quae
325 595 434 650 mente
458 585 619 672 longeest
641 589 758 673 potior,
782 598 976 672 ocouparet;
1008 591 1056 654 sic
1078 593 1173 676 quasi

65 685 229 748 lucernam
262 683 425 768 adjungas
458 684 501 748 ad
533 683 644 750 solem.
690 684 735 748 Et
767 683 967 771 ubicumque
999 708 1092 750 mens
1115 687 1172 753 hu-

65 803 156 845 mana
189 789 405 862 statueretur,
431 781 586 846 censebat
620 781 666 846 ibi
697 780 735 846 τὸ
759 778 952 868 tacdae-pov,
977 783 1012 848 id
1036 797 1084 848 est
1101 809 1172 872 pec·

64 879 155 941 madi
170 887 373 964 potestatem,
398 880 505 944 inesse
538 889 695 964 oportere.
741 879 915 944 Praeterea
947 881 974 943 si
1004 879 1101 948 homo
1125 885 1172 948 in-

63 990 148 1061 teger
181 979 217 1040 in
251 974 380 1040 Christo
414 985 574 1062 ponatur,
608 977 762 1062 idemque
786 977 896 1058 Deus,
925 983 1171 1062 quaternarium
1212 1034 1214 1040 .

63 1095 233 1138 numerum
266 1074 301 1136 in
333 1073 530 1138 Trinitatem
563 1073 677 1138 invehi
712 1073 876 1140 credebat.
924 1073 1047 1140 Verum
1072 1069 1175 1143 etiam

63 1193 191 1234 earnem
215 1193 282 1235 non
314 1193 356 1234 ex
385 1171 423 1237 B.
448 1171 586 1255 Virgine
609 1171 758 1235 Verbum
791 1174 1015 1258 assumpsisse,
1049 1175 1105 1239 sed
1130 1199 1172 1238 ex

62 1268 144 1334 eaelo
162 1269 321 1348 attulisse,
347 1271 392 1332 ita
416 1281 452 1333 ut
475 1290 535 1354 per
548 1268 721 1353 Virginem
744 1279 872 1332 tantum
896 1273 1058 1351 transiret,
1073 1272 1188 1360 Apol·-

62 1366 169 1432 linaris
195 1365 375 1448 delirabat3
399 1367 546 1452 aliosque
571 1388 694 1430 errores
708 1365 852 1431 addebat
875 1389 956 1453 quos
979 1389 1170 1434 enumerare

61 1465 192 1549 longum
216 1473 274 1528 est.

141 1563 199 1626 47.
223 1561 359 1625 Errores
383 1561 584 1648 Apollinaris
607 1585 628 1626 a
655 1563 757 1626 variis
779 1561 933 1626 Patribus
958 1571 989 1628 et
1014 1561 1170 1630 Consiliis

62 1663 167 1746 rejecti
194 1669 280 1725 sunt.
319 1658 384 1724 Sed
408 1661 579 1723 occasione
602 1661 861 1746 impugnationis
884 1661 1001 1725 horum
1024 1683 1170 1728 errorum

62 1759 203 1822 haeresis
219 1757 275 1820 illa
297 1756 437 1820 formata
461 1767 519 1840 est,
544 1779 609 1843 qua
624 1757 748 1842 duplex
771 1758 975 1823 statuebatur
990 1763 1025 1826 in
1040 1759 1169 1824 Christo

62 1877 207 1940 persona,
232 1853 348 1918 divina
370 1853 482 1938 altera,
506 1855 609 1920 altera
632 1865 742 1918 autem
766 1855 921 1931 humana,
946 1858 1168 1921 intercedente

63 1957 139 2018 inter
162 1962 339 2038 utramque
363 1953 478 2017 morali
509 1953 641 2018 unione.
687 1953 863 2016 Diodorum
890 1953 1074 2020 Tarsensem
1097 1977 1169 2019 eam

62 2052 254 2116 sententiam
288 2052 504 2134 excogitasse,
529 2051 561 2116 S.
596 2049 739 2135 Cyrillus
771 2049 1018 2116 Alexandrinus
1049 2053 1168 2136 tradit3

62 2149 110 2212 sed
133 2150 221 2214 sorte
245 2169 311 2212 non
335 2150 414 2212 satis
430 2149 597 2213 Diodorus
620 2149 788 2234 perspexit
802 2149 948 2212 funestas
971 2171 1169 2236 consequen-

61 2249 115 2310 tias
146 2246 226 2311 talis
260 2245 447 2327 doctrinae,
481 2267 542 2309 nee
583 2246 738 2310 distincto
772 2245 868 2310 modo
902 2269 975 2312 eam
1008 2249 1167 2333 concepit.

10 2381 11 2410 t
61 2343 129 2410 Post
144 2365 225 2408 eum
249 2363 326 2406 vero
348 2344 419 2429 ejus
442 2343 624 2429 discipulus
644 2343 825 2408 Theodotus
846 2345 1010 2430 episcopas
1023 2346 1168 2431 Mopsus.

10 2433 11 2504 ?
61 2445 131 2508 stiae
155 2441 203 2530 (a.
229 2439 308 2527 392)
328 2443 473 2526 apertius
487 2441 649 2526 ejusmodi
674 2463 798 2532 errores
820 2443 1000 2526 proposuit.
1047 2441 1169 2506 Contra

62 2541 309 2626 Apollinaristas
325 2538 481 2603 videlicet
505 2560 606 2624 quum
621 2539 802 2624 perfeetum
817 2538 985 2602 hominem
1000 2537 1168 2602 Christum

60 2637 151 2702 fuisse
177 2635 279 2700 vellet
301 2657 454 2718 asserere,
479 2634 568 2701 haud
592 2636 687 2701 aliter
707 2635 797 2700 illam
820 2638 1054 2722 perfectionem
1078 2635 1169 2701 intel-

61 2733 142 2817 lexit,
177 2734 244 2800 nisi
278 2745 315 2798 ut
347 2743 505 2798 statueret
540 2755 715 2818 personam
749 2735 929 2798 humanam
962 2733 1168 2818 completam,

62 2835 106 2896 eui
127 2833 336 2920 protectione
360 2842 392 2896 et
415 2833 521 2916 gratia
538 2833 630 2895 unita
654 2842 739 2896 esset
760 2853 901 2918 persona
915 2830 1018 2894 Verbi
1043 2831 1168 2896 divina.

10 2963 11 2982 κ
62 2929 253 2995 accuratius
295 2946 372 2993 vero
408 2928 494 2993 hano
537 2932 732 2994 sententiam
774 2930 910 2994 inferius
950 2949 1169 3014 exponemus;

61 3049 149 3112 quam
184 3025 343 3090 videlicet
374 3025 567 3091 Theodorus
598 3027 836 3112 praeformavit
868 3027 1066 3108 doctrinam,
1091 3047 1169 3090 mox

63 3124 226 3190 Nestorius
249 3133 360 3208 aperte
384 3125 592 3209 praedicavit
615 3135 647 3188 et
670 3147 852 3212 propagare
875 3127 967 3188 nisus
991 3134 1048 3187 est.

137 3225 193 3288 ts.
221 3223 391 3286 Nestorius
421 3221 633 3288 Germanicia
664 3223 821 3287 oriundus
852 3221 1009 3308 oppidulo
1042 3221 1168 3306 Syriae,

62 3323 153 3386 variis
176 3323 362 3407 peragratis
386 3323 583 3406 provinciis,
609 3331 645 3384 ut
669 3319 784 3384 scribit
805 3321 1031 3386 Theodoretus
1055 3319 1169 3406 (Haer-

60 3417 93 3482 L.
122 3419 182 3484 IV.
216 3439 244 3482 c.
271 3417 336 3504 12),
362 3417 562 3483 Antiochiae
595 3419 730 3483 tandem
753 3417 884 3482 resedit.
932 3418 1007 3498 Qua
1031 3420 1064 3482 in
1088 3416 1170 3482 urbe

60 3511 245 3580 liberalibus
269 3515 394 3582 artibus
419 3516 628 3581 mediocriter
656 3516 804 3580 eruditus
827 3516 993 3580 curandae
1016 3537 1169 3580 exercen-

64 3611 183 3699 daeque
210 3615 283 3678 voci
308 3616 513 3700 potissimum
535 3635 668 3700 operam
684 3613 785 3694 dedit,
810 3635 893 3700 quae
917 3623 1035 3678 natura
1058 3615 1170 3678 suavis

60 3719 87 3772 et
108 3709 195 3776 clara
220 3711 267 3775 illi
292 3713 408 3778 inerat.
455 3713 673 3776 Monasticam
705 3713 807 3774 vitam
831 3710 999 3796 aliquanto
1022 3725 1169 3796 tempore

62 3811 238 3892 professus,
270 3809 313 3874 ab
346 3809 409 3874 hoo
433 3811 581 3874 instituto
612 3809 654 3873 ad
680 3807 804 3872 clerum
828 3807 1003 3872 translatus
1027 3817 1060 3871 et
1081 3831 1169 3894 pres-

60 3901 146 3988 byter
168 3908 275 3972 factus
300 3917 358 3989 est,
382 3907 477 3993 eique
501 3907 589 3993 quod
606 3925 754 3970 sermone
777 3915 949 3992 promptus
974 3917 1006 3969 et
1029 3905 1169 3970 disertus

61 4014 144 4085 esset,
178 4003 319 4069 docendi
354 4004 468 4090 populi
505 4027 624 4068 munus
657 4003 854 4089 injunctum.
912 4002 1011 4083 Quod
1043 4002 1169 4067 illesic

61 4101 159 4183 gessit,
184 4112 222 4164 ut
243 4101 433 4166 auditorum
450 4102 591 4166 utilitate
607 4099 757 4186 neglecta
776 4101 890 4188 populi
905 4101 1055 4165 favorem
1079 4099 1168 4187 plau·

63 4215 189 4283 sumque
220 4198 432 4284 cupidissime
463 4209 626 4286 captaret,
659 4199 702 4263 ad
726 4199 826 4284 idque
850 4197 985 4264 dicendi
1008 4220 1112 4282 genus
1136 4209 1169 4263 et

113 4325 239 4376 lunser.
257 4327 431 4368 Dissertationes.
462 4327 521 4368 Tem.
539 4326 563 4368 ll.
1027 4305 1061 4358 Ῑὸ

1214 3248 1306 3290 Nestorii

1221 3310 1290 3352 initia.
