2900 4800
210 451 267 504 490
588 449 627 503 De
645 462 728 502 eausa
745 446 859 501 Honorii
877 445 909 502 R
928 447 959 502 P.

213 593 380 672 arrideret,
414 593 502 658 dicit
523 601 584 656 eto.
608 629 651 638 —
678 591 798 674 „Porro
831 591 868 654 in
899 589 1130 676 componenda
1162 589 1335 677 praedicta

214 691 354 758 Honorii
383 689 566 776 Apologia,
590 688 734 754 advertit
761 689 1001 772 Bcttemaune,
1026 689 1167 774 scriptor
1194 710 1262 754 nou
1284 687 1332 752 lit·

214 799 299 856 teras
326 788 426 875 hujus
448 786 619 854 Pontificis
648 807 728 872 prae
752 785 856 852 oculis
878 785 1052 868 habuisse,
1075 786 1134 852 sed
1166 809 1262 851 suam
1281 807 1334 872 po·

215 888 280 952 tius
309 886 510 952 consuluisse
534 883 668 950 videtur
694 885 905 967 memoriam,
930 884 1021 970 quod
1054 884 1149 950 nobis
1172 885 1333 950 rationem

216 984 352 1070 praebet
374 983 570 1069 suspicandi
588 981 727 1046 Honorii
751 981 876 1048 litteras
900 1003 938 1046 eo
958 982 1030 1067 jam
1053 993 1200 1068 tempore
1225 984 1260 1046 in
1275 982 1335 1046 Ro·

216 1103 334 1148 manae
358 1081 516 1146 ecelesiae
539 1079 702 1146 tabulario
726 1079 868 1166 amplius
891 1101 958 1148 non
982 1081 1155 1144 exstitisse.
1188 1081 1336 1148 Joannes

216 1181 306 1244 euim
329 1179 452 1262 abbas,
476 1180 618 1244 Joaunis
648 1199 755 1266 papae
779 1179 912 1242 nomine
945 1178 1033 1243 hanc
1056 1176 1205 1244 scribens
1228 1177 1335 1264 apolo-

215 1279 325 1362 giam,
350 1298 459 1343 nonne
483 1278 555 1363 ipsa
569 1277 710 1344 Honorii
725 1275 883 1361 epistolae
897 1299 918 1340 a
932 1297 967 1340 se
989 1276 1105 1340 itidem
1130 1279 1337 1363 conscriptae

217 1375 322 1440 verba
352 1374 511 1460 allegare,
545 1396 654 1440 noune
685 1374 730 1438 ad
762 1396 802 1438 ea
834 1372 995 1438 catholice
1027 1373 1227 1460 explicanda
1258 1397 1339 1440 suaa

179 1543 182 1548 ,
217 1473 510 1558 argumentationis
534 1474 671 1555 seriem,
704 1492 801 1536 suum
830 1471 1007 1536 verborum
1031 1481 1222 1536 contextum
1247 1473 1338 1538 invo-

218 1593 293 1636 care
316 1570 499 1653 debuisset,
523 1573 549 1636 si
582 1570 647 1636 hoo
668 1570 779 1636 lacere
806 1569 990 1656 potuisset?
1028 1569 1193 1634 Potuisset
1215 1579 1339 1652 autem,

219 1671 246 1736 si
269 1669 451 1734 litterarum
484 1667 711 1756 apographum
745 1689 782 1734 eo
814 1678 961 1753 tempore
991 1667 1116 1732 Romae
1150 1670 1343 1734 exstitisset.

220 1766 266 1831 At
280 1765 472 1832 methodum
497 1775 627 1830 secutus
659 1775 708 1830 est
731 1766 768 1831 in
790 1787 850 1830 sua
869 1765 1021 1850 apologia
1043 1765 1142 1851 plane
1158 1765 1343 1830 diversum.

219 1863 385 1950 Neglectis
408 1867 497 1929 euim
525 1864 682 1946 Houorii,
702 1865 852 1950 quinimo
871 1865 899 1928 si
924 1865 971 1928 ita
995 1863 1106 1928 dicere
1129 1863 1179 1927 fas
1202 1873 1262 1945 est,
1287 1885 1345 1928 ue·

220 1962 335 2050 glectis
359 1964 409 2028 sui
434 1963 540 2048 ipsius
561 1961 690 2042 verbis,
715 1959 873 2045 neglectis
893 1962 1178 2045 argumentatione
1200 1983 1243 2026 ac
1266 1983 1345 2026 oon·

221 2070 314 2126 textu
348 2059 525 2146 epistolae,
558 2059 755 2127 catholicam
784 2059 825 2126 dc
854 2057 977 2124 Christi
1000 2059 1138 2124 Domini
1170 2058 1347 2124 voluntate
1448 2061 1449 2116 i

222 2159 407 2226 doctrinam
422 2157 616 2244 simpliciter
631 2159 787 2243 exponit,
812 2158 909 2243 eique
924 2158 1123 2243 expositioni
1139 2157 1224 2221 haec
1239 2158 1348 2223 verba
1448 2187 1449 2210 κ

222 2266 350 2324 tautum
375 2255 565 2341 subjungit:
604 2254 781 2322 &aradum
802 2257 882 2320 hono
909 2255 1006 2339 igitar
1028 2254 1154 2320 modum
1178 2253 1349 2320 Honorius

223 2355 385 2442 scopam
409 2354 613 2440 dipnosoitor.
647 2393 690 2402 --
722 2354 838 2438 Longe
870 2352 966 2418 aliter
996 2352 1076 2418 feeit
1103 2351 1136 2418 S.
1161 2351 1346 2434 Maximus,

223 2454 280 2539 qui
313 2462 346 2516 et
378 2454 448 2538 ipse
475 2452 616 2517 Houorii
651 2451 876 2518 defensionem
908 2449 1069 2516 adversus
1100 2450 1347 2516 Monotheletas

224 2549 436 2636 suscepit“¹).
460 2589 503 2597 —
526 2549 643 2629 „Patet
657 2550 862 2634 inspicienti,
877 2548 911 2616 S.
926 2549 1127 2630 Maximum,
1152 2547 1350 2635 apographo

224 2670 282 2736 per
304 2649 447 2730 amicos,
471 2669 553 2734 quos
575 2645 675 2714 OPoli
698 2646 844 2712 habebat
877 2649 940 2733 ipsi
964 2647 1175 2728 transmisso,
1201 2647 1345 2732 priorem

225 2747 363 2812 Honorii
387 2747 559 2832 epistolam
592 2746 702 2834 (eujus
726 2746 904 2810 sententias
936 2743 1120 2830 percurrit),
1145 2745 1181 2809 in
1205 2745 1347 2808 consori-

225 2844 343 2910 beudis
366 2843 409 2910 ad
425 2845 592 2910 Marinum
615 2843 733 2909 litteris
756 2865 835 2928 pree
850 2841 954 2908 oculis
977 2841 1143 2908 habuisse.
1167 2841 1349 2906 Praeterea

226 2965 268 3006 ex
292 2942 362 3028 ejus
385 2942 505 3026 agendi
529 2943 667 3023 ratione,
691 2963 758 3027 qua
772 2943 807 3006 iu
821 2943 952 3026 privata
971 2939 1015 3006 ad
1038 2941 1183 3006 amicum
1207 2939 1349 3026 epistola

226 3041 410 3106 Honorium
442 3039 622 3106 defendens
655 3041 734 3124 ipsis
766 3038 864 3124 hujus
895 3037 1067 3106 Pontificio
1099 3037 1211 3102 verbis
1247 3048 1350 3122 atque

226 3140 511 3224 argumentatione
542 3139 664 3220 utitur,
683 3138 760 3223 jure
790 3138 906 3202 merito
931 3135 1134 3216 conficimus,
1159 3157 1224 3200 nec
1247 3135 1349 3201 Joau·

227 3257 304 3302 uem
326 3233 375 3299 IV
400 3237 434 3300 in
458 3238 527 3300 suis
549 3235 593 3300 ad
615 3237 851 3321 Imperatorem
884 3233 1002 3298 litteris
1029 3231 1118 3298 huuc
1142 3231 1351 3298 defensionis

228 3333 365 3400 modum
388 3333 615 3418 neglecturum
638 3333 754 3412 fuisse,
779 3335 805 3398 si
837 3331 1050 3420 epistolarum
1073 3330 1216 3395 Honorii
1240 3351 1349 3394 exem·

228 3431 300 3519 plur
323 3431 549 3518 apographum
573 3431 683 3496 adhuc
706 3431 831 3496 Romae
854 3427 1099 3514 exstitisset“²).

318 3529 372 3596 50.
396 3529 483 3596 Illud
516 3530 594 3596 dein
627 3531 706 3594 satis
738 3531 859 3594 mirum
892 3528 1038 3614 profecto
1069 3537 1133 3608 est,
1167 3547 1188 3589 a
1218 3525 1252 3592 S.
1279 3523 1349 3588 hla-
1447 3585 1448 3594 ,

229 3631 319 3694 ximo
354 3630 388 3693 in
421 3627 559 3716 epistola
591 3627 634 3694 ad
655 3627 822 3692 Marinum
847 3649 890 3692 ex
910 3625 1078 3692 Anastaeii
1108 3622 1266 3690 relatione
1297 3641 1347 3684 aa·

231 3729 313 3810 seri,
341 3727 506 3794 Joaunem
539 3725 694 3792 abbatem
726 3747 883 3809 negasse,
913 3725 1007 3790 sein
1040 3721 1180 3808 epistola
1208 3717 1346 3786 Honor-ii

233 3827 275 3890 ad
300 3825 452 3910 Sergium
485 3845 602 3888 vocem
633 3847 729 3890 onom
757 3823 949 3888 voluntatem
971 3843 1030 3907 per
1060 3839 1235 3886 numerum
1257 3815 1348 3882 adhi-

231 3924 353 3990 buisse.
400 3921 557 3988 Attamen
589 3921 672 3988 haec
704 3921 807 3986 verba
835 3943 951 3986 revera
978 3921 1014 3984 iu
1038 3917 1175 4005 epistola
1199 3913 1348 3982 Honorii

233 4023 282 4085 uti
315 4043 405 4086 nuno
443 4029 570 4102 exstat,
608 4021 834 4086 inveniuntur.
885 4017 984 4084 Unde
1026 4039 1070 4082 ex
1110 4015 1201 4082 hisce
1239 4011 1350 4100 plures

309 4231 529 4300 uhapffi
918 4229 1139 4300 &hapa
