2876 4814
233 495 286 550 9011
697 493 738 550 De
755 495 781 551 S.
800 492 940 563 Cypriane.

233 639 337 719 cilice,
361 652 392 704 et
421 639 515 704 malti
544 641 696 727 martyrio
728 641 872 704 cmmsoti
900 649 973 704 sunt
989 661 1052 726 per
1074 643 1141 730 cytis
1163 639 1353 705 doctrinam

235 737 309 817 Quo
333 739 519 822 pertineant
542 759 581 802 ea
604 760 688 824 quae
712 739 750 802 de
768 739 900 824 patenis
923 739 1080 825 argenteis
1105 736 1160 802 hic
1183 737 1352 820 dicuntur,

234 836 384 920 superius
403 836 474 922 jam
498 835 655 901 vidimus.
702 836 787 900 Acta
811 857 890 899 vero
918 837 1068 920 martyrii
1092 835 1149 901 SS.
1174 835 1352 919 Caeciliae,

235 931 403 998 Valeriani
427 941 459 996 et
482 933 625 997 Tiburtii
659 935 729 1020 ejus
761 934 885 1016 fratris,
911 934 1020 1020 quoad
1043 933 1263 999 substantiam
1287 957 1352 998 me·

235 1033 296 1094 rito
320 1041 496 1094 censentur
518 1030 675 1096 veridica.
721 1031 899 1096 Existimat
921 1042 1033 1096 tamen
1056 1031 1109 1096 De
1137 1031 1244 1114 Rossi,
1270 1032 1353 1096 illud

236 1130 426 1212 martyrium
470 1129 630 1193 accidisse
671 1129 732 1194 sub
773 1130 885 1194 Marco
922 1129 1057 1213 Aurelio
1095 1152 1124 1194 a.
1164 1130 1353 1214 176-117,

234 1227 382 1312 adeoque
405 1247 471 1290 non
504 1226 638 1291 sedente
671 1227 703 1293 S.
729 1227 863 1292 Urbano
887 1227 989 1314 Papa¹
1034 1227 1132 1291 Illum
1165 1249 1245 1292 vero
1271 1231 1354 1314 epis-

235 1345 354 1409 copum
378 1323 550 1388 Urbanum
575 1327 630 1411 qui
656 1327 689 1389 in
714 1328 795 1390 actis
819 1325 852 1390 S.
877 1324 1041 1390 Caeciliae
1065 1337 1353 1408 commemoratur,

235 1443 305 1486 esse
329 1422 430 1486 alium
455 1422 632 1507 quemdam
647 1425 836 1510 episcopum
853 1423 1037 1504 Urbanum,
1061 1423 1118 1508 qui
1142 1442 1180 1486 eo
1204 1432 1354 1509 tempore

236 1520 374 1583 Romam
397 1533 542 1585 venerat.
567 1521 662 1584 Ratio
686 1531 806 1602 autem,
838 1543 897 1584 cur
919 1521 971 1584 De
994 1521 1087 1584 Rossi
1113 1532 1248 1584 censeat
1271 1543 1353 1585 mar·

235 1619 358 1702 tyrium
382 1617 415 1683 S.
440 1616 605 1682 Caeciliae
628 1618 718 1682 haud
745 1619 905 1683 accidisse
929 1617 990 1682 sub
1014 1617 1209 1703 pontificatu
1234 1619 1269 1685 S.
1294 1619 1354 1684 Ur·

235 1715 314 1780 bani
338 1737 376 1780 ea
400 1725 458 1798 est,
483 1717 571 1802 quod
594 1725 673 1781 tunc
696 1717 857 1801 regnabat
879 1715 1070 1780 Alexander
1093 1714 1238 1780 Severus
1256 1715 1353 1800 Imp,

235 1815 292 1899 qui
308 1813 505 1878 Christianis
537 1815 663 1878 amicus
696 1813 811 1901 erat.¹)
856 1813 931 1886 Non
964 1813 1126 1878 immerito
1158 1823 1273 1878 tamen
1298 1813 1353 1877 alii

235 1912 356 1976 eruditi
370 1911 649 1994 animadvertunt,
665 1913 818 1998 quamvis
832 1911 1024 1977 Alexander
1037 1911 1238 1976 Christianis
1262 1911 1352 1975 haurd

236 2009 390 2074 molestus
414 2020 508 2092 esset,
533 2009 749 2075 nihilominus
779 2010 983 2095 singularum
1006 2029 1222 2096 personarum
1246 2031 1354 2094 perse-

235 2109 382 2171 cutiones
405 2107 502 2170 facile
526 2107 675 2172 accidere
708 2109 852 2193 potuisse
884 2131 944 2194 per
966 2107 1158 2193 praefectos,
1181 2129 1290 2193 quum
1313 2107 1354 2170 le·
1430 2161 1431 2194 ,

234 2226 292 2289 ges
315 2225 444 2290 semper
467 2215 576 2268 essent
563 2203 788 2270 tChristianis
811 2203 955 2271 hostiles.
993 2201 1134 2269 Turcius
1154 2203 1354 2268 Almachius
1430 2205 1431 2284 1

235 2312 345 2366 autem
369 2303 460 2366 urbis
483 2303 668 2388 praefectus
693 2314 725 2368 et
749 2304 911 2389 Ulpianus
930 2301 1185 2390 jurisconsultus
1209 2301 1352 2366 celeber·
1430 2291 1431 2375 l

234 2401 379 2464 rimuse
380 2401 601 2486 tpraefectus
632 2404 795 2486 praetorio
820 2423 923 2488 usque
953 2401 1049 2466 ada.
1074 2400 1149 2482 226,
1174 2421 1239 2513 quo
1265 2422 1352 2464 anno

235 2499 363 2562 occisus
395 2509 453 2579 cst,
479 2497 676 2563 Christianis
709 2499 829 2564 infensi
862 2497 999 2584 erant2).
1025 2499 1118 2563 Haec
1140 2500 1259 2585 paucis
1283 2497 1354 2562 atti·

234 2597 321 2680 gisae
345 2597 498 2662 sufficiat.

323 2695 354 2761 5.
380 2693 555 2760 Caeterum
569 2697 750 2780 generatim
767 2693 1030 2759 Christianorum
1045 2705 1149 2759 status
1167 2693 1231 2758 hac
1246 2704 1354 2758 aetate
1429 2699 1430 2704 ’

235 2793 313 2856 satis
337 2803 473 2878 pacatus
502 2793 574 2858 fuit.
620 2792 698 2856 Post
721 2792 838 2856 duram
871 2791 1026 2856 videlicet
1057 2793 1119 2858 sub
1143 2793 1267 2859 Severo
1291 2791 1353 2856 Im·
1429 2833 1430 2850 .

235 2901 384 2976 peratore
422 2892 684 2976 persecutionem
723 2889 838 2955 divina
870 2889 1084 2955 Providentia
1123 2889 1353 2977 tranquilliora

236 2999 383 3075 tempora
415 2989 584 3052 Ecclesiae
618 2987 796 3052 destinavit
828 2987 889 3052 sub
927 2987 1108 3068 Caracalla,
1141 2990 1197 3074 qui
1231 3011 1262 3054 a.
1289 2989 1349 3052 211

236 3109 302 3150 una
326 3087 524 3150 cumfratre
548 3106 606 3149 suo
630 3085 715 3151 Geta
738 3088 822 3172 patri
854 3085 976 3152 Severo
1005 3089 1039 3150 in
1063 3088 1201 3172 imperio
1226 3109 1353 3150 succes·

236 3187 287 3251 sit.
335 3183 523 3266 Caracallo,
563 3185 620 3269 qui
658 3184 735 3248 dein
772 3184 905 3248 fratrem
943 3184 1082 3268 occidit,
1122 3206 1243 3270 magna
1277 3205 1352 3248 cum

236 3283 374 3348 saevitia
398 3283 572 3368 imperium
596 3285 712 3366 gessit3
737 3291 893 3364 attamen,
926 3281 1015 3368 quod
1038 3284 1159 3347 mirum
1182 3293 1241 3365 cst,
1266 3305 1353 3367 gras·

236 3382 320 3445 santi
345 3383 379 3444 in
395 3379 599 3444 Christianos
622 3381 841 3466 persecutioni
871 3379 1007 3444 modum
1030 3381 1149 3466 posuit,
1173 3403 1353 3466 omnesque

236 3479 359 3561 exules,
404 3479 642 3564 cujuscumque
685 3479 731 3542 rei
776 3479 917 3542 incusati
964 3501 1003 3542 ac
1044 3477 1353 3565 quomodocumque

236 3587 344 3642 essent
368 3576 525 3659 damnati,
549 3577 701 3641 restituit.
747 3575 799 3641 Ob
833 3575 968 3640 feralem
1001 3577 1174 3642 saevitiam
1198 3575 1353 3641 omnibus

236 3678 364 3740 invisus
395 3673 566 3738 Caracalla
589 3696 675 3738 anuo
708 3675 914 3760 principatus
938 3675 988 3738 sui
1017 3683 1108 3738 sexto
1134 3672 1238 3762 (217),
1263 3695 1352 3738 man·

236 3774 313 3838 dato
341 3773 483 3836 Macrini
522 3773 676 3857 praetorii
710 3771 878 3858 praefecti,
912 3781 1048 3836 necatus
1087 3781 1145 3836 est.
1202 3769 1352 3857 Arripuit

237 3873 402 3936 Macrinus
435 3872 620 3956 imperium,
654 3870 712 3934 sed
744 3868 845 3933 altero
878 3892 966 3934 anno
999 3893 1018 3936 a
1047 3869 1207 3934 militibus
1230 3869 1353 3954 pariter

236 3980 285 4034 est
308 3971 445 4034 occisus.
492 3969 533 4032 lli
568 3969 725 4032 successit
756 3969 936 4032 Bassianus
972 3969 1080 4033 dictus
1114 3965 1351 4052 Heliogabalum,

312 4193 332 4260 ¹)
350 4192 390 4244 De
409 4190 495 4253 Rossi,
515 4191 600 4244 ltonra
618 4196 787 4244 sotterrauea
806 4189 842 4243 ΙΙ.
862 4191 896 4243 52
915 4207 979 4258 sqq,
999 4191 1050 4244 147
1070 4207 1125 4258 sqq.

310 4275 333 4339 ¹)
352 4270 385 4324 V.
404 4269 512 4324 Schrtdl
532 4269 549 4325 1.
570 4287 592 4325 c.
611 4285 636 4338 p.
657 4271 708 4323 205
727 4285 782 4336 sqq.
