2766 4836
406 492 526 560 &nodus
542 492 694 549 sirmiensis
712 496 806 564 prims.
1124 499 1159 552 el

63 647 132 716 sont
146 647 179 700 et
193 637 294 700 etiam
304 637 340 700 in
348 635 529 701 Occidente
538 635 719 702 Niosenam
735 637 833 702 fidem
844 647 876 702 et
885 640 1163 707 consubstantialis

63 734 282 818 professionem
304 732 495 798 subvertere
519 734 724 800 studuerunt.
756 773 800 784 —-
831 735 931 801 Anno
954 737 1019 802 352
1042 736 1096 802 die
1122 741 1162 804 12

62 831 170 918 Aprilis
194 831 279 896 obiit
302 831 335 898 S.
350 830 460 898 Julius
474 832 638 914 Pontifex,
664 835 719 918 qui
744 855 865 919 magna
889 857 965 898 curn
989 835 1162 920 vigilantia

62 941 87 992 et
112 931 296 994 constantia
325 928 542 994 orthodoxam
572 930 671 994 fidem
705 931 944 997 vindicaverat.
997 933 1162 998 Successit

62 1028 89 1090 in
108 1027 225 1092 Sedem
249 1025 474 1114 Apostolicam
504 1026 596 1092 brevi
625 1039 698 1114 post
721 1029 874 1094 Liberius.
920 1029 1033 1094 Novae
1064 1031 1164 1115 igitur

61 1123 247 1190 Arienomn
282 1124 397 1190 turbae
437 1134 470 1190 et
510 1136 647 1190 eventus
687 1149 799 1192 aarum
840 1129 1011 1192 occasione
1044 1149 1162 1192 memo·

60 1223 140 1288 randi
165 1224 200 1288 in
224 1223 325 1309 hujus
360 1222 528 1288 Pontificio
555 1233 703 1310 tempora
731 1225 895 1307 incidunt,
924 1234 1022 1310 atque
1049 1246 1161 1290 eorum

60 1323 208 1406 expositio
234 1322 383 1386 intimius
411 1323 554 1386 nectitur
581 1333 655 1388 cuin
694 1323 906 1408 inquisitione
929 1322 971 1387 de
994 1323 1087 1410 lapsu
1111 1324 1161 1388 Le

59 1417 128 1482 terii
157 1419 332 1502 Pontificio.
365 1417 475 1505 Hujus
497 1421 699 1506 quaestionis
729 1441 867 1486 examen
893 1421 966 1506 jam
993 1421 1162 1487 instituere

59 1518 214 1583 convenit.

577 1823 636 1892 11.

94 1954 163 2018 De
188 1956 434 2036 supposito
462 1957 605 2036 lapsos
632 1955 817 2020 Liber-ii
845 1955 1118 2040 Pontifices.

134 2095 192 2160 46.
216 2095 360 2158 &amco
374 2095 413 2158 de
428 2094 548 2161 moeris·
562 2095 656 2180 lapsu
675 2096 721 2158 ita
736 2096 953 2178 instituemus,
970 2107 1006 2162 ut
1020 2100 1164 2183 primum

59 2213 103 2254 eos
124 2213 334 2278 exponamus
357 2203 506 2274 eventus,
529 2194 586 2278 qui
616 2194 820 2278 suppositum
843 2194 1013 2260 Pontificio
1036 2194 1162 2282 lapsum

59 2289 262 2370 praecedunt,
287 2311 492 2378 quorumque
516 2291 659 2374 cognitio
683 2291 875 2375 requiritur,
906 2301 943 2358 ut
966 2292 1007 2358 de
1031 2293 1163 2360 Liberio

57 2388 211 2452 sententia
234 2386 310 2450 ferri
344 2397 461 2472 posset.
495 2425 538 2436 -
571 2388 682 2467 Quum
705 2385 866 2454 Photinus
898 2389 1104 2457 damnationi
1129 2394 1163 2456 in

57 2482 139 2548 iilum
162 2483 251 2550 latae
274 2483 365 2550 houd
388 2484 528 2566 cederet,
548 2485 620 2571 jam
644 2508 674 2550 a.
689 2485 753 2550 349
776 2485 887 2571 plures
911 2489 1057 2575 episcopi
1081 2493 1164 2556 occi-

57 2579 197 2648 dentales
220 2581 333 2648 Sirmii
357 2582 483 2667 synodo
506 2581 621 2648 hahita
637 2603 712 2646 eum
727 2582 846 2648 iterum
870 2585 1078 2670 damnarunt,
1104 2611 1165 2654 neo

58 2690 158 2744 tamen
193 2701 231 2744 eo
265 2691 495 2765 pervenerunt,
528 2691 564 2745 ut
588 2682 695 2766 ipsum
728 2703 769 2744 ex
793 2704 852 2746 sua
875 2683 951 2748 sedo
976 2683 1163 2770 dejicerent

58 2777 116 2841 Sed
140 2787 315 2864 postquam
340 2777 550 2844 Constantius
574 2778 705 2844 devicto
721 2779 912 2864 Magnentio
935 2790 1002 2846 toto
1026 2783 1164 2868 imperio

58 2879 172 2959 potitus
181 2888 240 2958 est,
251 2876 320 2962 ipso
330 2887 462 2942 auctore
477 2899 506 2941 a.
516 2876 578 2941 351
591 2878 708 2941 iterum
719 2876 841 2956 Sirmii,
857 2877 914 2942 ubi
923 2878 1106 2965 Imperator
1118 2904 1164 2945 re

57 2973 197 3055 ridebat,
222 2973 363 3060 amplior
393 2973 507 3040 habita
540 2985 589 3038 est
617 2973 763 3057 synodus
794 2975 987 3042 Praesulum
1020 2979 1166 3044 maxims

58 3083 140 3154 parte
175 3071 393 3153 orientalium,
426 3074 483 3158 qui
514 3070 773 3136 Samiariooa'smo
805 3073 931 3140 addicti
963 3083 1066 3139 erant.
1111 3075 1166 3140 nx
1247 3139 1249 3143 ,

57 3169 234 3234 Occidente
257 3178 385 3234 tantum
418 3169 595 3234 adfuerunt
627 3168 749 3234 Valens
781 3170 913 3236 Mursse
945 3181 979 3236 et
1010 3172 1166 3238 Ursacius

57 3265 236 3352 Singoduni
261 3268 421 3353 episcopi,
445 3269 501 3353 qui
528 3278 602 3352 post
624 3277 761 3334 mortem
781 3267 968 3334 Constantis
992 3269 1099 3335 denuo
1122 3269 1165 3336 ad

58 3367 278 3430 arianismum
309 3364 567 3430 declinaverant.
614 3364 654 3430 Iu
687 3367 748 3429 isto
781 3363 1058 3436 Samiarisnorum
1092 3391 1165 3434 eon·
1230 3399 1235 3408 ·

58 3462 128 3527 cilio
152 3461 315 3528 Photinus
337 3465 457 3528 iterum
473 3462 710 3528 condemnatus
724 3486 763 3527 ac
779 3462 956 3549 depositus,
976 3474 1013 3530 'et
1036 3468 1071 3530 in
1095 3468 1166 3553 ejus

57 3559 160 3626 iocum
190 3560 370 3626 Germiaius
401 3559 545 3626 Amanus
578 3561 733 3624 suffectus
756 3561 828 3626 fuit.
875 3562 1063 3628 Formulam
1087 3563 1270 3633 fideiromu·
1288 3593 1333 3635 sm

56 3681 126 3724 cour
161 3661 205 3724 25
227 3659 523 3724 Anathematismis
553 3660 651 3722 etiam
687 3658 922 3743 condiderunt3
955 3669 1053 3746 etque
1082 3661 1164 3726 haec
1211 3653 1297 3764 ¹:¹53?

58 3757 195 3822 formula
225 3757 292 3822 dici
326 3756 407 3821 solet
440 3755 621 3820 Simieosio
646 3758 766 3842 primo.
812 3756 909 3822 Hanc
933 3757 1106 3824 formulam
1130 3758 1162 3824 S.

58 3854 202 3919 Hilarius
222 3855 236 3942 )
260 3877 357 3920 sensu
381 3854 561 3919 orthodoxo
578 3855 823 3939 interpretatur-3
848 3877 921 3919 eam
936 3877 1013 3920 vero
1029 3856 1165 3942 perinde

56 3977 91 4016 ac
115 3953 258 4039 reliquae
281 3952 323 4017 ab
347 3953 481 4017 Arianis
511 3961 662 4016 exaratas
684 3951 717 4017 S.
741 3950 944 4017 Athanasius
969 3953 1166 4019 condemnat

56 4061 85 4115 et
116 4051 234 4137 rejicit.
280 4049 331 4115 Ea
362 4049 503 4115 formula
535 4049 690 4113 videlicet
722 4051 756 4114 in
789 4073 823 4114 se
851 4061 997 4137 spectata
1029 4073 1093 4116 non
1118 4062 1166 4119 est

128 4277 150 4346 ¹)
171 4273 211 4325 De
227 4272 346 4340 Synodis,
364 4288 390 4329 n.
409 4271 444 4326 38
463 4279 491 4327 et
508 4287 565 4348 sqq.
