2806 4848
258 463 308 514 142
470 499 472 514 .
672 458 712 512 De
730 455 802 512 laeto
818 457 944 512 Nectarii.

256 613 347 668 actus
380 623 455 666 suos
489 601 731 665 confitebantur
764 599 817 687 (τὰ
847 598 1028 682 βεβιωμένα
1055 599 1255 688 ὡμολόγουν).
1294 599 1342 664 Ille

256 723 333 765 vero
366 723 424 788 pro
460 701 617 785 cujusque
641 698 769 779 delicto,
803 699 883 784 quid
915 709 973 764 aut
1003 699 1111 764 facere
1138 699 1277 784 singulos
1296 709 1342 762 aut

254 800 343 864 luere
368 807 543 884 oporteret,
574 818 700 883 poenae
731 795 802 860 loco
839 797 1005 877 indicens,
1038 797 1231 864 absolvebat
1251 799 1341 882 poeni·

255 886 369 978 tentes,
394 919 413 960 a
437 917 470 960 se
495 897 573 980 ipsis
596 917 718 980 poenas
743 895 916 958 criminum
944 904 1127 962 exacturos.
1151 896 1271 960 Verum
1290 895 1340 958 No-

255 997 395 1060 vatienis
417 993 559 1080 quidem,
575 994 631 1079 qui
655 991 780 1056 nullam
802 992 927 1057 habent
954 995 1115 1058 rationem
1129 995 1340 1080 poeniteutiae

255 1093 337 1158 nihil
360 1093 422 1156 hac
444 1115 480 1154 re
503 1112 585 1175 opus
617 1089 689 1154 fuit.
736 1090 837 1175 Apud
872 1090 1014 1175 reliquas
1046 1101 1155 1156 autem
1179 1103 1279 1154 sectas
1299 1089 1340 1150 hic

255 1214 323 1255 mos
346 1194 445 1254 etiam
475 1211 563 1253 nunc
592 1198 789 1273 perseverat.
844 1187 888 1252 Et
916 1191 949 1252 in
979 1189 1239 1254 occidentalibus
1260 1185 1340 1252 eecle-

254 1292 320 1371 siis,
344 1312 384 1354 ae
406 1288 581 1374 praecipue
606 1288 640 1350 in
664 1285 802 1350 ecclesia
817 1287 965 1350 Romana
990 1287 1135 1352 studiose
1158 1286 1339 1350 observatur.

255 1389 325 1452 lllic
348 1389 436 1451 enim
460 1387 493 1450 in
518 1383 689 1470 propatulo
713 1394 762 1448 est
782 1386 1022 1469 poenitentium
1040 1384 1142 1465 locus,
1166 1386 1201 1448 in
1225 1405 1284 1469 quo
1305 1381 1340 1445 illi

254 1495 340 1550 stant
372 1486 487 1548 moesti
523 1505 562 1547 ac
586 1482 687 1546 veluti
721 1480 879 1566 lugentes.
925 1483 1137 1568 Peractisque
1155 1484 1227 1568 jam
1250 1484 1342 1546 misse·

252 1605 325 1647 rum
358 1580 557 1646 solemnibus
592 1577 717 1644 exclusi
737 1603 769 1644 *a
805 1583 1036 1644 communione
1064 1591 1250 1645 sanctorum
1273 1599 1342 1664 quae

253 1683 389 1746 initiatis
404 1679 551 1765 praeberi
571 1699 639 1741 mos
654 1689 711 1759 est,
728 1699 803 1742 cum
823 1681 947 1763 gemitu
962 1700 1002 1742 ac
1017 1678 1169 1744 lamentis
1184 1699 1296 1764 pronos
1316 1698 1341 1736 se

253 1781 288 1843 in
310 1789 430 1842 terram
454 1777 626 1861 abjiciunt.
672 1775 758 1840 Tum
772 1778 943 1862 episcopus
964 1797 1038 1840 cum
1062 1775 1217 1860 lacrymis
1240 1798 1278 1840 ex
1299 1773 1342 1838 ad-

254 1899 346 1942 verso
371 1896 544 1940 occurrens
568 1875 689 1959 pariter
712 1875 781 1960 ipse
798 1873 890 1938 humi
909 1873 1126 1959 provolvitur,
1152 1887 1184 1938 et
1205 1875 1343 1938 universa

254 1975 410 2040 ecclesiae
442 1970 617 2036 multitudo
649 1971 746 2036 simul
776 1973 935 2037 confitens
963 1972 1118 2056 lacrymis
1142 1971 1342 2058 perfunditur.

253 2076 330 2140 Post
352 2073 435 2137 haec
457 2071 582 2156 primus
615 2072 762 2154 exsurgit
794 2073 966 2156 episeopus
992 2093 1032 2134 ac
1055 2079 1230 2156 prostratos
1251 2069 1343 2152 erigit¹

253 2173 405 2256 factaque
428 2179 464 2231 ut
488 2167 583 2231 decet
597 2171 785 2253 precatione
801 2191 858 2254 pro
874 2168 1102 2254 peecatoribus
1126 2167 1343 2253 poenitentiam

252 2269 435 2354 egentibus,
460 2288 513 2329 eos
538 2265 682 2331 dimittit.
728 2267 888 2330 Privatim
921 2275 1029 2330 autem
1055 2267 1273 2352 unusquisque
1294 2283 1343 2324 sua

253 2377 366 2454 sponte
391 2387 424 2430 so
449 2385 627 2445 macerans,
652 2372 710 2428 aut
727 2365 879 2449 jejuniis,
903 2373 961 2428 aut
983 2363 1106 2446 illuvie,
1131 2373 1188 2430 aut
1211 2362 1343 2428 ciborum
1382 2355 1383 2386 r

252 2466 460 2544 abstinentia,
486 2461 538 2526 vel
561 2461 634 2527 aliis
649 2461 769 2548 quibus
779 2463 891 2547 jussus
906 2473 954 2526 est
968 2462 1083 2544 modis,
1107 2473 1236 2547 tempus
1256 2479 1341 2544 qnan-

253 2575 465 2647 tumcumque
482 2562 542 2646 ipsi
558 2559 600 2624 ab
620 2562 773 2646 episcopo
793 2561 1007 2624 constitutum
1022 2569 1070 2624 est
1084 2567 1257 2645 exspectat
1287 2553 1340 2618 tbi

252 2685 329 2727 vero
353 2661 564 2746 praestitutus
600 2658 670 2724 dies
702 2659 848 2740 advenit,
882 2669 1039 2743 tauquam
1073 2658 1185 2723 debito
1217 2654 1339 2743 quodam

253 2759 414 2846 persoluto
447 2779 467 2820 a
499 2777 604 2841 poena
640 2758 804 2822 commissi
829 2755 958 2820 sceleris
988 2755 1156 2836 liberatur,
1181 2752 1340 2836 etreliqua

252 2857 419 2922 Ecclesiae
451 2853 571 2939 populo
605 2857 756 2918 sociatur.
813 2854 905 2918 Haec
938 2855 1082 2940 episcopi
1115 2853 1206 2918 urbis
1234 2851 1339 2916 Βοιιιοο

253 2957 330 3020 inde
364 2954 406 3020 ab
436 2952 552 3016 ultima
584 2961 744 3017 vetustate
779 2951 822 3016 ed
845 2963 989 3016 nostram
1014 2974 1117 3037 usque
1141 2961 1271 3014 aetatem
1293 2967 1338 3008 ou·

253 3053 429 3118 stodiunt.“
1381 3051 1382 3071 ¹

343 3153 370 3216 1.
399 3150 457 3234 „In
492 3147 625 3214 OPtana
656 3159 766 3214 autem
796 3147 933 3212 ccclesia
962 3157 1068 3212 certus
1092 3147 1257 3232 presbyter
1275 3163 1338 3204 con·

253 3254 383 3316 stitutus
407 3257 476 3312 erat
499 3248 554 3332 qui
578 3246 823 3331 poenitentibus
852 3257 1023 3332 praeesset.
1070 3245 1187 3310 Donec
1210 3251 1336 3308 matrona

252 3348 412 3436 quaedam
437 3343 557 3410 nobilis
580 3344 622 3408 ob
645 3354 780 3430 peccata
804 3366 888 3430 quae
904 3345 1053 3408 confessa
1075 3344 1182 3406 fuerat
1199 3341 1279 3426 jussa
1299 3332 1335 3398 ab

252 3447 314 3511 hoe
341 3443 530 3532 presbytero
549 3443 700 3527 jejunare
723 3465 763 3506 ac
786 3443 895 3506 Deum
919 3441 1111 3529 suppliciter
1133 3461 1238 3518 orare,
1268 3434 1334 3498 dum

251 3544 348 3630 hujus
371 3543 417 3607 rei
442 3562 541 3604 causa
576 3542 609 3604 in
633 3541 771 3605 ecclesia
800 3551 981 3604 moraretur
1009 3563 1029 3604 a
1062 3539 1201 3604 diacono
1222 3559 1252 3600 se
1279 3543 1333 3594 stu-

251 3653 378 3730 pratam
402 3661 470 3704 esse
494 3637 638 3724 prodidit
653 3636 900 3726 (κατεμήνυσεν).
933 3637 1006 3719 Quo
1022 3639 1152 3723 cognito
1176 3634 1259 3722 plebs
1278 3649 1333 3692 om·

251 3744 301 3806 nis
324 3739 536 3804 vehementer
558 3739 753 3818 succensuit,
774 3759 811 3800 eo
833 3736 919 3822 quod
942 3735 1139 3802 contumelia
1162 3733 1244 3798 illata
1262 3737 1333 3790 essct
1380 3773 1381 3794 i

253 3865 460 3875 .-.-.--..
939 3871 943 3878 .
1380 3831 1381 3910 1

251 3937 386 4004 liquerant
404 3933 501 3988 delicta
519 3931 626 4002 propria
644 3931 825 3988 fatebantur.“
853 3932 929 3986 Hanc
947 3933 1096 3986 versionem
1113 3937 1215 3986 scortes
1230 3933 1266 3982 eu
1279 3923 1332 3975 Bel·
1380 3917 1381 4002 1

250 4017 377 4070 larmirus
397 4015 446 4073 (De
465 4013 569 4068 Poenit
588 4011 679 4066 1,.Η1
696 4029 717 4066 ο
742 4015 789 4077 tut,
809 4029 919 4080 comque
938 4013 1074 4067 vindicare
1091 4014 1186 4068 studet
1221 4011 1329 4062 sumen
1380 4005 1381 4017 ¹

250 4096 388 4151 contextui
407 4101 435 4149 et
453 4095 536 4148 menti
555 4092 691 4147 &comesi
716 4094 805 4160 potius
824 4109 856 4147 ea
874 4094 1000 4162 congruit
1017 4094 1107 4148 versio
1124 4088 1330 4147 mensurare

251 4183 335 4245 cepta,
355 4191 434 4242 qoam
453 4191 485 4228 ex
503 4175 611 4229 Valesio
629 4174 752 4240 superius
777 4174 902 4228 dedimus.
940 4173 993 4228 co.
1016 4177 1095 4228 notas
1112 4171 1207 4227 valesii
1224 4169 1247 4222 ir
1262 4165 1330 4216 8080·

250 4257 321 4312 meni
339 4261 451 4310 textum.
