2936 4814
257 451 293 504 34
612 451 651 505 De
669 450 736 504 Sede
753 450 875 504 nomm
890 449 916 502 S.
935 448 1019 503 Petri.

258 615 301 657 ex
332 592 454 679 quibus
485 593 607 658 latinus
641 593 896 658 christianorum
925 601 1038 658 1111111
1061 615 1184 678 magna
1215 608 1376 682 exparte

259 691 390 772 coaluit,
422 692 543 756 deinde
573 692 809 756 monachorum
840 691 972 756 ordines
1001 714 1041 756 11
1070 692 1245 777 multiplici
1269 694 1377 760 forma

259 811 359 876 quam
372 789 467 875 lapsu
481 792 637 875 temporis
660 792 749 854 nacti
764 800 857 872 sunt;
881 799 971 854 ortus
993 800 1026 854 11
1048 811 1239 875 progressus
1262 793 1377 857 mahu-

258 889 401 952 metismi
425 909 568 973 quocum
590 888 695 952 latina
709 887 823 972 religio
838 887 974 952 tandem
988 909 1163 972 congressa
1186 901 1245 972 est,
1268 893 1377 977 primo

257 985 393 1071 quidem
417 987 452 1050 in
475 985 649 1070 Hispania,
664 985 784 1068 Gallia,
804 984 918 1052 Sicilia
942 996 974 1050 et
995 984 1103 1067 111111,
1128 988 1273 1052 maxime
1296 1010 1377 1054 vero

258 1105 334 1148 cum
357 1083 534 1148 Pontifices
557 1084 698 1148 Romani
721 1105 792 1148 sese
812 1105 979 1148 sacrarum
1003 1083 1254 1168 expeditionum
1277 1109 1379 1150 cruce

258 1182 462 1265 signatorum
487 1181 588 1246 duces
611 1183 801 1262 effecerunt,
826 1191 858 1245 et
881 1180 1085 1245 Islamismus
1109 1192 1142 1246 et
1163 1181 1378 1248 1111111011ιὶ-

258 1280 409 1344 stianitas
432 1279 474 1343 de
497 1281 643 1344 universi
665 1279 754 1344 orbis
767 1281 906 1364 imperio
929 1279 1156 1362 decertarunt,
1181 1282 1378 1348 instauratio

258 1375 473 1442 occidentalis
496 1377 649 1462 Imperii,
679 1377 811 1442 feudale
841 1386 986 1461 systema
1014 1377 1110 1462 cujus
1132 1377 1289 1444 Pontifex
1313 1382 1379 1465 spi·

258 1474 386 1554 ritualia
415 1474 518 1539 veluti
548 1497 720 1560 supremus
748 1485 856 1540 rector
889 1476 1021 1558 agnitus
1050 1483 1115 1556 est,
1145 1476 1237 1540 omni
1267 1477 1379 1542 studio

258 1573 302 1638 ad
326 1572 361 1636 id
384 1571 426 1636 ab
450 1572 567 1638 eodem
589 1571 756 1654 adhibit03
794 1573 951 1637 diuturna
981 1582 1014 1636 11
1042 1572 1209 1637 dirissima
1239 1572 1379 1640 dissidia

259 1673 346 1736 inter
373 1669 463 1734 hunc
492 1679 526 1734 11
555 1669 687 1734 civilem
710 1680 922 1756 potestatem,
953 1671 1044 1754 origo
1075 1680 1108 1734 et
1130 1669 1286 1756 dogmata
1310 1695 1379 1738 sec·

258 1779 377 1850 tarum,
401 1790 487 1853 quae
509 1777 613 1832 semet
626 1769 798 1854 sejungere
811 1768 853 1833 ab
863 1768 1034 1833 Ecclesiae
1056 1769 1183 1833 unitate
1205 1779 1306 1855 atque
1329 1773 1379 1836 in·

259 1867 482 1952 dependentes
505 1867 752 1932 communiones
775 1865 906 1930 efficere
927 1875 1113 1948 tentarunt,
1137 1867 1275 1932 exordia
1296 1867 1378 1934 balli

260 1965 347 2030 illius
379 1965 468 2051 quod
500 1965 544 2029 ad
575 1964 750 2029 tutandam
781 1965 919 2056 humani
953 1965 1087 2050 spiritus
1109 1964 1298 2029 libertatem
1321 1967 1379 2031 ad-

260 2085 375 2129 versus
410 2062 551 2128 latinum
575 2061 865 2128 Christianismum
902 2071 1055 2147 coeptum
1092 2071 1154 2146 est,
1187 2085 1381 2148 progressus

260 2172 293 2226 ct
322 2163 563 2224 incrementum
591 2159 784 2242 litterarum,
815 2162 947 2241 artium,
978 2159 1244 2246 christianaeque
1273 2161 1380 2246 philo-

260 2257 411 2343 sophiae,
435 2256 527 2340 haec,
551 2259 698 2344 inquam,
722 2260 834 2324 omnia
857 2281 979 2343 magna
1001 2258 1157 2343 ponderis
1178 2259 1277 2341 facta,
1301 2271 1381 2326 sunt

261 2356 364 2420 veluti
387 2355 536 2440 episodia
558 2357 593 2420 111
617 2355 781 2420 chronicis
804 2366 838 2420 at
859 2355 997 2420 historia
1019 2356 1244 2421 Romanorum
1266 2357 1380 2423 Ponti·

261 2453 362 2518 ficum
385 2475 443 2516 suo
466 2453 537 2518 loco
562 2453 854 2542 constituenda.¹)“

354 2549 404 2616 10.
429 2551 464 2616 Si
493 2573 571 2616 vero
596 2554 765 2638 quaeritur
787 2552 877 2616 unde
899 2553 1025 2616 factum
1048 2553 1100 2634 sit,
1134 2563 1171 2617 ut
1193 2552 1296 2620 Sedes
1319 2553 1383 2618 Ro·

126 2688 151 2718 re
213 2689 230 2718 r.
264 2671 361 2714 mana
381 2648 559 2714 haberetur
581 2672 710 2735 semper
733 2660 770 2714 ut
792 2660 941 2714 centrum
965 2652 1065 2715 totius
1087 2650 1177 2716 orbis
1198 2650 1408 2734 christiani„

263 2769 305 2810 ex
328 2747 464 2812 historia
493 2750 616 2833 pariter
646 2749 864 2812 certissimum
894 2758 952 2830 est,
983 2748 1019 2813 id
1048 2748 1127 2813 inde
1149 2749 1275 2812 factum
1298 2771 1382 2832 esse,

262 2846 346 2932 qood
377 2847 553 2932 Episcopus
585 2848 749 2910 Romanus
781 2847 958 2910 1111111111
989 2870 1146 2912 moestos·
1167 2847 1206 2911 B.
1236 2846 1325 2910 Patri
1348 2850 1385 2912 s'a

257 2943 447 3030 pontificata
470 2945 624 3008 Romano.
650 2941 747 3007 (11111
769 2945 797 3008 ai
820 2943 999 3008 catholicos
1022 2944 1171 3008 omnium
1193 2954 1383 3028 temporum

263 3043 526 3125 interrogaveris,
543 3063 602 3104 cur
615 3063 694 3126 prae
709 3044 847 3106 caeteris
861 3042 954 3106 Rom.
968 3040 1165 3106 Pontificem
1179 3049 1216 3104 ut
1230 3050 1383 3106 centrum

263 3150 296 3204 et
319 3148 420 3223 caput
442 3138 612 3202 Ecclesiae
635 3139 789 3223 habeant,
813 3141 959 3224 accipies
982 3159 1186 3223 responsum,
1210 3159 1286 3202 111111
1310 3161 1384 3202 suc-

263 3257 425 3300 cessorem
447 3257 517 3300 esse
540 3237 579 3300 Β.
598 3237 698 3318 Petri,
723 3259 823 3323 quem
837 3235 946 3322 Caput
966 3235 1135 3300 Ecclesiae
1160 3234 1311 3300 Christus
1335 3237 1383 3299 in-

263 3335 379 3416 stituit,
401 3334 492 3398 Petri
515 3334 642 3398 scilicet
672 3337 730 3419 qui
762 3337 924 3420 primatus
950 3334 1029 3420 jura
1061 3335 1204 3398 moriens
1236 3335 1271 3398 in
1294 3333 1384 3399 Sede

263 3433 412 3497 Romana
438 3430 558 3496 fixerit.
604 3432 773 3496 Haeretici
797 3441 829 3496 et
843 3433 1044 3496 schismatici
1067 3430 1269 3512 fatebuntur,
1293 3430 1384 3496 hanc

263 3529 434 3595 catholicis
466 3551 596 3615 semper
627 3531 787 3595 rationem
820 3531 931 3612 fuisse,
964 3552 1023 3593 cur
1054 3529 1093 3594 R.
1117 3528 1311 3606 Pontificem
1347 3539 1385 3592 ut

264 3627 374 3713 Caput
402 3625 571 3692 Ecclesiae
601 3627 770 3693 haberent.
816 3628 970 3713 Plerique
993 3647 1107 3690 eorum
1131 3627 1232 3690 etiam
1262 3647 1383 3690 conve·

263 3728 365 3808 nient,
389 3745 504 3789 revera
527 3727 562 3788 in
586 3727 778 3811 episcopatu
801 3726 966 3790 Romanos
987 3725 1166 3789 Pontifices
1187 3723 1285 3788 Petro
1309 3745 1383 3790 suc·

264 3824 408 3904 cessisse,
442 3831 474 3885 et
496 3833 669 3907 propterea
701 3845 866 3888 summum
890 3822 952 3887 sibi
985 3822 1174 3886 vindicasse
1202 3819 1383 3904 influxum,

264 3921 417 4007 quamvis
440 3920 667 4005 praetendant,
691 3922 854 3984 immerito
883 3923 970 4006 ipsos
1000 3919 1064 3984 sibi
1087 3919 1180 3984 hunc'
1200 3919 1383 4004 primatum

304 4041 409 4145 *Uli
428 4039 542 4131 c-Tom.
560 4076 582 4130 I.
601 4077 631 4131 L.
656 4077 678 4131 I.
698 4093 719 4130 c
739 4080 763 4132 1.
782 4095 807 4146 p.
827 4077 1140 4146 10.-1111111111ηά
1151 4075 1384 4145 Sanguinettil.c

264 4157 328 4223 Gap.
347 4155 384 4220 Π,
402 4155 447 4210 ubi
467 4155 554 4210 fusim
572 4157 820 4226 hooargnmentorn
833 4159 977 4212 evolvitur.
997 4155 1157 4211 —Textum
1175 4157 1290 4210 latinum
1310 4157 1384 4212 dedi·

264 4251 323 4290 mus
337 4234 420 4303 juxta
438 4235 496 4303 ejus
514 4235 671 4290 versionem
