2876 4814
440 484 482 538 Au
500 483 669 538 Novatiauus
687 488 788 539 auctor.
1118 491 1171 545 859

82 641 104 691 ct
122 629 155 692 dc
180 630 331 694 Triscitete
354 628 474 716 mande
497 627 640 692 solmam
666 630 760 714 paesi
786 625 944 717 ἐπιτόμην
966 633 1070 718 operis
1097 633 1170 698 Ter-

83 725 189 790 tslls'em'
209 727 356 814 faciens,
389 726 473 812 prsod
498 725 654 812 plerique,
687 727 857 791 nescientes
884 723 1040 814 Cypriani
1062 732 1169 796 orcisti-

82 835 156 888 ucat.
177 863 217 872 —
249 823 302 888 Ex
333 824 479 888 Paciano
509 825 664 910 episcopo
697 823 936 890 Barcinonensi
962 825 1170 892 Novatianus

81 931 231 1007 autequam
253 921 427 1008 presbyter
448 921 555 1003 fieret,
578 921 793 1007 philosophus
816 921 926 1010 erat.⁸)
973 921 1068 1003 Quae
1091 933 1169 988 tem-

80 1039 140 1102 pore
160 1019 341 1084 schismatis
363 1020 473 1104 gessit,
498 1021 576 1083 satis
599 1029 752 1084 accurate
775 1040 818 1083 ex
841 1018 986 1106 epistolis
1010 1019 1067 1086 SS.
1092 1019 1168 1085 Gor·

79 1115 138 1180 oelii
159 1125 189 1181 et
211 1115 372 1204 Cypriani
397 1124 567 1199 constant,
600 1139 708 1202 pauca
735 1116 800 1182 alia
823 1117 988 1204 quaedam
1010 1117 1169 1204 adjuncta

79 1215 147 1277 uuo
175 1217 276 1300 ipsius
310 1237 353 1279 ex
385 1215 487 1279 variis
510 1215 701 1280 auctoribus
724 1213 932 1300 colliguntur.
979 1214 1168 1282 ASocrate

78 1309 242 1392 perhibetur
264 1321 392 1397 martyr
414 1312 534 1377 obiisse
566 1313 601 1378 in
624 1314 852 1398 perseeutione
874 1313 1054 1395 Valeriani,
1079 1313 1167 1401 quod

77 1423 164 1474 umen
184 1410 372 1476 nullatenus
395 1419 520 1474 certum
544 1421 602 1478 ost.
640 1409 781 1476 Videtur
804 1411 979 1476 defunctus
1002 1433 1073 1477 esse
1097 1432 1167 1476 ver·

77 1527 118 1570 ms
136 1531 162 1573 e.
183 1509 256 1575 260.

145 1605 193 1672 96.
215 1606 332 1674 Facile
364 1606 460 1671 vides
491 1606 588 1692 plura
619 1627 709 1688 esse,
746 1627 832 1693 quae
863 1628 924 1692 per
954 1627 988 1671 se
1020 1614 1167 1692 spectata

75 1700 166 1768 issent
186 1707 379 1786 sententiae,
402 1703 628 1769 Novatianum
652 1725 723 1769 esse
745 1713 913 1768 auctorem
931 1703 1166 1790 Philosophou·

75 1819 180 1867 neuen.
211 1803 295 1890 Ejus
328 1802 470 1884 indoles,
504 1801 664 1884 eruditio,
697 1803 823 1889 patria,
857 1803 1018 1889 oppositio
1051 1809 1165 1865 contra

75 1895 240 1984 Ecclesiam,
265 1901 473 1966 characteres
496 1909 573 1964 sunt
604 1902 661 1986 qui
693 1902 728 1964 in
756 1899 935 1966 Auctorem
967 1902 1066 1965 istum
1091 1921 1165 1965 cou-

74 1997 197 2063 vcuiuut
237 1999 307 2066 Sed
339 1999 455 2084 gravia
488 2019 530 2062 ex
563 1996 666 2062 altera
688 2008 782 2084 perte
805 1998 938 2064 obstant
960 2006 1164 2083 argumenta.
1194 2009 1302 2060 Neutru-

74 2089 181 2159 Etenim
214 2097 251 2160 1⁰
286 2098 388 2161 nimis
419 2095 566 2160 violente
602 2095 735 2160 videtur
770 2117 810 2160 ea
842 2097 1066 2182 interpretatio
1099 2118 1165 2183 qua

73 2195 209 2274 statuitur,
233 2194 380 2259 schisma
402 2193 505 2276 illud,
529 2195 582 2258 cui
615 2215 650 2258 se
676 2215 828 2280 praeesse
851 2193 1017 2279 significat
1039 2192 1165 2258 Auctor

74 2285 405 2378 Philosophoumenon,
439 2313 509 2356 esse
542 2293 650 2377 ipsum
683 2291 826 2357 schisma
857 2291 1046 2374 Novatiani,
1075 2291 1164 2380 quod

73 2409 95 2447 a.
114 2387 166 2452 251
197 2393 381 2455 excitatum
404 2399 463 2455 est.
497 2427 540 2437 -
572 2390 612 2453 2ο
638 2388 830 2454 Generatim
862 2390 1069 2455 Novatienus
1101 2399 1163 2453 tar-

73 2479 137 2548 diuri
166 2497 312 2574 tempore
344 2509 396 2552 res
428 2509 504 2552 suas
536 2489 646 2572 gessit,
680 2509 779 2574 quam
812 2497 850 2552 ut
881 2488 911 2552 ci
944 2487 1046 2552 tribui
1068 2509 1163 2573 posse

73 2575 173 2648 dixeris
193 2607 241 2664 ea,
266 2607 354 2672 quae
369 2585 548 2650 Auctorem
562 2584 906 2671 Philosophoumenou
925 2587 997 2671 jam
1021 2584 1082 2650 sub
1105 2585 1163 2650 Ze-

72 2675 188 2761 phyrino
219 2691 252 2747 et
277 2681 424 2765 Callisto,
457 2684 523 2748 imo
556 2681 639 2747 forte
663 2685 762 2748 etiam
795 2684 857 2749 sub
880 2683 1014 2748 Victore
1046 2683 1161 2766 egisse,

71 2795 103 2836 ex
128 2777 202 2844 libro
234 2779 310 2869 ejus
341 2779 515 2864 colligitur,
547 2782 612 2845 nisi
635 2783 813 2846 narrationi
847 2783 909 2868 ipsi
933 2781 984 2845 vis
1012 2779 1161 2845 infertur.

72 2869 111 2935 Fu
139 2875 213 2942 libro
246 2881 338 2944 enim
371 2901 410 2942 ea
443 2887 530 2942 certe
553 2880 714 2962 ingeritur
737 2879 832 2944 nobis
864 2879 985 2966 opinio,
1004 2877 1076 2963 jam
1100 2877 1161 2942 sub

71 2966 121 3034 illis
140 2973 352 3042 Pontificibus
376 2999 452 3040 suae
483 2985 593 3061 partes
616 2975 795 3043 Auctorem
828 2977 982 3042 habuisse
1006 2977 1041 3040 in
1063 2974 1162 3040 rebus

69 3068 275 3138 ecelesiasticis
301 3073 515 3160 disponendis
539 3083 573 3138 et
599 3076 634 3139 in
662 3074 879 3140 discutiendis
907 3074 1077 3140 doctrinis.¹
1120 3072 1161 3137 Id

69 3172 197 3252 componi
234 3173 352 3258 nequit
389 3192 465 3237 cum
488 3171 667 3237 Novatiani
704 3181 820 3238 aetate.
853 3211 897 3222 —
934 3175 974 3238 3⁰
999 3171 1161 3236 Auctores

69 3269 161 3329 coseu
192 3269 244 3332 vel
277 3271 476 3356 posteriores
499 3279 635 3334 namant
666 3270 755 3335 iacta
787 3270 874 3334 mala
905 3271 1095 3351 Novatiani,
1129 3278 1161 3333 et

68 3380 135 3442 qnae
156 3365 187 3430 in
210 3366 357 3432 dedecus
380 3367 451 3453 ejus
465 3376 608 3451 vergunt
630 3367 735 3432 insius
757 3379 939 3435 recensent.
980 3366 1160 3454 Speciatim

67 3459 92 3520 θ’.
113 3459 274 3529 Cornelius
307 3465 343 3530 P.
375 3467 410 3530 in
442 3464 580 3551 epistola
611 3464 654 3530 ad
687 3465 830 3530 Fabium
858 3465 1056 3532 Antioohiae
1079 3465 1160 3550 epis·

66 3575 166 3640 copem
196 3583 235 3625 ea
268 3563 435 3647 congerit,
469 3583 554 3649 quae
587 3564 703 3628 merito
726 3563 913 3628 Novatiano
946 3564 1158 3650 objiciuntur.

66 3653 92 3714 t'i
113 3653 312 3724 Novatianus
329 3660 400 3745 jam
434 3659 496 3725 sub
520 3659 553 3726 S.
577 3659 766 3746 Zephyrino
794 3670 892 3746 atque
920 3661 1076 3746 deinceps
1098 3659 1159 3723 Ro-

67 3755 154 3816 manis
182 3756 400 3822 Pontificibus
432 3757 581 3823 infensus
617 3758 733 3824 fnisset
755 3781 794 3823 ae
825 3757 939 3824 turbas
972 3759 1159 3839 excitasset,

66 3845 92 3908 id
112 3871 169 3916 non
191 3855 396 3937 reticeretur,
421 3854 479 3920 sed
503 3857 603 3920 etiam
622 3855 742 3920 diserte
766 3855 807 3920 de
828 3855 882 3920 his
904 3877 947 3920 ex
968 3857 1017 3920 rei
1040 3864 1159 3919 natura

66 3941 147 4010 locuti
160 3949 298 4016 luissent
312 3953 496 4039 scriptores,
512 3953 656 4017 maxime
666 3951 801 4041 quidem
812 3951 984 4018 Cornelius
993 3952 1157 4018 Pontifex.

65 4040 128 4108 lam
140 4068 214 4112 vero
227 4048 287 4115 tali
302 4049 344 4115 de
357 4072 392 4114 re
407 4051 460 4116 isti
476 4061 625 4116 auctores
634 4050 718 4116 nihil
733 4051 894 4136 referunt;
910 4049 964 4115 vel
978 4072 1075 4136 aegre
1089 4060 1158 4117 tan·

125 4247 143 4318 ¹)
161 4248 206 4318 eu
225 4253 243 4305 Ξ
262 4251 296 4308 ad
313 4253 541 4322 Sempronianum.

1001 4344 1052 4399 1⁷·
