2876 4814
253 455 317 511 »nae
590 450 631 510 De
649 453 736 524 Opere
753 450 1037 522 Philosophoumenon,

264 618 360 664 suum
383 599 483 664 vertit
496 597 623 664 Auctor
646 598 802 664 adversos
821 598 972 664 fortunae
996 621 1102 682 casus,
1127 621 1207 686 quos
1224 597 1364 676 Callistus

263 707 300 761 ιιι
323 695 528 784 Carpophori
553 719 667 764 servus
697 719 813 783 passus
837 705 902 778 est,
926 707 959 762 et
982 695 1060 762 dein
1084 717 1159 760 eum
1183 707 1221 762 ut
1241 697 1363 762 haereti-

253 817 339 860 -oum
371 803 404 860 et
435 795 631 881 disciplinae
663 795 905 860 ecclesiasticae
937 795 1198 880 perturbatorem
1231 796 1365 882 depingit

252 897 361 981 'atque
384 893 566 958 denuntiat.
616 893 855 958 Accusationes
879 892 952 958 illas
984 914 1063 958 mox
1095 894 1363 975 examinabimus3

261 1003 294 1056 at
320 993 393 1078 jam
416 991 520 1074 vides,
544 990 724 1057 Auctorem
756 991 847 1059 illum
882 993 1068 1073 sectarium,
1101 992 1181 1056 dum
1206 991 1362 1058 Callistum
1422 1029 1423 1066 ι

261 1102 297 1155 ut
320 1090 450 1154 vafrum
474 1088 685 1172 sceleratum,
710 1089 941 1171 ambitiosum,
966 1089 1170 1154 adulatorem
1195 1088 1362 1177 Zephyrini
1422 1151 1423 1160 ,

252 1188 412 1270 traducit,
437 1187 528 1252 nulla
551 1187 616 1254 fide
640 1187 779 1272 dignum
803 1208 883 1254 esse.

348 1288 401 1351 29.
424 1286 506 1350 Erat
528 1294 638 1350 autem
671 1308 710 1350 ea
741 1295 848 1350 aetate
881 1287 959 1350 satis
983 1287 1018 1350 in
1042 1307 1131 1350 more
1162 1289 1314 1372 positum,
1335 1295 1365 1350 ut
1422 1261 1423 1288 ¹

258 1387 314 1472 qui
352 1385 484 1448 fuerant
519 1381 745 1448 archidiaconi
778 1393 892 1469 postea
924 1383 1101 1448 Pontifices
1138 1384 1266 1451 fierent.
1317 1385 1363 1450 Sic

262 1483 455 1548 Eleutherna
479 1491 549 1546 erat
571 1481 732 1546 diaconus
755 1480 907 1564 Aniceti,
938 1505 977 1546 ac
1001 1481 1079 1546 dein
1102 1481 1191 1570 (post
1215 1481 1363 1568 Soterem)
1422 1481 1423 1488 '

258 1585 288 1646 ei
312 1581 485 1662 successit3
514 1591 546 1644 et
569 1580 682 1646 Sixtus
706 1580 741 1644 Π
769 1581 831 1644 fuit
855 1580 887 1646 S.
917 1579 1077 1664 Stephani
1102 1580 1273 1647 diaconus.
1316 1581 1362 1644 At-

257 1703 321 1768 que
345 1679 504 1763 Eulogius
528 1677 775 1744 Alexandrinus
808 1679 898 1764 apud
921 1677 1077 1742 Photium
1109 1679 1210 1765 hujus
1244 1701 1363 1746 consue-

256 1779 381 1844 tudinis
395 1777 619 1844 testimonium
633 1775 786 1862 perhibet
809 1779 856 1840 sic
871 1778 939 1841 fere
954 1776 1118 1842 scribens:
1172 1779 1363 1844 Novatiomu

255 1889 323 1943 erat
338 1877 577 1942 archidiaconus
589 1872 729 1940 Cornelii
743 1875 913 1959 Pontificio,
930 1887 1022 1962 atque
1037 1875 1098 1939 illa
1113 1888 1219 1942 aetate
1234 1879 1269 1941 a‘a
1282 1876 1361 1942 eccle·

254 1980 304 2041 sia
328 1979 476 2040 Romano
498 1974 667 2038 orditura
700 1973 763 2059 lepe
797 1974 1037 2038 archidiaconus
1060 1975 1245 2040 mocedebat
1268 1977 1360 2041 Pona-

245 2076 305 2158 flci
328 2074 484 2161 deficiscto.
522 2070 685 2136 Cornelius
708 2073 904 2152 celeumatis,
924 2073 1009 2136 baud
1032 2071 1108 2136 utile
1123 2071 1203 2158 sore
1228 2073 1360 2138 ecclesiae

254 2184 288 2236 ut
312 2172 514 2236 Nepotianus
543 2170 608 2255 ipsi
639 2171 823 2250 accrederet,
858 2193 926 2234 eum
957 2169 1119 2234 ordinavit
1144 2171 1359 2258 presbyterum

254 2269 312 2333 ltu
335 2293 407 2332 uero
431 2269 634 2332 macerrimis
657 2267 814 2354 lepita‘moe
844 2291 898 2353 spe
922 2267 1071 2353 adempta
1100 2268 1235 2332 schisma
1257 2269 1359 2332 aenda

251 2365 337 2451 viu).
385 2365 592 2430 Novatianus
615 2364 750 2450 quidem
775 2365 863 2428 haud
894 2365 958 2428 fuit
981 2365 1014 2430 S.
1040 2365 1184 2430 Cornelii
1211 2365 1359 2432 archidia-

252 2487 364 2545 conus,
381 2487 420 2528 ac
443 2463 588 2528 schisma
611 2463 771 2528 excitavit
795 2485 861 2527 non
885 2485 943 2549 spe
967 2463 1184 2528 successionis
1204 2464 1358 2549 adempta,
1422 2457 1423 2476 ¹

252 2563 310 2628 sed
332 2563 427 2628 brevi
451 2571 524 2647 post
548 2561 742 2626 electionem
773 2560 928 2627 Cornelii.
975 2560 1042 2627 Sed
1071 2583 1113 2626 ex
1137 2561 1251 2626 verbis
1273 2560 1358 2626 Eulo

250 2664 419 2748 giipatet,
444 2661 632 2746 frequenter
654 2658 905 2726 archidiaconos
921 2659 965 2723 ad
980 2659 1216 2724 Pontificatum
1240 2669 1358 2724 evectos

250 2761 360 2842 fuisse,
385 2759 467 2824 adeo
491 2769 527 2821 ut
551 2758 713 2822 ordinatio
737 2757 963 2824 archidiaconi
987 2759 1022 2823 in
1047 2757 1278 2843 presbyterum
1300 2757 1357 2820 fere

250 2859 426 2922 haberetur
449 2867 485 2922 ut
508 2857 617 2920 minor
637 2857 760 2920 favor'
753 2857 816 2941 ipsi
835 2857 1020 2941 praestitus,
1046 2867 1078 2920 et
1101 2864 1137 2919 ut
1159 2853 1355 2920 obstaculum

250 2979 306 3041 pro
340 2957 390 3019 fut
377 2965 451 3019 tura
483 2956 700 3020 successione.
746 2952 829 3016 Inde
863 2955 961 3018 etiam
991 2953 1059 3018 fact
1046 2963 1116 3018 tum
1151 2952 1297 3035 videtur,
1328 2963 1357 3014 ut

249 3061 363 3138 postea
385 3053 525 3116 nimium
546 3073 580 3116 se
599 3053 752 3116 efferrent
766 3050 890 3116 Romae
905 3051 1052 3134 diaconi3
1078 3051 1165 3116 unde
1190 3003 1423 3138 specialem

249 3173 409 3216 canonem
432 3150 511 3214 fecit
534 3147 721 3213 Concilium
745 3149 879 3230 Arelat,
904 3150 942 3214 de
967 3149 1153 3214 diaconibus
1175 3149 1207 3214 b
1203 3149 1307 3228 rhicis,
1328 3158 1356 3212 ut
1422 3155 1423 3238 J

248 3274 311 3314 non
335 3249 396 3314 sibi
419 3259 541 3312 tautum
558 3248 809 3359 praesumauffl).

336 3347 388 3412 30.
414 3347 584 3410 Diaconos
616 3346 743 3430 primus
772 3344 943 3409 Pontificis
975 3347 1180 3431 praepositus
1213 3354 1292 3427 erat,
1315 3343 1354 3405 uti

247 3445 426 3516 innuimus,
460 3467 552 3506 arcae
586 3443 832 3522 ecclesiasticae,
866 3443 1028 3508 bonorum
1056 3443 1287 3529 temporalium
1307 3439 1354 3506 ad·

246 3542 491 3621 ministrationi,
517 3551 549 3604 et
564 3541 787 3606 distributioni
804 3542 1011 3627 pensionum,
1036 3541 1266 3627 sportularum,
1290 3537 1354 3602 suh·

246 3641 415 3720 sidiorum,
450 3639 752 3724 elecmosynarum,
778 3661 836 3724 pro
861 3639 973 3721 Claro,
998 3640 1126 3721 viduis,
1151 3637 1353 3725 pauperibus,

245 3737 497 3819 confessoribus,
531 3739 672 3823 captivis
696 3747 728 3802 et
759 3737 802 3802 ad
840 3737 972 3802 metalla
1005 3738 1178 3802 damnatis.
1234 3737 1352 3800 Horum

245 3839 393 3905 omnium
427 3833 594 3920 catalogus
627 3859 686 3900 seu
721 3836 891 3902 momento
923 3836 1061 3920 proinde
1093 3847 1164 3900 erat
1196 3837 1293 3900 eham
1323 3833 1352 3896 in

245 3936 348 4020 ipsius
381 3932 544 4016 manibus,
578 3957 616 3998 ac
650 3936 855 3999 connexione
888 3933 1031 4020 quadam
1065 3935 1250 3998 necessaria
1274 3929 1350 3995 Cleri

322 4155 340 4218 ¹)
360 4153 451 4208 Photii
470 4154 597 4209 Biblioth.
617 4157 672 4210 eod.
690 4158 751 4209 280.
790 4155 882 4223 lligue
901 4157 930 4208 P.
950 4155 982 4210 G.
1002 4155 1164 4226 Tom,‚CIV.
1184 4173 1208 4227 p.
1226 4155 1286 4208 354.

317 4238 338 4304 ἵ)
357 4233 457 4288 concil.
476 4235 578 4292 Arelat
597 4250 655 4298 can.
675 4237 716 4291 18.
