<?xml version="1.0" encoding="UTF-8"?>
<!DOCTYPE html PUBLIC "-//W3C//DTD XHTML 1.0 Transitional//EN"
    "http://www.w3.org/TR/xhtml1/DTD/xhtml1-transitional.dtd">
<html xmlns="http://www.w3.org/1999/xhtml" xml:lang="en" lang="en">
 <head>
  <title>
</title>
<meta http-equiv="Content-Type" content="text/html;charset=utf-8" />
  <meta name='ocr-system' content='tesseract 3.04.00' />
  <meta name='ocr-capabilities' content='ocr_page ocr_carea ocr_par ocr_line ocrx_word'/>
</head>
<body>
  <div class='ocr_page' id='page_1' title='image "./dissertationess02junggoog_0552.png"; bbox 0 0 2766 4836; ppageno 0'>
   <div class='ocr_carea' id='block_1_1' title="bbox 452 513 1142 579">
    <p class='ocr_par' dir='ltr' id='par_1_1' title="bbox 452 513 1142 579">
     <span class='ocr_line' id='line_1_1' title="bbox 452 513 1142 579; baseline 0.001 -3"><span class='ocrx_word' id='word_1_1' title='bbox 452 523 592 578; x_wconf 76' lang='lat' dir='ltr'><strong><em>vindiciae</em></strong></span> <span class='ocrx_word' id='word_1_2' title='bbox 610 523 718 579; x_wconf 77' lang='lat' dir='ltr'><strong><em>Liberti.</em></strong></span> <span class='ocrx_word' id='word_1_3' title='bbox 1108 513 1142 566; x_wconf 80' lang='lat'><strong><em>73</em></strong></span> 
     </span>
    </p>
   </div>
   <div class='ocr_carea' id='block_1_2' title="bbox 2 661 1144 2122">
    <p class='ocr_par' dir='ltr' id='par_1_2' title="bbox 58 661 1142 752">
     <span class='ocr_line' id='line_1_2' title="bbox 58 661 1142 752; baseline -0.006 -22"><span class='ocrx_word' id='word_1_4' title='bbox 58 676 167 730; x_wconf 79' lang='lat' dir='ltr'><strong><em>musto</em></strong></span> <span class='ocrx_word' id='word_1_5' title='bbox 181 666 305 732; x_wconf 85' lang='lat' dir='ltr'><strong><em>Liberii</em></strong></span> <span class='ocrx_word' id='word_1_6' title='bbox 319 668 434 750; x_wconf 82' lang='lat' dir='ltr'><strong><em>vigore</em></strong></span> <span class='ocrx_word' id='word_1_7' title='bbox 455 677 568 734; x_wconf 83' lang='lat' dir='ltr'><strong><em>eontra</em></strong></span> <span class='ocrx_word' id='word_1_8' title='bbox 583 667 817 752; x_wconf 77' lang='lat' dir='ltr'><strong>Imperatorem</strong></span> <span class='ocrx_word' id='word_1_9' title='bbox 836 665 970 750; x_wconf 87' lang='lat' dir='ltr'><strong><em>ejusque</em></strong></span> <span class='ocrx_word' id='word_1_10' title='bbox 985 661 1094 744; x_wconf 85' lang='lat' dir='ltr'><strong><em>exilio,</em></strong></span> <span class='ocrx_word' id='word_1_11' title='bbox 1109 668 1142 724; x_wconf 88' lang='lat' dir='ltr'><strong><em>et</em></strong></span> 
     </span>
    </p>

    <p class='ocr_par' dir='ltr' id='par_1_3' title="bbox 2 754 1141 850">
     <span class='ocr_line' id='line_1_3' title="bbox 2 754 1141 850; baseline -0.004 -23"><span class='ocrx_word' id='word_1_12' title='bbox 2 754 5 815; x_wconf 72' lang='grc' dir='ltr'>ἶ</span> <span class='ocrx_word' id='word_1_13' title='bbox 55 763 212 848; x_wconf 81' lang='lat' dir='ltr'><strong><em>legatorum</em></strong></span> <span class='ocrx_word' id='word_1_14' title='bbox 223 765 294 850; x_wconf 88' lang='lat' dir='ltr'><strong><em>ejus</em></strong></span> <span class='ocrx_word' id='word_1_15' title='bbox 304 765 461 846; x_wconf 82' lang='lat' dir='ltr'><strong><em>Luciferi,</em></strong></span> <span class='ocrx_word' id='word_1_16' title='bbox 472 765 639 832; x_wconf 81' lang='lat' dir='ltr'><strong><em>Panoratii</em></strong></span> <span class='ocrx_word' id='word_1_17' title='bbox 649 765 809 830; x_wconf 87' lang='lat' dir='ltr'><strong><em>etHilarii</em></strong></span> <span class='ocrx_word' id='word_1_18' title='bbox 821 761 985 847; x_wconf 79' lang='lat' dir='ltr'><strong><em>descripta</em></strong></span> <span class='ocrx_word' id='word_1_19' title='bbox 993 769 1141 824; x_wconf 83' lang='lat' dir='ltr'><strong><em>constan-</em></strong></span> 
     </span>
    </p>

    <p class='ocr_par' dir='ltr' id='par_1_4' title="bbox 2 852 1144 2122">
     <span class='ocr_line' id='line_1_4' title="bbox 2 852 1142 944; baseline -0.003 -20"><span class='ocrx_word' id='word_1_20' title='bbox 2 852 3 859; x_wconf 9' lang='grc' dir='ltr'>ἵ</span> <span class='ocrx_word' id='word_1_21' title='bbox 55 863 89 924; x_wconf 84' lang='lat' dir='ltr'><strong><em>tia</em></strong></span> <span class='ocrx_word' id='word_1_22' title='bbox 103 864 134 926; x_wconf 93' lang='lat' dir='ltr'><strong><em>in</em></strong></span> <span class='ocrx_word' id='word_1_23' title='bbox 159 861 292 927; x_wconf 80' lang='lat' dir='ltr'><strong><em>coneilio</em></strong></span> <span class='ocrx_word' id='word_1_24' title='bbox 308 861 556 944; x_wconf 80' lang='lat' dir='ltr'><strong>Mediolanensi,</strong></span> <span class='ocrx_word' id='word_1_25' title='bbox 581 866 626 928; x_wconf 90' lang='lat' dir='ltr'><strong><em>ita</em></strong></span> <span class='ocrx_word' id='word_1_26' title='bbox 647 863 787 928; x_wconf 88' lang='lat' dir='ltr'><strong><em>habetur</em></strong></span> <span class='ocrx_word' id='word_1_27' title='bbox 800 883 833 926; x_wconf 88' lang='lat' dir='ltr'><strong><em>n.</em></strong></span> <span class='ocrx_word' id='word_1_28' title='bbox 847 862 908 926; x_wconf 80' lang='lat'><strong><em>41:</em></strong></span> <span class='ocrx_word' id='word_1_29' title='bbox 930 859 982 923; x_wconf 81' lang='lat' dir='ltr'><strong><em>Sic</em></strong></span> <span class='ocrx_word' id='word_1_30' title='bbox 1001 861 1106 944; x_wconf 82' lang='lat' dir='ltr'><strong><em>itaque</em></strong></span> <span class='ocrx_word' id='word_1_31' title='bbox 1121 881 1142 922; x_wconf 89' lang='lat' dir='ltr'><strong><em>a</em></strong></span> 
     </span>
     <span class='ocr_line' id='line_1_5' title="bbox 49 959 1137 1048; baseline -0.004 -25"><span class='ocrx_word' id='word_1_32' title='bbox 49 961 191 1048; x_wconf 75' lang='lat' dir='ltr'><strong><em>principio</em></strong></span> <span class='ocrx_word' id='word_1_33' title='bbox 208 963 310 1047; x_wconf 67' lang='grc' dir='ltr'><strong><em>ἱροαπι</em></strong></span> <span class='ocrx_word' id='word_1_34' title='bbox 329 962 506 1026; x_wconf 82' lang='lat' dir='ltr'><strong><em>Romanam</em></strong></span> <span class='ocrx_word' id='word_1_35' title='bbox 526 961 686 1026; x_wconf 73' lang='lat' dir='ltr'><strong><em>ecelesiam</em></strong></span> <span class='ocrx_word' id='word_1_36' title='bbox 710 959 904 1047; x_wconf 72' lang='lat' dir='ltr'><em>labefactare</em></span> <span class='ocrx_word' id='word_1_37' title='bbox 928 959 1034 1021; x_wconf 65' lang='lat' dir='ltr'><strong><em>cenea</em></strong></span> <span class='ocrx_word' id='word_1_38' title='bbox 1056 967 1137 1020; x_wconf 80' lang='lat' dir='ltr'><strong><em>aaut.</em></strong></span> 
     </span>
     <span class='ocr_line' id='line_1_6' title="bbox 54 1057 1141 1147; baseline -0.001 -27"><span class='ocrx_word' id='word_1_39' title='bbox 54 1057 136 1120; x_wconf 83' lang='lat' dir='ltr'><strong><em>Porro</em></strong></span> <span class='ocrx_word' id='word_1_40' title='bbox 145 1057 285 1122; x_wconf 70' lang='lat' dir='ltr'><strong><em>Liberium</em></strong></span> <span class='ocrx_word' id='word_1_41' title='bbox 295 1058 548 1145; x_wconf 62' lang='lat' dir='ltr'><strong><em>entommfaetas</em></strong></span> <span class='ocrx_word' id='word_1_42' title='bbox 557 1070 635 1147; x_wconf 83' lang='lat' dir='ltr'><strong><em>poet</em></strong></span> <span class='ocrx_word' id='word_1_43' title='bbox 648 1059 804 1124; x_wconf 78' lang='lat' dir='ltr'><strong><em>biennium</em></strong></span> <span class='ocrx_word' id='word_1_44' title='bbox 814 1057 1076 1142; x_wconf 74' lang='lat' dir='ltr'><strong><em>deaipaefraetra</em></strong></span> <span class='ocrx_word' id='word_1_45' title='bbox 1086 1066 1141 1134; x_wconf 83' lang='lat' dir='ltr'><strong><em>est,</em></strong></span> 
     </span>
     <span class='ocr_line' id='line_1_7' title="bbox 53 1157 1141 1244; baseline -0.001 -27"><span class='ocrx_word' id='word_1_46' title='bbox 53 1157 183 1240; x_wconf 64' lang='lat' dir='ltr'><strong><em>uinaque</em></strong></span> <span class='ocrx_word' id='word_1_47' title='bbox 193 1158 495 1243; x_wconf 74' lang='lat' dir='ltr'><strong><em>martinperterritrm</em></strong></span> <span class='ocrx_word' id='word_1_48' title='bbox 504 1158 696 1244; x_wconf 76' lang='lat' dir='ltr'><strong><em>miscripait.</em></strong></span> <span class='ocrx_word' id='word_1_49' title='bbox 719 1157 1141 1242; x_wconf 81' lang='lat' dir='ltr'><strong><em>Verameaipearecompro·</em></strong></span> 
     </span>
     <span class='ocr_line' id='line_1_8' title="bbox 52 1250 1141 1334; baseline -0.001 -18"><span class='ocrx_word' id='word_1_50' title='bbox 52 1252 129 1316; x_wconf 72' lang='lat' dir='ltr'><strong><em>taur</em></strong></span> <span class='ocrx_word' id='word_1_51' title='bbox 139 1279 204 1318; x_wconf 85' lang='lat' dir='ltr'><strong><em>cum</em></strong></span> <span class='ocrx_word' id='word_1_52' title='bbox 217 1253 367 1318; x_wconf 60' lang='lat' dir='ltr'><strong><em>violem</em></strong></span> <span class='ocrx_word' id='word_1_53' title='bbox 381 1277 495 1334; x_wconf 71' lang='lat' dir='ltr'><strong><em>eonem</em></strong></span> <span class='ocrx_word' id='word_1_54' title='bbox 512 1267 575 1320; x_wconf 74' lang='lat' dir='ltr'><strong><em>uam</em></strong></span> <span class='ocrx_word' id='word_1_55' title='bbox 586 1255 705 1320; x_wconf 65' lang='lat' dir='ltr'><strong><em>Liberis·</em></strong></span> <span class='ocrx_word' id='word_1_56' title='bbox 718 1256 752 1318; x_wconf 84' lang='lat' dir='ltr'><strong><em>ia</em></strong></span> <span class='ocrx_word' id='word_1_57' title='bbox 760 1255 911 1318; x_wconf 74' lang='lat' dir='ltr'><strong><em>haeresim</em></strong></span> <span class='ocrx_word' id='word_1_58' title='bbox 926 1250 1017 1315; x_wconf 82' lang='lat' dir='ltr'><strong><em>illam</em></strong></span> <span class='ocrx_word' id='word_1_59' title='bbox 1027 1252 1141 1329; x_wconf 82' lang='lat' dir='ltr'><strong><em>odium,</em></strong></span> 
     </span>
     <span class='ocr_line' id='line_1_9' title="bbox 50 1348 1142 1440; baseline -0.005 -23"><span class='ocrx_word' id='word_1_60' title='bbox 50 1355 157 1438; x_wconf 69' lang='lat' dir='ltr'><strong><em>ejusque</em></strong></span> <span class='ocrx_word' id='word_1_61' title='bbox 169 1375 232 1438; x_wconf 81' lang='lat' dir='ltr'><strong><em>pro</em></strong></span> <span class='ocrx_word' id='word_1_62' title='bbox 250 1351 427 1416; x_wconf 75' lang='lat' dir='ltr'><strong><em>Atieanaeio</em></strong></span> <span class='ocrx_word' id='word_1_63' title='bbox 438 1353 633 1440; x_wconf 71' lang='lat' dir='ltr'><strong><em>auffrapiam,</em></strong></span> <span class='ocrx_word' id='word_1_64' title='bbox 644 1353 794 1439; x_wconf 77' lang='lat' dir='ltr'><strong><em>qsaamdia</em></strong></span> <span class='ocrx_word' id='word_1_65' title='bbox 810 1350 928 1414; x_wconf 77' lang='lat' dir='ltr'><strong><em>scilieet</em></strong></span> <span class='ocrx_word' id='word_1_66' title='bbox 942 1349 1037 1413; x_wconf 83' lang='lat' dir='ltr'><strong><em>libere</em></strong></span> <span class='ocrx_word' id='word_1_67' title='bbox 1059 1348 1142 1412; x_wconf 83' lang='lat' dir='ltr'><strong><em>arbi-</em></strong></span> 
     </span>
     <span class='ocr_line' id='line_1_10' title="bbox 50 1448 1143 1537; baseline -0.001 -27"><span class='ocrx_word' id='word_1_68' title='bbox 50 1450 152 1534; x_wconf 71' lang='lat' dir='ltr'><strong><em>trioque</em></strong></span> <span class='ocrx_word' id='word_1_69' title='bbox 173 1471 229 1514; x_wconf 75' lang='lat' dir='ltr'><strong><em>aaa</em></strong></span> <span class='ocrx_word' id='word_1_70' title='bbox 252 1473 343 1535; x_wconf 77' lang='lat' dir='ltr'><strong><em>apere</em></strong></span> <span class='ocrx_word' id='word_1_71' title='bbox 358 1449 464 1514; x_wconf 77' lang='lat' dir='ltr'><strong><em>iieait.</em></strong></span> <span class='ocrx_word' id='word_1_72' title='bbox 512 1453 699 1537; x_wconf 81' lang='lat' dir='ltr'><strong><em>Numquae</em></strong></span> <span class='ocrx_word' id='word_1_73' title='bbox 723 1459 942 1514; x_wconf 76' lang='lat' dir='ltr'><strong><em>tmnteatoram</em></strong></span> <span class='ocrx_word' id='word_1_74' title='bbox 964 1448 995 1512; x_wconf 91' lang='lat' dir='ltr'><strong><em>ui</em></strong></span> <span class='ocrx_word' id='word_1_75' title='bbox 1012 1456 1143 1534; x_wconf 81' lang='lat' dir='ltr'><strong><em>praeter</em></strong></span> 
     </span>
     <span class='ocr_line' id='line_1_11' title="bbox 46 1545 1143 1634; baseline -0.003 -24"><span class='ocrx_word' id='word_1_76' title='bbox 46 1547 169 1630; x_wconf 83' lang='lat' dir='ltr'><strong><em>priorem</em></strong></span> <span class='ocrx_word' id='word_1_77' title='bbox 196 1549 381 1613; x_wconf 65' lang='lat' dir='ltr'><strong><em>ommatium</em></strong></span> <span class='ocrx_word' id='word_1_78' title='bbox 413 1547 596 1629; x_wconf 80' lang='lat' dir='ltr'><strong><em>eliciuntur,</em></strong></span> <span class='ocrx_word' id='word_1_79' title='bbox 628 1573 666 1613; x_wconf 88' lang='lat' dir='ltr'><strong><em>ea</em></strong></span> <span class='ocrx_word' id='word_1_80' title='bbox 695 1572 758 1612; x_wconf 86' lang='lat' dir='ltr'><strong><em>uon</em></strong></span> <span class='ocrx_word' id='word_1_81' title='bbox 780 1545 1064 1634; x_wconf 74' lang='lat' dir='ltr'><strong><em>reformidantium,</em></strong></span> <span class='ocrx_word' id='word_1_82' title='bbox 1088 1545 1143 1608; x_wconf 82' lang='lat' dir='ltr'><strong><em>sed</em></strong></span> 
     </span>
     <span class='ocr_line' id='line_1_12' title="bbox 50 1645 1144 1733; baseline 0 -28"><span class='ocrx_word' id='word_1_83' title='bbox 50 1646 211 1710; x_wconf 62' lang='lat' dir='ltr'><strong><em>enatam</em></strong></span> <span class='ocrx_word' id='word_1_84' title='bbox 241 1657 314 1710; x_wconf 76' lang='lat' dir='ltr'><strong><em>mut</em></strong></span> <span class='ocrx_word' id='word_1_85' title='bbox 338 1645 475 1733; x_wconf 80' lang='lat' dir='ltr'><strong><em>placita</em></strong></span> <span class='ocrx_word' id='word_1_86' title='bbox 523 1646 615 1712; x_wconf 75' lang='lat' dir='ltr'><strong><em>Nittt</em></strong></span> <span class='ocrx_word' id='word_1_87' title='bbox 644 1649 749 1732; x_wconf 73' lang='lat' dir='ltr'><strong><em>itaqiae</em></strong></span> <span class='ocrx_word' id='word_1_88' title='bbox 779 1645 917 1710; x_wconf 72' lang='lat' dir='ltr'><strong><em>haeresis</em></strong></span> <span class='ocrx_word' id='word_1_89' title='bbox 945 1645 1051 1728; x_wconf 70' lang='lat' dir='ltr'><strong><em>pratia</em></strong></span> <span class='ocrx_word' id='word_1_90' title='bbox 1080 1666 1144 1706; x_wconf 83' lang='lat' dir='ltr'><strong><em>non</em></strong></span> 
     </span>
     <span class='ocr_line' id='line_1_13' title="bbox 49 1741 1143 1832; baseline -0.005 -23"><span class='ocrx_word' id='word_1_91' title='bbox 49 1745 172 1827; x_wconf 65' lang='lat' dir='ltr'><strong><em>oppam</em></strong></span> <span class='ocrx_word' id='word_1_92' title='bbox 192 1754 273 1808; x_wconf 78' lang='lat' dir='ltr'><strong><em>aaut.</em></strong></span> <span class='ocrx_word' id='word_1_93' title='bbox 321 1744 438 1831; x_wconf 78' lang='lat' dir='ltr'><strong><em>Populi</em></strong></span> <span class='ocrx_word' id='word_1_94' title='bbox 467 1768 538 1809; x_wconf 83' lang='lat' dir='ltr'><strong><em>vero</em></strong></span> <span class='ocrx_word' id='word_1_95' title='bbox 557 1767 619 1832; x_wconf 83' lang='lat' dir='ltr'><strong><em>per</em></strong></span> <span class='ocrx_word' id='word_1_96' title='bbox 648 1744 789 1830; x_wconf 75' lang='lat' dir='ltr'><strong><em>einpalas</em></strong></span> <span class='ocrx_word' id='word_1_97' title='bbox 813 1742 957 1806; x_wconf 77' lang='lat' dir='ltr'><strong><em>eeclesiae</em></strong></span> <span class='ocrx_word' id='word_1_98' title='bbox 980 1765 1072 1826; x_wconf 82' lang='lat' dir='ltr'><strong><em>qaam</em></strong></span> <span class='ocrx_word' id='word_1_99' title='bbox 1096 1741 1143 1804; x_wconf 83' lang='lat' dir='ltr'><strong><em>di-</em></strong></span> 
     </span>
     <span class='ocr_line' id='line_1_14' title="bbox 48 1837 1143 1929; baseline 0 -27"><span class='ocrx_word' id='word_1_100' title='bbox 48 1838 133 1904; x_wconf 69' lang='lat' dir='ltr'><strong><em>dicere</em></strong></span> <span class='ocrx_word' id='word_1_101' title='bbox 147 1842 248 1924; x_wconf 77' lang='lat' dir='ltr'><strong><em>fidem</em></strong></span> <span class='ocrx_word' id='word_1_102' title='bbox 268 1843 446 1922; x_wconf 80' lang='lat' dir='ltr'><strong><em>retinentes,</em></strong></span> <span class='ocrx_word' id='word_1_103' title='bbox 469 1845 636 1928; x_wconf 74' lang='lat' dir='ltr'><strong><em>mapiatroe</em></strong></span> <span class='ocrx_word' id='word_1_104' title='bbox 658 1852 840 1929; x_wconf 76' lang='lat' dir='ltr'><strong><em>eoeapeotont</em></strong></span> <span class='ocrx_word' id='word_1_105' title='bbox 860 1862 942 1918; x_wconf 76' lang='lat' dir='ltr'><strong><em>atos,</em></strong></span> <span class='ocrx_word' id='word_1_106' title='bbox 967 1864 1003 1902; x_wconf 85' lang='lat' dir='ltr'><strong><em>ae</em></strong></span> <span class='ocrx_word' id='word_1_107' title='bbox 1022 1837 1143 1903; x_wconf 67' lang='lat' dir='ltr'><strong><em>Christo</em></strong></span> 
     </span>
     <span class='ocr_line' id='line_1_15' title="bbox 48 1937 1144 2028; baseline 0.001 -29"><span class='ocrx_word' id='word_1_108' title='bbox 48 1937 249 2004; x_wconf 76' lang='lat' dir='ltr'><strong><em>adoeraariam</em></strong></span> <span class='ocrx_word' id='word_1_109' title='bbox 279 1941 432 2005; x_wconf 75' lang='lat' dir='ltr'><strong><em>haeresim</em></strong></span> <span class='ocrx_word' id='word_1_110' title='bbox 461 1965 555 2027; x_wconf 77' lang='lat' dir='ltr'><strong><em>paam</em></strong></span> <span class='ocrx_word' id='word_1_111' title='bbox 584 1943 685 2006; x_wconf 84' lang='lat' dir='ltr'><strong><em>eoaeti</em></strong></span> <span class='ocrx_word' id='word_1_112' title='bbox 720 1961 876 2028; x_wconf 79' lang='lat' dir='ltr'><strong><em>recepere,</em></strong></span> <span class='ocrx_word' id='word_1_113' title='bbox 908 1959 1010 2001; x_wconf 79' lang='lat' dir='ltr'><strong><em>omues</em></strong></span> <span class='ocrx_word' id='word_1_114' title='bbox 1047 1937 1144 2001; x_wconf 85' lang='lat' dir='ltr'><strong><em>ueluti</em></strong></span> 
     </span>
     <span class='ocr_line' id='line_1_16' title="bbox 48 2038 443 2122; baseline 0.005 -20"><span class='ocrx_word' id='word_1_115' title='bbox 48 2049 202 2122; x_wconf 66' lang='lat' dir='ltr'><strong><em>serpentem</em></strong></span> <span class='ocrx_word' id='word_1_116' title='bbox 225 2038 443 2104; x_wconf 72' lang='lat' dir='ltr'><strong><em>adversantia.</em></strong></span> 
     </span>
    </p>
   </div>
   <div class='ocr_carea' id='block_1_3' title="bbox 4 2233 1311 4380">
    <p class='ocr_par' dir='ltr' id='par_1_5' title="bbox 47 2233 1311 3103">
     <span class='ocr_line' id='line_1_17' title="bbox 121 2233 1311 2346; baseline -0.003 -50"><span class='ocrx_word' id='word_1_117' title='bbox 121 2235 174 2299; x_wconf 84' lang='lat'><strong><em>98.</em></strong></span> <span class='ocrx_word' id='word_1_118' title='bbox 199 2235 245 2300; x_wconf 94' lang='lat' dir='ltr'><strong><em>Ut</em></strong></span> <span class='ocrx_word' id='word_1_119' title='bbox 268 2233 309 2298; x_wconf 88' lang='lat' dir='ltr'><strong><em>de</em></strong></span> <span class='ocrx_word' id='word_1_120' title='bbox 333 2234 385 2298; x_wconf 92' lang='lat' dir='ltr'><strong><em>his</em></strong></span> <span class='ocrx_word' id='word_1_121' title='bbox 408 2237 603 2300; x_wconf 87' lang='lat' dir='ltr'><strong><em>sententiam</em></strong></span> <span class='ocrx_word' id='word_1_122' title='bbox 621 2236 763 2300; x_wconf 89' lang='lat' dir='ltr'><strong><em>formare</em></strong></span> <span class='ocrx_word' id='word_1_123' title='bbox 787 2237 949 2321; x_wconf 89' lang='lat' dir='ltr'><strong><em>possimus</em></strong></span> <span class='ocrx_word' id='word_1_124' title='bbox 971 2234 1053 2298; x_wconf 88' lang='lat' dir='ltr'><strong><em>haeo</em></strong></span> <span class='ocrx_word' id='word_1_125' title='bbox 1076 2233 1144 2298; x_wconf 88' lang='lat' dir='ltr'><strong><em>ani·</em></strong></span> <span class='ocrx_word' id='word_1_126' title='bbox 1155 2243 1262 2346; x_wconf 64' lang='lat' dir='ltr'><strong><em>01¹th</em></strong></span> <span class='ocrx_word' id='word_1_127' title='bbox 1234 2254 1311 2345; x_wconf 48' lang='lat' dir='ltr'><strong><em>teutper-</em></strong></span> 
     </span>
     <span class='ocr_line' id='line_1_18' title="bbox 49 2304 1204 2420; baseline 0 -25"><span class='ocrx_word' id='word_1_128' title='bbox 49 2329 271 2397; x_wconf 80' lang='lat' dir='ltr'><strong><em>madvertenda</em></strong></span> <span class='ocrx_word' id='word_1_129' title='bbox 302 2342 397 2398; x_wconf 88' lang='lat' dir='ltr'><strong><em>sunt:</em></strong></span> <span class='ocrx_word' id='word_1_130' title='bbox 428 2335 464 2396; x_wconf 87' lang='lat'><strong><em>1⁰</em></strong></span> <span class='ocrx_word' id='word_1_131' title='bbox 500 2333 680 2398; x_wconf 86' lang='lat' dir='ltr'><strong><em>Indubium</em></strong></span> <span class='ocrx_word' id='word_1_132' title='bbox 713 2343 770 2416; x_wconf 90' lang='lat' dir='ltr'><strong><em>est,</em></strong></span> <span class='ocrx_word' id='word_1_133' title='bbox 804 2333 945 2419; x_wconf 87' lang='lat' dir='ltr'><strong><em>idque</em></strong></span> <span class='ocrx_word' id='word_1_134' title='bbox 931 2355 1001 2420; x_wconf 83' lang='lat' dir='ltr'><strong><em>Jam</em></strong></span> <span class='ocrx_word' id='word_1_135' title='bbox 1036 2304 1204 2396; x_wconf 85' lang='lat' dir='ltr'><strong><em>nostro</em></strong></span> 
     </span>
     <span class='ocr_line' id='line_1_19' title="bbox 47 2430 1143 2514; baseline 0.002 -24"><span class='ocrx_word' id='word_1_136' title='bbox 47 2441 178 2514; x_wconf 81' lang='lat' dir='ltr'><strong><em>tempore</em></strong></span> <span class='ocrx_word' id='word_1_137' title='bbox 209 2430 344 2495; x_wconf 81' lang='lat' dir='ltr'><strong><em>videtur</em></strong></span> <span class='ocrx_word' id='word_1_138' title='bbox 373 2455 393 2495; x_wconf 88' lang='lat' dir='ltr'><strong><em>a</em></strong></span> <span class='ocrx_word' id='word_1_139' title='bbox 425 2433 547 2496; x_wconf 84' lang='lat' dir='ltr'><strong><em>criticis</em></strong></span> <span class='ocrx_word' id='word_1_140' title='bbox 579 2433 759 2496; x_wconf 83' lang='lat' dir='ltr'><strong><em>universim</em></strong></span> <span class='ocrx_word' id='word_1_141' title='bbox 783 2431 923 2512; x_wconf 81' lang='lat' dir='ltr'><strong><em>admitti,</em></strong></span> <span class='ocrx_word' id='word_1_142' title='bbox 955 2441 1064 2494; x_wconf 86' lang='lat' dir='ltr'><strong><em>textus</em></strong></span> <span class='ocrx_word' id='word_1_143' title='bbox 1088 2430 1143 2514; x_wconf 91' lang='lat' dir='ltr'><strong><em>qui</em></strong></span> 
     </span>
     <span class='ocr_line' id='line_1_20' title="bbox 47 2523 1145 2615; baseline 0.002 -27"><span class='ocrx_word' id='word_1_144' title='bbox 47 2523 157 2594; x_wconf 83' lang='lat' dir='ltr'><strong><em>Liberii</em></strong></span> <span class='ocrx_word' id='word_1_145' title='bbox 189 2539 224 2592; x_wconf 86' lang='lat' dir='ltr'><strong><em>et</em></strong></span> <span class='ocrx_word' id='word_1_146' title='bbox 251 2529 346 2593; x_wconf 87' lang='lat' dir='ltr'><strong><em>Hosii</em></strong></span> <span class='ocrx_word' id='word_1_147' title='bbox 378 2529 505 2615; x_wconf 88' lang='lat' dir='ltr'><strong><em>lapsum</em></strong></span> <span class='ocrx_word' id='word_1_148' title='bbox 535 2539 693 2615; x_wconf 86' lang='lat' dir='ltr'><strong><em>spectant,</em></strong></span> <span class='ocrx_word' id='word_1_149' title='bbox 719 2529 807 2594; x_wconf 89' lang='lat' dir='ltr'><strong><em>haud</em></strong></span> <span class='ocrx_word' id='word_1_150' title='bbox 841 2529 918 2593; x_wconf 89' lang='lat' dir='ltr'><strong><em>inde</em></strong></span> <span class='ocrx_word' id='word_1_151' title='bbox 941 2528 984 2592; x_wconf 86' lang='lat' dir='ltr'><strong><em>ab</em></strong></span> <span class='ocrx_word' id='word_1_152' title='bbox 1008 2529 1101 2592; x_wconf 91' lang='lat' dir='ltr'><strong><em>initio</em></strong></span> <span class='ocrx_word' id='word_1_153' title='bbox 1125 2550 1145 2590; x_wconf 92' lang='lat' dir='ltr'><strong><em>a</em></strong></span> 
     </span>
     <span class='ocr_line' id='line_1_21' title="bbox 48 2623 1145 2713; baseline 0.001 -27"><span class='ocrx_word' id='word_1_154' title='bbox 48 2623 74 2686; x_wconf 74' lang='lat' dir='ltr'><strong><em>S.</em></strong></span> <span class='ocrx_word' id='word_1_155' title='bbox 101 2625 284 2691; x_wconf 78' lang='lat' dir='ltr'><strong><em>Athanasio</em></strong></span> <span class='ocrx_word' id='word_1_156' title='bbox 317 2629 352 2692; x_wconf 93' lang='lat' dir='ltr'><strong><em>in</em></strong></span> <span class='ocrx_word' id='word_1_157' title='bbox 385 2629 493 2691; x_wconf 84' lang='lat' dir='ltr'><strong><em>nitatis</em></strong></span> <span class='ocrx_word' id='word_1_158' title='bbox 524 2627 645 2692; x_wconf 87' lang='lat' dir='ltr'><strong><em>libellis</em></strong></span> <span class='ocrx_word' id='word_1_159' title='bbox 683 2629 820 2713; x_wconf 85' lang='lat' dir='ltr'><strong><em>scriptos</em></strong></span> <span class='ocrx_word' id='word_1_160' title='bbox 858 2627 968 2708; x_wconf 87' lang='lat' dir='ltr'><strong><em>fuisse,</em></strong></span> <span class='ocrx_word' id='word_1_161' title='bbox 1002 2625 1059 2690; x_wconf 87' lang='lat' dir='ltr'><strong><em>sed</em></strong></span> <span class='ocrx_word' id='word_1_162' title='bbox 1091 2646 1145 2688; x_wconf 88' lang='lat' dir='ltr'><strong><em>eos</em></strong></span> 
     </span>
     <span class='ocr_line' id='line_1_22' title="bbox 49 2723 1145 2813; baseline -0.002 -25"><span class='ocrx_word' id='word_1_163' title='bbox 49 2733 145 2804; x_wconf 83' lang='lat' dir='ltr'><strong><em>postea</em></strong></span> <span class='ocrx_word' id='word_1_164' title='bbox 168 2723 300 2789; x_wconf 87' lang='lat' dir='ltr'><strong><em>additos</em></strong></span> <span class='ocrx_word' id='word_1_165' title='bbox 323 2747 403 2790; x_wconf 85' lang='lat' dir='ltr'><strong><em>esse.</em></strong></span> <span class='ocrx_word' id='word_1_166' title='bbox 442 2726 625 2813; x_wconf 85' lang='lat' dir='ltr'><strong><em>Utrumque</em></strong></span> <span class='ocrx_word' id='word_1_167' title='bbox 639 2728 728 2792; x_wconf 90' lang='lat' dir='ltr'><strong><em>enim</em></strong></span> <span class='ocrx_word' id='word_1_168' title='bbox 751 2725 944 2811; x_wconf 85' lang='lat' dir='ltr'><strong><em>opusculum</em></strong></span> <span class='ocrx_word' id='word_1_169' title='bbox 961 2723 1145 2788; x_wconf 81' lang='lat' dir='ltr'><strong><em>confectum</em></strong></span> 
     </span>
     <span class='ocr_line' id='line_1_23' title="bbox 48 2821 1148 2908; baseline 0.002 -26"><span class='ocrx_word' id='word_1_170' title='bbox 48 2832 85 2882; x_wconf 86' lang='lat' dir='ltr'><strong><em>est</em></strong></span> <span class='ocrx_word' id='word_1_171' title='bbox 104 2833 180 2886; x_wconf 85' lang='lat' dir='ltr'><strong><em>ante</em></strong></span> <span class='ocrx_word' id='word_1_172' title='bbox 204 2821 286 2887; x_wconf 86' lang='lat' dir='ltr'><strong><em>illud</em></strong></span> <span class='ocrx_word' id='word_1_173' title='bbox 309 2833 448 2908; x_wconf 86' lang='lat' dir='ltr'><strong><em>tempus,</em></strong></span> <span class='ocrx_word' id='word_1_174' title='bbox 474 2826 527 2887; x_wconf 87' lang='lat' dir='ltr'><strong><em>eui</em></strong></span> <span class='ocrx_word' id='word_1_175' title='bbox 549 2823 677 2888; x_wconf 85' lang='lat' dir='ltr'><strong><em>Liberii</em></strong></span> <span class='ocrx_word' id='word_1_176' title='bbox 700 2825 838 2888; x_wconf 88' lang='lat' dir='ltr'><strong><em>Hosiive</em></strong></span> <span class='ocrx_word' id='word_1_177' title='bbox 864 2823 975 2908; x_wconf 88' lang='lat' dir='ltr'><strong><em>lapsus</em></strong></span> <span class='ocrx_word' id='word_1_178' title='bbox 998 2822 1148 2904; x_wconf 84' lang='lat' dir='ltr'><strong><em>adsigna·</em></strong></span> 
     </span>
     <span class='ocr_line' id='line_1_24' title="bbox 48 2919 1145 3007; baseline 0 -25"><span class='ocrx_word' id='word_1_179' title='bbox 48 2929 97 2982; x_wconf 84' lang='lat' dir='ltr'><strong><em>tur.</em></strong></span> <span class='ocrx_word' id='word_1_180' title='bbox 119 2957 163 2968; x_wconf 90' lang='lat'><em>-</em></span> <span class='ocrx_word' id='word_1_181' title='bbox 189 2919 288 3001; x_wconf 78' lang='lat' dir='ltr'><strong><em>Quod</em></strong></span> <span class='ocrx_word' id='word_1_182' title='bbox 311 2931 437 3006; x_wconf 78' lang='lat' dir='ltr'><strong><em>spectat</em></strong></span> <span class='ocrx_word' id='word_1_183' title='bbox 458 2922 501 2986; x_wconf 92' lang='lat' dir='ltr'><strong><em>ad</em></strong></span> <span class='ocrx_word' id='word_1_184' title='bbox 516 2920 713 3007; x_wconf 81' lang='lat' dir='ltr'><strong><em>Apologiam</em></strong></span> <span class='ocrx_word' id='word_1_185' title='bbox 737 2933 850 2987; x_wconf 84' lang='lat' dir='ltr'><strong><em>eontra</em></strong></span> <span class='ocrx_word' id='word_1_186' title='bbox 865 2921 1015 3002; x_wconf 87' lang='lat' dir='ltr'><strong><em>Arianos,</em></strong></span> <span class='ocrx_word' id='word_1_187' title='bbox 1030 2919 1145 2984; x_wconf 88' lang='lat' dir='ltr'><strong><em>eedem</em></strong></span> 
     </span>
     <span class='ocr_line' id='line_1_25' title="bbox 47 3019 1145 3103; baseline 0.004 -26"><span class='ocrx_word' id='word_1_188' title='bbox 47 3029 121 3080; x_wconf 76' lang='lat' dir='ltr'><strong><em>certe</em></strong></span> <span class='ocrx_word' id='word_1_189' title='bbox 153 3019 248 3083; x_wconf 82' lang='lat' dir='ltr'><strong><em>finita</em></strong></span> <span class='ocrx_word' id='word_1_190' title='bbox 282 3029 353 3084; x_wconf 91' lang='lat' dir='ltr'><strong><em>erat</em></strong></span> <span class='ocrx_word' id='word_1_191' title='bbox 384 3021 515 3084; x_wconf 86' lang='lat' dir='ltr'><strong><em>oireiter</em></strong></span> <span class='ocrx_word' id='word_1_192' title='bbox 547 3040 633 3083; x_wconf 91' lang='lat' dir='ltr'><strong><em>anno</em></strong></span> <span class='ocrx_word' id='word_1_193' title='bbox 666 3021 748 3102; x_wconf 76' lang='lat'><strong><em>352,</em></strong></span> <span class='ocrx_word' id='word_1_194' title='bbox 782 3019 937 3086; x_wconf 85' lang='lat' dir='ltr'><strong><em>videlicet</em></strong></span> <span class='ocrx_word' id='word_1_195' title='bbox 969 3029 1145 3103; x_wconf 84' lang='lat' dir='ltr'><strong><em>antequam</em></strong></span> 
     </span>
    </p>

    <p class='ocr_par' dir='ltr' id='par_1_6' title="bbox 4 3111 1149 4380">
     <span class='ocr_line' id='line_1_26' title="bbox 4 3111 1146 3203; baseline 0.005 -29"><span class='ocrx_word' id='word_1_196' title='bbox 4 3165 5 3170; x_wconf 67' lang='grc'>,</span> <span class='ocrx_word' id='word_1_197' title='bbox 48 3111 157 3182; x_wconf 74' lang='lat' dir='ltr'><strong><em>Valens</em></strong></span> <span class='ocrx_word' id='word_1_198' title='bbox 171 3127 205 3180; x_wconf 87' lang='lat' dir='ltr'><strong><em>et</em></strong></span> <span class='ocrx_word' id='word_1_199' title='bbox 215 3117 380 3200; x_wconf 82' lang='lat' dir='ltr'><strong><em>Ursaeius‚</em></strong></span> <span class='ocrx_word' id='word_1_200' title='bbox 396 3118 452 3203; x_wconf 88' lang='lat' dir='ltr'><strong><em>qui</em></strong></span> <span class='ocrx_word' id='word_1_201' title='bbox 467 3117 680 3201; x_wconf 79' lang='lat' dir='ltr'><strong><em>resipuerant,</em></strong></span> <span class='ocrx_word' id='word_1_202' title='bbox 696 3120 816 3182; x_wconf 87' lang='lat' dir='ltr'><strong><em>iterum</em></strong></span> <span class='ocrx_word' id='word_1_203' title='bbox 829 3119 872 3184; x_wconf 86' lang='lat' dir='ltr'><strong><em>ad</em></strong></span> <span class='ocrx_word' id='word_1_204' title='bbox 886 3118 1027 3182; x_wconf 85' lang='lat' dir='ltr'><strong><em>Arianos</em></strong></span> <span class='ocrx_word' id='word_1_205' title='bbox 1045 3125 1146 3180; x_wconf 84' lang='lat' dir='ltr'><strong><em>trans-</em></strong></span> 
     </span>
     <span class='ocr_line' id='line_1_27' title="bbox 48 3212 1147 3303; baseline 0.001 -29"><span class='ocrx_word' id='word_1_206' title='bbox 48 3212 128 3278; x_wconf 77' lang='lat' dir='ltr'><strong><em>irent</em></strong></span> <span class='ocrx_word' id='word_1_207' title='bbox 185 3213 240 3278; x_wconf 87' lang='lat' dir='ltr'><strong><em>Ad</em></strong></span> <span class='ocrx_word' id='word_1_208' title='bbox 273 3226 420 3300; x_wconf 88' lang='lat' dir='ltr'><strong><em>tempora</em></strong></span> <span class='ocrx_word' id='word_1_209' title='bbox 452 3216 561 3300; x_wconf 87' lang='lat' dir='ltr'><strong><em>priora</em></strong></span> <span class='ocrx_word' id='word_1_210' title='bbox 594 3218 682 3280; x_wconf 86' lang='lat' dir='ltr'><strong><em>enim</em></strong></span> <span class='ocrx_word' id='word_1_211' title='bbox 715 3219 826 3282; x_wconf 90' lang='lat' dir='ltr'><strong><em>omnia</em></strong></span> <span class='ocrx_word' id='word_1_212' title='bbox 857 3238 941 3303; x_wconf 88' lang='lat' dir='ltr'><strong><em>quae</em></strong></span> <span class='ocrx_word' id='word_1_213' title='bbox 974 3223 1147 3278; x_wconf 88' lang='lat' dir='ltr'><strong><em>narrantur</em></strong></span> 
     </span>
     <span class='ocr_line' id='line_1_28' title="bbox 47 3311 1147 3398; baseline 0 -24"><span class='ocrx_word' id='word_1_214' title='bbox 47 3312 210 3393; x_wconf 79' lang='lat' dir='ltr'><strong><em>pertinent,</em></strong></span> <span class='ocrx_word' id='word_1_215' title='bbox 234 3323 268 3376; x_wconf 88' lang='lat' dir='ltr'><strong><em>et</em></strong></span> <span class='ocrx_word' id='word_1_216' title='bbox 291 3312 501 3378; x_wconf 75' lang='lat' dir='ltr'><strong><em>concluditur</em></strong></span> <span class='ocrx_word' id='word_1_217' title='bbox 513 3313 677 3398; x_wconf 80' lang='lat' dir='ltr'><strong><em>Apologia</em></strong></span> <span class='ocrx_word' id='word_1_218' title='bbox 699 3337 732 3379; x_wconf 88' lang='lat' dir='ltr'><strong><em>n.</em></strong></span> <span class='ocrx_word' id='word_1_219' title='bbox 757 3315 799 3380; x_wconf 87' lang='grc'><strong><em>88</em></strong></span> <span class='ocrx_word' id='word_1_220' title='bbox 824 3314 888 3380; x_wconf 89' lang='lat' dir='ltr'><strong><em>illis</em></strong></span> <span class='ocrx_word' id='word_1_221' title='bbox 911 3312 1040 3378; x_wconf 86' lang='lat' dir='ltr'><strong><em>verbis:</em></strong></span> <span class='ocrx_word' id='word_1_222' title='bbox 1068 3311 1147 3386; x_wconf 78' lang='lat' dir='ltr'><strong><em>Quis</em></strong></span> 
     </span>
     <span class='ocr_line' id='line_1_29' title="bbox 46 3410 1146 3499; baseline 0.004 -29"><span class='ocrx_word' id='word_1_223' title='bbox 46 3411 200 3495; x_wconf 71' lang='lat' dir='ltr'><strong><em>compertis</em></strong></span> <span class='ocrx_word' id='word_1_224' title='bbox 222 3411 400 3499; x_wconf 73' lang='lat' dir='ltr'><strong><em>hujusmodi</em></strong></span> <span class='ocrx_word' id='word_1_225' title='bbox 421 3411 523 3490; x_wconf 72' lang='lat' dir='ltr'><strong><em>rabies,</em></strong></span> <span class='ocrx_word' id='word_1_226' title='bbox 546 3434 610 3475; x_wconf 83' lang='lat' dir='ltr'><strong><em>aaa</em></strong></span> <span class='ocrx_word' id='word_1_227' title='bbox 624 3413 784 3498; x_wconf 79' lang='lat' dir='ltr'><strong><em>fateamr,</em></strong></span> <span class='ocrx_word' id='word_1_228' title='bbox 814 3411 973 3476; x_wconf 80' lang='lat' dir='ltr'><strong><em>Valentem</em></strong></span> <span class='ocrx_word' id='word_1_229' title='bbox 996 3422 1026 3473; x_wconf 89' lang='lat' dir='ltr'><strong><em>et</em></strong></span> <span class='ocrx_word' id='word_1_230' title='bbox 1051 3410 1146 3474; x_wconf 78' lang='lat' dir='ltr'><strong><em>Ursa-</em></strong></span> 
     </span>
     <span class='ocr_line' id='line_1_30' title="bbox 46 3507 1149 3598; baseline 0.002 -29"><span class='ocrx_word' id='word_1_231' title='bbox 46 3507 114 3570; x_wconf 83' lang='lat' dir='ltr'><strong><em>ciem</em></strong></span> <span class='ocrx_word' id='word_1_232' title='bbox 128 3512 206 3597; x_wconf 80' lang='lat' dir='ltr'><strong><em>jare</em></strong></span> <span class='ocrx_word' id='word_1_233' title='bbox 243 3531 308 3572; x_wconf 78' lang='lat' dir='ltr'><strong><em>sese</em></strong></span> <span class='ocrx_word' id='word_1_234' title='bbox 344 3532 414 3573; x_wconf 82' lang='lat' dir='ltr'><strong><em>reos</em></strong></span> <span class='ocrx_word' id='word_1_235' title='bbox 450 3507 638 3588; x_wconf 81' lang='lat' dir='ltr'><strong><em>declarasse,</em></strong></span> <span class='ocrx_word' id='word_1_236' title='bbox 672 3533 709 3574; x_wconf 86' lang='lat' dir='ltr'><strong><em>oo</em></strong></span> <span class='ocrx_word' id='word_1_237' title='bbox 745 3512 960 3598; x_wconf 70' lang='lat' dir='ltr'><strong><em>resipiscentes</em></strong></span> <span class='ocrx_word' id='word_1_238' title='bbox 996 3509 1149 3598; x_wconf 73' lang='lat' dir='ltr'><strong><em>ejtamodi</em></strong></span> 
     </span>
     <span class='ocr_line' id='line_1_31' title="bbox 47 3601 1146 3694; baseline 0 -25"><span class='ocrx_word' id='word_1_239' title='bbox 47 3601 156 3670; x_wconf 76' lang='lat' dir='ltr'><strong><em>litterae</em></strong></span> <span class='ocrx_word' id='word_1_240' title='bbox 194 3607 361 3671; x_wconf 67' lang='lat' dir='ltr'><strong><em>adversm</em></strong></span> <span class='ocrx_word' id='word_1_241' title='bbox 396 3630 428 3672; x_wconf 80' lang='lat' dir='ltr'><strong><em>se</em></strong></span> <span class='ocrx_word' id='word_1_242' title='bbox 460 3608 698 3694; x_wconf 71' lang='lat' dir='ltr'><strong><em>emueripisiese,</em></strong></span> <span class='ocrx_word' id='word_1_243' title='bbox 731 3609 814 3694; x_wconf 66' lang='lat' dir='ltr'><strong><em>meod</em></strong></span> <span class='ocrx_word' id='word_1_244' title='bbox 845 3605 974 3672; x_wconf 86' lang='lat' dir='ltr'><strong><em>mallent</em></strong></span> <span class='ocrx_word' id='word_1_245' title='bbox 1004 3605 1146 3692; x_wconf 80' lang='lat' dir='ltr'><strong><em>aliquan·</em></strong></span> 
     </span>
     <span class='ocr_line' id='line_1_32' title="bbox 47 3703 1147 3793; baseline 0.001 -26"><span class='ocrx_word' id='word_1_246' title='bbox 47 3703 132 3788; x_wconf 77' lang='lat' dir='ltr'><strong><em>tirper</em></strong></span> <span class='ocrx_word' id='word_1_247' title='bbox 149 3705 276 3792; x_wconf 70' lang='lat' dir='ltr'><strong><em>pretim</em></strong></span> <span class='ocrx_word' id='word_1_248' title='bbox 289 3703 442 3790; x_wconf 72' lang='lat' dir='ltr'><strong><em>mffrradi,</em></strong></span> <span class='ocrx_word' id='word_1_249' title='bbox 457 3729 550 3792; x_wconf 79' lang='lat' dir='ltr'><strong><em>qaam</em></strong></span> <span class='ocrx_word' id='word_1_250' title='bbox 563 3715 722 3770; x_wconf 76' lang='lat' dir='ltr'><strong><em>aeteruum</em></strong></span> <span class='ocrx_word' id='word_1_251' title='bbox 744 3708 1006 3793; x_wconf 78' lang='lat' dir='ltr'><strong><em>sycophantarum</em></strong></span> <span class='ocrx_word' id='word_1_252' title='bbox 1027 3703 1147 3790; x_wconf 80' lang='lat' dir='ltr'><strong><em>suppli·</em></strong></span> 
     </span>
     <span class='ocr_line' id='line_1_33' title="bbox 46 3801 1147 3869; baseline 0.005 -8"><span class='ocrx_word' id='word_1_253' title='bbox 46 3802 114 3864; x_wconf 76' lang='lat' dir='ltr'><strong><em>ciem</em></strong></span> <span class='ocrx_word' id='word_1_254' title='bbox 150 3801 246 3866; x_wconf 82' lang='lat' dir='ltr'><strong><em>luere.</em></strong></span> <span class='ocrx_word' id='word_1_255' title='bbox 289 3839 333 3850; x_wconf 85' lang='lat'><strong><em>--</em></strong></span> <span class='ocrx_word' id='word_1_256' title='bbox 373 3803 520 3868; x_wconf 77' lang='lat' dir='ltr'><strong><em>Historia</em></strong></span> <span class='ocrx_word' id='word_1_257' title='bbox 550 3801 748 3867; x_wconf 84' lang='lat' dir='ltr'><strong><em>Arianorum</em></strong></span> <span class='ocrx_word' id='word_1_258' title='bbox 772 3803 816 3868; x_wconf 90' lang='lat' dir='ltr'><strong><em>ad</em></strong></span> <span class='ocrx_word' id='word_1_259' title='bbox 843 3802 1021 3869; x_wconf 85' lang='lat' dir='ltr'><strong><em>monachos</em></strong></span> <span class='ocrx_word' id='word_1_260' title='bbox 1047 3804 1147 3866; x_wconf 83' lang='lat' dir='ltr'><strong><em>etiam</em></strong></span> 
     </span>
     <span class='ocr_line' id='line_1_34' title="bbox 46 3898 1147 3986; baseline 0.005 -28"><span class='ocrx_word' id='word_1_261' title='bbox 46 3911 111 3964; x_wconf 81' lang='lat' dir='ltr'><strong><em>ante</em></strong></span> <span class='ocrx_word' id='word_1_262' title='bbox 134 3911 264 3986; x_wconf 88' lang='lat' dir='ltr'><strong><em>tempus</em></strong></span> <span class='ocrx_word' id='word_1_263' title='bbox 288 3903 446 3986; x_wconf 77' lang='lat' dir='ltr'><strong><em>suppositi</em></strong></span> <span class='ocrx_word' id='word_1_264' title='bbox 465 3901 591 3966; x_wconf 89' lang='lat' dir='ltr'><strong><em>Liberii</em></strong></span> <span class='ocrx_word' id='word_1_265' title='bbox 614 3898 725 3986; x_wconf 86' lang='lat' dir='ltr'><strong><em>lapsus</em></strong></span> <span class='ocrx_word' id='word_1_266' title='bbox 748 3901 869 3985; x_wconf 81' lang='lat' dir='ltr'><strong><em>seripta</em></strong></span> <span class='ocrx_word' id='word_1_267' title='bbox 887 3911 945 3966; x_wconf 88' lang='lat' dir='ltr'><strong><em>est.</em></strong></span> <span class='ocrx_word' id='word_1_268' title='bbox 969 3901 1008 3964; x_wconf 92' lang='lat' dir='ltr'><strong><em>In</em></strong></span> <span class='ocrx_word' id='word_1_269' title='bbox 1032 3899 1147 3964; x_wconf 86' lang='lat' dir='ltr'><strong><em>eadem</em></strong></span> 
     </span>
     <span class='ocr_line' id='line_1_35' title="bbox 48 3991 1146 4084; baseline 0.004 -26"><span class='ocrx_word' id='word_1_270' title='bbox 48 3999 123 4062; x_wconf 87' lang='lat' dir='ltr'><strong><em>enim</em></strong></span> <span class='ocrx_word' id='word_1_271' title='bbox 149 4000 270 4084; x_wconf 86' lang='lat' dir='ltr'><strong><em>passim</em></strong></span> <span class='ocrx_word' id='word_1_272' title='bbox 295 3997 328 4064; x_wconf 88' lang='lat' dir='ltr'><strong><em>S.</em></strong></span> <span class='ocrx_word' id='word_1_273' title='bbox 352 3999 554 4064; x_wconf 83' lang='lat' dir='ltr'><strong><em>Athanasius</em></strong></span> <span class='ocrx_word' id='word_1_274' title='bbox 586 3997 731 4084; x_wconf 90' lang='lat' dir='ltr'><strong><em>loquitur</em></strong></span> <span class='ocrx_word' id='word_1_275' title='bbox 758 3999 798 4062; x_wconf 86' lang='lat' dir='ltr'><strong><em>de</em></strong></span> <span class='ocrx_word' id='word_1_276' title='bbox 826 3991 963 4062; x_wconf 87' lang='lat' dir='ltr'><strong><em>Leontio</em></strong></span> <span class='ocrx_word' id='word_1_277' title='bbox 994 3999 1146 4083; x_wconf 85' lang='lat' dir='ltr'><strong><em>episcopo</em></strong></span> 
     </span>
     <span class='ocr_line' id='line_1_36' title="bbox 49 4094 1146 4178; baseline 0.001 -19"><span class='ocrx_word' id='word_1_278' title='bbox 49 4095 301 4178; x_wconf 65' lang='lat' dir='ltr'><strong><em>Antiochenam</em></strong></span> <span class='ocrx_word' id='word_1_279' title='bbox 323 4119 356 4160; x_wconf 90' lang='lat' dir='ltr'><strong><em>n.</em></strong></span> <span class='ocrx_word' id='word_1_280' title='bbox 379 4099 400 4161; x_wconf 91' lang='grc'>4</span> <span class='ocrx_word' id='word_1_281' title='bbox 424 4097 510 4162; x_wconf 85' lang='lat' dir='ltr'><strong><em>clare</em></strong></span> <span class='ocrx_word' id='word_1_282' title='bbox 535 4117 610 4161; x_wconf 88' lang='lat' dir='ltr'><strong><em>eum</em></strong></span> <span class='ocrx_word' id='word_1_283' title='bbox 624 4096 774 4160; x_wconf 82' lang='lat' dir='ltr'><strong><em>uiuentem</em></strong></span> <span class='ocrx_word' id='word_1_284' title='bbox 796 4094 921 4160; x_wconf 83' lang='lat' dir='ltr'><strong><em>iudicat</em></strong></span> <span class='ocrx_word' id='word_1_285' title='bbox 943 4095 995 4158; x_wconf 89' lang='lat' dir='ltr'><strong><em>his</em></strong></span> <span class='ocrx_word' id='word_1_286' title='bbox 1018 4095 1146 4160; x_wconf 88' lang='lat' dir='ltr'><strong><em>verbis:</em></strong></span> 
     </span>
     <span class='ocr_line' id='line_1_37' title="bbox 49 4193 1148 4280; baseline 0.004 -26"><span class='ocrx_word' id='word_1_287' title='bbox 49 4193 91 4254; x_wconf 73' lang='lat' dir='ltr'><strong><em>Ee</em></strong></span> <span class='ocrx_word' id='word_1_288' title='bbox 111 4219 239 4280; x_wconf 77' lang='lat' dir='ltr'><strong><em>pamm</em></strong></span> <span class='ocrx_word' id='word_1_289' title='bbox 269 4218 395 4258; x_wconf 80' lang='lat' dir='ltr'><strong><em>numero</em></strong></span> <span class='ocrx_word' id='word_1_290' title='bbox 427 4207 472 4258; x_wconf 81' lang='lat' dir='ltr'><strong><em>eat</em></strong></span> <span class='ocrx_word' id='word_1_291' title='bbox 493 4195 641 4259; x_wconf 82' lang='lat' dir='ltr'><strong><em>Leontius</em></strong></span> <span class='ocrx_word' id='word_1_292' title='bbox 664 4204 834 4280; x_wconf 63' lang='lat' dir='ltr'><strong><em>coenatos,</em></strong></span> <span class='ocrx_word' id='word_1_293' title='bbox 859 4193 913 4278; x_wconf 81' lang='lat' dir='ltr'><strong><em>qui</em></strong></span> <span class='ocrx_word' id='word_1_294' title='bbox 934 4217 1015 4257; x_wconf 82' lang='lat' dir='ltr'><strong><em>anae</em></strong></span> <span class='ocrx_word' id='word_1_295' title='bbox 1038 4193 1148 4258; x_wconf 81' lang='lat' dir='ltr'><strong><em>Antio·</em></strong></span> 
     </span>
     <span class='ocr_line' id='line_1_38' title="bbox 48 4291 1146 4380; baseline 0 -24"><span class='ocrx_word' id='word_1_296' title='bbox 48 4291 123 4356; x_wconf 67' lang='lat' dir='ltr'><strong><em>etiae</em></strong></span> <span class='ocrx_word' id='word_1_297' title='bbox 146 4293 311 4380; x_wconf 58' lang='lat' dir='ltr'><strong><em>episeopus</em></strong></span> <span class='ocrx_word' id='word_1_298' title='bbox 336 4303 389 4356; x_wconf 83' lang='lat' dir='ltr'><strong><em>eet.</em></strong></span> <span class='ocrx_word' id='word_1_299' title='bbox 436 4291 592 4358; x_wconf 78' lang='lat' dir='ltr'><strong><em>Jamvero</em></strong></span> <span class='ocrx_word' id='word_1_300' title='bbox 607 4293 785 4357; x_wconf 86' lang='lat' dir='ltr'><strong><em>Leontium</em></strong></span> <span class='ocrx_word' id='word_1_301' title='bbox 808 4292 906 4356; x_wconf 88' lang='lat' dir='ltr'><strong><em>istum</em></strong></span> <span class='ocrx_word' id='word_1_302' title='bbox 929 4292 1044 4376; x_wconf 89' lang='lat' dir='ltr'><strong><em>primis</em></strong></span> <span class='ocrx_word' id='word_1_303' title='bbox 1059 4313 1146 4356; x_wconf 92' lang='lat' dir='ltr'><strong><em>men·</em></strong></span> 
     </span>
    </p>
   </div>
   <div class='ocr_carea' id='block_1_4' title="bbox 0 0 1390 4836">
    <p class='ocr_par' dir='ltr' id='par_1_7' title="bbox 0 0 1390 4836">
     <span class='ocr_line' id='line_1_39' title="bbox 0 0 1390 4836; baseline 0 0"><span class='ocrx_word' id='word_1_304' title='bbox 0 0 1390 4836; x_wconf 95' lang='lat' dir='ltr'><strong><em> </em></strong></span> 
     </span>
    </p>
   </div>
  </div>
 </body>
</html>
