2766 4836
245 477 279 530 et
496 473 537 528 De
555 471 700 526 Arianisrul
717 473 783 529 latis
802 489 834 528 ac
851 473 884 528 ds
902 473 979 541 lapsu
998 472 1107 528 Liberii.

246 617 442 698 testimonio,
466 615 583 682 maluit
606 615 730 701 dicere,
754 617 925 682 Liberium
958 617 1124 682 invenisse
1156 615 1335 680 abalienatos

246 740 266 785 a
289 739 323 780 se
346 715 569 782 Romanorum
593 715 730 796 animos,
754 737 830 780 eum
853 737 912 800 per
934 713 1059 801 aliquot
1082 736 1188 778 annos
1210 713 1291 778 haud
1310 725 1335 774 nt

246 813 442 883 Pontificem
464 812 614 878 habitum
646 834 726 896 esse,
742 814 799 878 sed
814 813 918 878 Felici
938 812 1119 878 orthodoxo
1143 822 1224 877 uiuo
1247 811 1336 876 fideles

246 910 444 992 adhaesisse,
460 910 563 978 donee
585 932 623 975 eo
638 923 774 992 mortam,
796 914 914 977 iterum
929 912 1063 976 Liberio
1087 911 1261 978 emendato
1282 931 1336 972 con·

247 1008 349 1075 oiliati
373 1007 546 1094 suerint.¹).
591 1007 820 1074 Tillemontius
843 1008 988 1076 admittit
1020 1008 1116 1076 simul
1141 1009 1241 1074 valde
1263 1029 1336 1093 oppo-

246 1108 318 1190 sita,
344 1105 469 1170 scilieet
491 1105 657 1170 Romanos
689 1131 709 1172 a
731 1107 842 1174 Felice
874 1106 999 1172 alienos
1026 1107 1127 1172 fuisse
1151 1107 1193 1172 ob
1218 1125 1335 1172 comun-

248 1205 447 1276 nicatiouem
480 1225 556 1268 oum
579 1203 728 1285 Arianis,
763 1227 817 1270 eos
850 1227 908 1290 per
939 1203 1063 1270 litteras
1095 1206 1207 1270 varias
1235 1201 1335 1268 Liberi

248 1301 346 1390 (quae
383 1323 497 1387 reapse
543 1303 769 1387 supposititiae
807 1301 897 1388 sunt)
937 1303 1131 1387 cognovisse
1167 1301 1290 1388 lapsum
1316 1312 1338 1362 et

248 1401 564 1485 praevaricationem
596 1399 742 1482 Liborii,
784 1402 871 1485 ipsos
910 1409 1021 1466 tamen
1055 1423 1174 1484 magno
1208 1421 1280 1464 cum
1299 1399 1339 1460 tri-

248 1495 371 1582 umpho
394 1497 587 1563 Pontificem
617 1497 811 1563 redeuntem
843 1498 1011 1582 excepisse
1026 1503 1075 1562 'et
1092 1498 1238 1564 Felicem
1261 1519 1339 1582 erpu·

247 1593 364 1682 lissev).
397 1594 463 1658 Sed
495 1595 577 1660 haec
609 1606 697 1662 certe
728 1595 818 1660 nullo
852 1595 948 1661 modo
972 1597 1058 1660 inter
1080 1619 1151 1662 sese
1175 1595 1340 1662 cohaerent.

249 1729 291 1740 -
315 1692 488 1778 Dollinger
520 1691 641 1758 similia
672 1693 782 1776 babet,
807 1693 964 1760 videlicet
993 1715 1060 1760 nou
1092 1693 1245 1762 obstante
1266 1693 1341 1778 lapsu

250 1813 308 1855 suo
331 1790 502 1855 Liberium
527 1813 601 1854 oum
617 1791 738 1875 gaudio
762 1792 952 1856 aRomanis
966 1813 1035 1856 esse
1058 1801 1237 1876 receptum.
1270 1791 1342 1875 Ipsos

250 1890 339 1954 enim
362 1890 410 1952 uti
434 1890 616 1954 universim
628 1888 859 1957 Occidentales
874 1891 945 1954 istis
970 1891 1201 1954 controversiis
1224 1889 1264 1954 de
1285 1909 1341 1950 cun·

250 1985 526 2052 substantialitate
549 1985 627 2052 Filii
650 2007 768 2072 parum
799 1997 978 2054 commotos
1006 1987 1117 2066 fuisse,
1142 2009 1203 2054 nec
1226 2005 1342 2068 magnas

251 2083 373 2150 inillis
396 2083 614 2150 Orientalium
637 2084 751 2152 litibus
774 2085 928 2152 babuisse
956 2084 1108 2172 partem).
1153 2084 1219 2152 Sed
1241 2086 1267 2147 si
1290 2103 1342 2168 per·

251 2182 416 2270 penditur,
441 2181 502 2248 sub
526 2182 617 2251 Julio
651 2193 683 2248 et
706 2184 840 2250 Liberio
873 2185 951 2250 istas
974 2185 1182 2270 quaestiones
1205 2183 1297 2246 edam
1318 2180 1342 2241 iu

253 2279 436 2346 Occidente
458 2282 610 2365 agitatas,
634 2281 777 2366 synodos
792 2281 902 2368 plures
926 2293 1064 2364 coactas,
1088 2283 1257 2367 episcopos
1278 2278 1342 2363 ejec-

251 2387 310 2461 tos,
335 2387 433 2466 atque
448 2378 489 2444 ob
505 2380 607 2466 ipsius
621 2379 746 2446 Liberii
762 2379 998 2462 fortitudinem,
1017 2400 1202 2458 aerumnas,
1225 2375 1343 2440 exilium

252 2476 409 2544 Romanis
432 2475 522 2542 illam
547 2479 802 2544 matroversiam
835 2487 922 2544 certe
950 2479 1153 2546 notissimam
1176 2476 1281 2554 fuisse,
1302 2495 1343 2557 pa·

253 2574 336 2640 tebit
357 2576 569 2640 assertionem
592 2574 683 2643 illam
706 2575 836 2642 admitti
860 2575 950 2644 haud
973 2597 1077 2662 posse.

343 2673 394 2740 73.
418 2673 495 2738 dam
518 2672 681 2738 addamus
704 2695 828 2740 novum
860 2682 1100 2758 argumentum.
1132 2709 1176 2720 ·-
1208 2671 1243 2737 Si
1265 2667 1340 2732 Libe·
1369 2699 1370 2762 q

116 2773 162 2802 '¹¹⁸¹'
175 2771 216 2802 '¹¹¹¹‘
253 2773 321 2836 rius
344 2769 453 2856 lapsus
476 2780 526 2838 est
548 2770 695 2858 illudque
718 2781 831 2838 uotum
860 2772 923 2838 fuit
945 2772 1086 2852 coaevis,
1111 2771 1159 2834 uti
1182 2765 1343 2834 necessario

253 2868 504 2956 supponendum
537 2879 630 2952 esset,
664 2870 828 2954 quomodo
860 2870 984 2938 facturn
1017 2868 1175 2949 dicemus,
1208 2875 1244 2929 ut
1271 2860 1343 2928 nullu
1369 2873 1370 2956 f

254 2967 296 3038 do
318 2965 373 3036 illo
397 2965 491 3051 lapsu
514 2967 704 3032 inveniatur
731 2969 854 3040 mentio
886 2969 921 3032 in
951 2968 1085 3034 Patrum
1118 2964 1262 3050 ejusdem
1281 2971 1343 3022 tem-

254 3065 342 3152 poris
365 3064 495 3148 seriptis
519 3073 605 3128 certo
629 3066 804 3150 genuinis?
829 3066 881 3130 De
897 3065 993 3132 Hosii
1015 3064 1109 3149 lapsu
1134 3062 1342 3149 qualicumque

254 3162 442 3250 frequenter
464 3171 496 3226 et
518 3163 639 3230 aeriter
670 3165 883 3250 conqueritur
914 3163 947 3230 S.
981 3161 1128 3234 Hilarius
1151 3163 1187 3226 in
1210 3159 1284 3226 libro
1303 3155 1342 3216 Dr

256 3259 393 3350 synodis
416 3269 448 3324 et
462 3257 578 3326 Contra
605 3260 831 3344 Constantium,
855 3261 1007 3347 nuspiam
1031 3260 1072 3324 de
1086 3257 1231 3338 Liberio,
1253 3271 1341 3342 quam·

255 3359 306 3422 vis
328 3356 456 3444 lapsum
480 3358 551 3443 ejus
574 3359 724 3443 ignorare
738 3379 804 3430 non
818 3369 927 3445 posset
949 3361 977 3424 si
998 3380 1097 3426 verus
1120 3359 1172 3424 sit.
1196 3353 1341 3420 Liberium

255 3453 409 3522 laudibus
441 3454 567 3521 extollit
598 3455 632 3521 S.
664 3455 885 3538 Athanasius,
925 3455 1042 3522 nullibi
1074 3445 1342 3542 praevaricationis

255 3553 379 3638 arguit3
403 3574 480 3620 nam
504 3575 589 3640 quae
612 3554 653 3618 de
675 3554 770 3640 lapsu
784 3553 917 3646 Liberii
931 3557 965 3619 in
986 3554 1056 3640 ejus
1079 3552 1232 3639 operibus
1252 3549 1341 3630 legun·

255 3661 318 3734 tur,
343 3659 455 3736 postea
478 3651 591 3716 addita
615 3674 684 3718 esse
701 3639 908 3718 videbimus(
945 3651 1151 3737 Scripsernnt
1173 3651 1212 3715 iis
1233 3661 1342 3734 quoque

256 3748 458 3834 temporibus
491 3759 604 3816 eontra
636 3750 778 3816 Arianos
814 3751 949 3816 Lucifer
982 3749 1207 3829 Calaritanus,
1238 3741 1342 3810 Marius

257 3847 447 3912 Victorinus
462 3846 553 3931 Afer,
568 3847 600 3914 S.
616 3847 826 3914 Phoebadins
848 3851 1022 3936 episcopus
1038 3847 1224 3933 Aginensis.
1245 3836 1342 3906 Nullus

258 3967 369 4010 eorum
385 3943 439 4010 vel
454 3944 555 4010 verbo
571 3948 722 4012 meminit
735 3947 1028 4034 praevaricationis
1044 3944 1179 4010 Liberii.
1214 3941 1242 4008 S.
1256 3936 1340 4004 Phoe·

334 4169 356 4236 ¹)
375 4164 493 4220 Annales
512 4164 546 4220 sd
564 4179 588 4219 s.
607 4161 660 4216 atr
678 4177 705 4217 u.
723 4163 766 4216 st.
875 4160 905 4229 ¹)
924 4159 997 4216 Tom.
1016 4158 1057 4214 VI
1084 4158 1183 4214 Artena
1198 4157 1236 4208 69.
1254 4151 1289 4202 ts.

331 4247 352 4316 ⁸)
372 4243 555 4310 Pabstt'sbeln,
574 4244 591 4300 l.
611 4259 632 4296 c
651 4258 676 4310 p.
698 4243 756 4294 109.
