2836 4804
270 471 333 541 278Ι
623 467 664 523 De
683 467 801 523 Concilio
819 465 1033 522 Chalcedonensl

270 611 457 675 coniectum
481 621 514 676 et
546 631 652 676 errore
683 611 842 676 infectum
876 621 955 693 erat,
979 621 1078 698 alque
1101 613 1135 676 in
1158 611 1279 697 aliquot
1298 611 1370 675 locis

269 707 444 773 haereticis
467 708 720 774 reconciliandis
736 707 989 795 proponebatur.
1018 709 1197 773 Decretum
1212 709 1271 772 hoe
1285 729 1368 794 saepe

269 807 302 870 in
327 806 464 871 historia
487 805 657 871 Ecclesiae
688 814 990 887 commemoratum,
1022 827 1085 892 qno
1109 809 1231 892 passim
1254 807 1367 870 sectarii

268 902 363 968 abusi
396 913 481 986 sunt,
515 913 564 968 est
587 903 765 990 ejusmodi:
805 901 926 968 staua
949 913 1060 966 caueto
1083 903 1230 988 Synoduo
1251 903 1368 968 umam

258 1001 357 1084 fidem
380 1003 498 1066 oemiui
520 1001 612 1066 licere
629 1001 788 1088 proferre,
813 1011 869 1064 aut
891 1001 1092 1080 marcribere,
1117 1011 1173 1065 aut
1195 1023 1367 1088 componere,

259 1110 393 1185 praeter
426 1100 587 1185 definitam
620 1123 641 1162 a
674 1100 792 1162 runcho
815 1097 979 1176 Patribus,
1013 1100 1068 1182 qui
1100 1100 1136 1162 in
1160 1099 1281 1163 Nicaea
1311 1121 1369 1162 cam

268 1195 393 1284 spiritu
425 1207 531 1262 sancto
562 1198 741 1284 cooqreqati
763 1196 908 1283 firmat.
967 1193 1030 1269 Qui
1060 1217 1131 1260 vero
1162 1199 1235 1260 ausi
1256 1196 1367 1282 findat

268 1306 324 1359 aut
355 1317 536 1381 componere
556 1295 656 1380 fidem
689 1294 823 1358 alteram
851 1303 907 1356 aut
923 1291 1084 1379 proferre,
1108 1293 1157 1358 oei
1181 1293 1289 1380 offerre
1308 1315 1364 1355 eorr-

264 1395 345 1456 verti
364 1393 539 1458 colentibus
562 1393 605 1456 ad
633 1392 823 1480 aqrsitionem
854 1391 1007 1469 oemtutia,
1039 1393 1103 1454 eive
1135 1413 1176 1455 ea
1198 1390 1366 1479 peutilitate,

264 1493 328 1554 eive
352 1515 391 1555 eor
425 1489 609 1568 Judaiemo,
633 1493 697 1555 eive
729 1512 768 1552 ac
790 1488 1005 1576 qualicumque
1028 1489 1160 1568 haereei
1185 1491 1239 1553 hoo
1261 1489 1368 1574 qrrideu

264 1589 387 1668 rimam
410 1589 551 1676 episcopi
581 1598 638 1652 aut
668 1586 788 1664 alerici,
814 1585 935 1648 alienae
967 1607 1032 1649 eoae
1055 1589 1218 1673 episcopor
1241 1585 1278 1650 oh
1300 1587 1366 1672 epie-

264 1698 388 1773 copatu,
413 1697 442 1750 et
465 1687 593 1750 clericor
616 1709 638 1748 a
661 1685 810 1748 clericatu
832 1683 988 1763 decrevit,·
1006 1685 1035 1746 ai
1056 1707 1128 1748 uero
1143 1684 1272 1769 fireriut
1292 1683 1367 1750 laici

264 1785 457 1848 anathemati
479 1781 635 1874 aubjiei¹).

352 1882 405 1946 26.
435 1879 639 1945 Theodosius
674 1881 774 1964 igitur
809 1877 900 1941 haud
935 1877 1069 1964 quidem
1104 1877 1243 1965 obsequi
1277 1875 1366 1940 voluit

262 1977 384 2042 Leonis
408 1981 509 2058 votis3
544 1987 689 2042 attamen
719 1975 836 2042 litteris
867 1975 910 2039 ad
935 1997 1009 2038 eum
1034 1975 1119 2039 datis
1143 1975 1317 2062 respondit,
1337 1993 1364 2035 se

263 2086 463 2158 curaturum,
495 2097 536 2140 ne
568 2075 650 2139 fides
673 2075 823 2138 Nicaena
848 2074 1005 2159 iujuriam
1029 2081 1206 2159 pateretur.
1253 2072 1364 2138 hlonnit

262 2175 406 2260 insuper,
425 2173 624 2238 Flavianum
648 2173 718 2236 vita
740 2172 902 2252 functum,
927 2172 1023 2256 eique
1036 2170 1231 2236 Anatolium
1255 2181 1359 2234 succes·
1397 2223 1398 2234 ,

261 2272 341 2334 sisse
374 2273 408 2335 in
441 2271 599 2334 ecclesiae
623 2267 776 2334 OPtanee
809 2271 984 2354 regimine,
1020 2269 1113 2354 eujus
1136 2269 1361 2334 ordinationem
1397 2285 1398 2346 j

261 2391 281 2432 a
304 2367 463 2432 Dioscoro
488 2366 611 2455 Ephesi
636 2367 768 2448 iactam,
794 2389 813 2430 a
837 2367 985 2430 Romano
1010 2363 1173 2432 Pontifice
1196 2377 1297 2431 ratam
1317 2363 1361 2426 ha-

141 2509 147 2518 .
260 2465 329 2529 beri
355 2465 519 2552 cupiebat.
565 2465 654 2530 Data
677 2465 720 2529 ad
744 2463 967 2528 Theodosium
992 2462 1128 2549 epistola
1153 2463 1314 2550 respondit
1333 2461 1359 2524 S.

259 2565 337 2645 Leo,
364 2564 426 2628 sibi
450 2576 578 2648 gratam
602 2563 702 2627 fuisse
721 2562 860 2627 Concilii
877 2563 1016 2628 Nicaeni
1041 2563 1358 2626 commendationem:

259 2662 299 2725 de
323 2662 529 2726 ordinatione
562 2681 640 2726 vero
669 2660 816 2724 Anatolii
851 2659 934 2725 nihil
969 2663 1002 2724 in
1034 2659 1227 2724 alterutram
1250 2669 1357 2746 partem

257 2779 334 2823 ase
362 2771 483 2824 temere
507 2759 772 2840 rescribendum,
797 2758 902 2824 donec
932 2758 1138 2843 exploratum
1171 2758 1234 2822 sibi
1257 2760 1304 2838 sit
1323 2777 1356 2817 eu

257 2857 419 2922 sinceram
442 2857 541 2921 iidem
566 2866 675 2920 teneat
699 2855 883 2922 Anatolius.
907 2855 1148 2920 Professionem
1174 2858 1273 2940 igitur
1293 2853 1355 2917 fidei

256 2955 299 3019 ab
323 2979 360 3020 co
385 2958 504 3040 exegit.
551 2955 641 3018 Inter
664 2953 746 3018 alia:
780 2955 855 3018 Non
885 2959 1071 3041 capereretur
1102 2956 1218 3033 edam,
1251 2951 1355 3016 scribit.

256 3077 353 3118 meum
378 3054 542 3140 epistolam
573 3073 744 3130 recensere,
779 3075 871 3138 qrram
892 3052 1013 3139 pietati
1036 3053 1167 3115 Patmos
1186 3075 1247 3140 per
1268 3050 1356 3112 eureio

255 3153 444 3216 concordare
471 3151 615 3236 reperiet.
667 3146 799 3236 Cumque
833 3173 854 3214 a
876 3173 908 3214 ee
932 3151 986 3213 hoc
1014 3150 1096 3235 qaod
1119 3171 1148 3212 ee
1141 3149 1354 3236 profitentu

254 3250 297 3312 sit
331 3251 437 3335 erepeti
470 3247 704 3333 desiderarique
737 3250 922 3335 aequauerit,
957 3245 1178 3311 catholicorum
1213 3245 1355 3312 acumine

255 3355 318 3409 toto
354 3348 445 3410 corde
480 3347 664 3422 concendat,
700 3346 748 3410 itu
781 3357 817 3410 ut
850 3347 1003 3410 uacuum
1038 3347 1261 3409 communionis
1285 3341 1354 3426 fidei

249 3443 488 3530 professionem,
522 3443 757 3508 absoluaeeima
787 3444 1012 3532 eabscffptioue
1046 3467 1152 3506 coram
1176 3445 1260 3507 omui
1285 3439 1350 3504 clero

252 3552 282 3604 et
304 3544 451 3606 arriveroa
468 3543 561 3628 plebe
584 3541 732 3622 declaret,
757 3541 959 3630 Apostolicue
983 3539 1060 3605 Sodi
1083 3551 1113 3605 et
1135 3537 1350 3605 unioereieDo·

251 3639 331 3702 mini
353 3639 567 3704 cacerdotibus
583 3639 824 3726 prailioeadum.

341 3739 393 3802 27.
418 3737 464 3802 Ut
497 3747 606 3801 autem
642 3737 786 3802 velocior
819 3737 1011 3823 pleniorque
1046 3739 1182 3801 effectus
1204 3737 1255 3800 his
1276 3732 1349 3796 ruris

184 3839 480 3922 “praestaretur
505 3836 628 3920 legatos
652 3845 792 3921 quatuor
815 3835 848 3900 S
872 3835 941 3900 Leo
966 3833 1280 3920 Constantinopolim
1302 3831 1348 3892 mi-

250 3935 301 4014 sit,
327 3933 522 3997 Abundium
546 3933 673 3998 scilicet
695 3943 727 3996 et
750 3933 918 3996 Asterium
946 3933 1126 4018 episcopos,
1150 3931 1301 3996 Basiliam
1321 3938 1347 3986 ot

250 4031 441 4097 Senatorem
463 4031 683 4116 presbyteros,
707 4052 869 4117 perquer
892 4051 991 4094 verae
1015 4029 1093 4094 fidei
1122 4030 1257 4094 formam
1269 4025 1347 4090 Priu-

323 4245 343 4312 Ι)
361 4241 452 4297 Labbi
471 4243 537 4300 Call.
557 4241 634 4297 Gonu
653 4243 701 4299 III.
722 4243 769 4298 ool.
788 4245 848 4297 690.
