2924 4818
458 481 622 550 Propagatio
639 483 839 540 christianismi.
1153 486 1203 538 117

94 624 177 708 qaod
177 647 282 710 pnmn
293 627 377 688 inter
387 622 516 688 Gallias
527 625 725 690 Arelatensis
733 628 979 690 cicitmasissmn
989 627 1204 692 chatissirno

95 722 185 784 Patro
196 722 347 807 Apostolo
364 720 398 784 S.
416 722 615 808 lhoplsimam
628 723 739 786 tabae
752 727 866 786 mansit
876 722 1085 802 Sacerdotem,
1105 736 1134 787 et
1152 747 1203 788 aa·

95 819 167 880 inde
175 819 418 904 aliispoalatim
431 821 609 904 ropionibus
622 818 814 897 Gallionem,
826 820 1025 903 honumfidei
1038 831 1068 882 et
1080 820 1204 906 religio·

95 917 143 978 nis
153 915 335 1000 infusam.⁸)
359 916 414 980 Ad
425 915 622 1000 Hispaniam
633 915 722 1001 quod
731 919 849 981 attinet
861 916 959 980 valde
966 915 1146 1002 probabilis
1156 927 1206 982 est

94 1011 148 1076 ills
172 1015 308 1099 antiqua
324 1013 468 1093 traditio,
485 1023 657 1099 postquam
675 1013 708 1078 S.
724 1013 848 1078 Paulus
863 1016 933 1099 ipss
956 1035 1153 1099 perannum
1170 1014 1205 1078 in

94 1109 253 1194 Hispania
277 1109 378 1194 degit,
404 1109 482 1174 dein
505 1110 597 1176 ass.
618 1111 715 1174 Petro
739 1121 772 1174 et
794 1111 896 1176 Panlo
920 1120 1046 1196 septem
1070 1132 1107 1174 eo
1132 1112 1205 1176 mis-

93 1230 144 1272 sos
175 1229 245 1272 esse
278 1210 450 1292 episcopos
483 1207 568 1272 duce
600 1207 777 1292 Torquato,
803 1228 924 1292 eosque
948 1206 1073 1272 ibidem
1096 1208 1206 1272 Evan-

93 1305 210 1388 gelinm
235 1304 493 1389 annuntiasse.²)
518 1305 662 1370 Ulterius
677 1304 806 1388 singula
830 1306 983 1391 prosequi
1006 1327 1073 1370 non
1093 1315 1205 1386 vacat3

94 1401 125 1466 id
148 1404 361 1487 perspicuum
384 1411 443 1480 est,
467 1402 500 1468 S.
524 1403 658 1466 Petrum
683 1404 825 1487 primum
840 1402 1044 1484 Pontificem,
1068 1425 1206 1487 regnum

93 1499 155 1564 Dei
186 1523 245 1564 sen
277 1498 470 1582 religionem
504 1500 718 1565 christianam
751 1500 816 1574 late
848 1501 883 1564 in
916 1500 1034 1564 multas
1057 1503 1208 1585 regiones

93 1617 299 1682 propagasse.

180 1697 233 1760 13.
258 1694 312 1758 Ex
336 1695 451 1779 primis
482 1695 546 1760 illis
570 1695 772 1779 temporibus
801 1697 900 1761 etiam
920 1696 992 1780 jam
1015 1706 1209 1782 repetuntur
1240 1742 1347 1785 W„
1451 1681 1452 1708 ¹

93 1793 320 1858 distinctiones
343 1791 555 1858 ecclesiarum
573 1793 873 1877 metropoliticarom
891 1801 923 1856 et
931 1794 1206 1878 patriarchalium.
1232 1803 1361 1854 messam.

94 1889 290 1975 histropoles
304 1889 420 1954 civiles
433 1891 679 1974 provinciarum
696 1890 885 1954 evadebant
899 1889 1094 1974 metropoles
1109 1891 1208 1954 scole-

93 1990 244 2054 statinae
276 2009 319 2050 cx
351 1988 422 2072 ipsa
455 1988 670 2066 institutione,
705 1989 752 2050 nti
786 1986 927 2066 videtur,
966 1988 1208 2072 Apostolorum,

92 2095 256 2170 qnatenus
285 2083 319 2148 hi
351 2084 603 2165 constituebant,
635 2094 672 2147 ut
702 2086 725 2147 ii
755 2095 863 2148 essent
893 2085 1128 2170 metropolitae,
1152 2089 1208 2173 qui

93 2185 319 2268 episcopatum
343 2180 502 2246 baberent
525 2183 560 2246 in
585 2181 833 2265 metropoliticis
847 2183 984 2268 Imperii
1008 2183 1209 2248 civitatibus.

96 2279 181 2344 Huic
205 2280 388 2343 sententiae
410 2280 611 2360 suffragatur
635 2277 751 2344 Canon
775 2279 825 2344 IX
840 2280 967 2363 Synodi
982 2281 1211 2346 Antiochense

95 2377 229 2442 habitae
248 2399 335 2441 anno
360 2377 434 2456 341,
459 2377 516 2462 qui
540 2378 586 2438 ita
605 2385 715 2440 sonat:
740 2377 801 2440 Per
823 2377 966 2463 aopalm
987 2380 1129 2463 regiones
1147 2382 1210 2465 cpi·

94 2497 204 2561 xopos
226 2475 370 2538 macerit
390 2497 495 2552 nosse,
518 2474 794 2560 antropolitaoum
826 2477 1003 2560 episcopam
1027 2473 1211 2540 sollicitudi-

95 2597 161 2637 osm
196 2575 293 2636 totius
320 2573 505 2657 prouinciae
537 2593 652 2656 parare,
679 2583 814 2658 propter
845 2572 928 2657 qaod
951 2573 995 2636 ad
1017 2575 1213 2660 rwnopolim

95 2693 201 2735 omnes
214 2669 352 2755 ondipno
375 2671 429 2754 qai
450 2671 577 2754 nepotis
590 2669 738 2734 rideatur
759 2670 880 2749 habere,
897 2683 1094 2734 cooearnmt.
1124 2673 1212 2736 Unde

91 2769 219 2852 pharii
249 2789 318 2830 eam
347 2777 377 2829 et
405 2767 519 2830 honore
537 2767 741 2852 praecellere,
772 2779 802 2830 et
823 2768 905 2832 nihil
928 2769 1065 2854 amplias
1082 2781 1214 2855 praeter

95 2889 161 2930 mm
187 2867 351 2951 episcopm
372 2887 478 2948 apere,
507 2864 673 2928 secandam
696 2867 859 2950 antiptosis
881 2889 902 2928 a
925 2865 1075 2951 patribus
1097 2869 1214 2931 nostris

96 2963 238 3051 requiam
261 2963 471 3028 mostitatam.
511 2960 606 3040 Quae
629 2964 765 3048 antiqua
788 2962 901 3046 regula
924 2983 1027 3048 quum
1051 2985 1213 3050 nusquam

96 3061 277 3126 constituta
300 3059 437 3142 legatur,
462 3079 527 3124 non
548 3058 613 3123 alia
637 3060 768 3124 videtur
791 3082 890 3146 quam
914 3059 957 3124 ab
971 3059 1138 3146 Apostolis
1161 3061 1214 3126 de·

96 3161 217 3222 rivata.
250 3157 423 3222 Praeterea
447 3179 550 3242 perse
574 3155 672 3221 valde
682 3157 853 3242 probabile
877 3157 1019 3238 videtur,
1041 3158 1215 3243 Apostolos

96 3257 185 3320 inter
215 3255 387 3340 episcopos
417 3254 595 3318 discrimen
629 3257 852 3336 constituisse,
883 3265 920 3318 nt
948 3254 1005 3320 alii
1028 3255 1102 3320 aliis
1125 3277 1216 3342 prae-

95 3361 218 3432 essent,
243 3351 331 3436 quod
356 3351 391 3416 id
415 3351 554 3416 multum
579 3352 778 3416 conduceret
800 3353 844 3416 ad
867 3352 1071 3419 dirimendas
1095 3353 1216 3418 dissen-

95 3453 219 3530 siones,
243 3449 286 3514 ad
311 3449 556 3534 componendas
586 3452 829 3530 contentiones,
860 3451 904 3514 ad
932 3451 1147 3516 conterendos
1170 3473 1216 3515 er-

96 3569 199 3629 roms,
223 3556 258 3610 ct
279 3545 323 3610 ad
347 3545 585 3610 consulendum
609 3546 821 3612 ecclesiarum
845 3546 1046 3630 indigentiis.

192 3646 244 3710 14.
267 3643 362 3709 Idem
386 3643 454 3707 fere
486 3643 574 3708 valet
604 3645 645 3709 de
669 3647 797 3729 origine
820 3665 860 3708 ac
883 3646 1089 3710 institutione
1111 3645 1217 3728 digni-

98 3745 175 3810 tatis
194 3743 440 3830 patriarchicae.
466 3739 677 3826 Quamquam
701 3743 789 3806 enim
813 3763 933 3807 nomen
956 3740 1216 3828 patriarcharum

100 3841 263 3906 mieratm
294 3838 337 3904 ad
370 3849 519 3924 tempora
553 3837 693 3903 Concilii
726 3839 889 3922 generalis
929 3837 1216 3911 Chalcedonensis,

131 3991 312 4000 --0—-2—

176 4089 196 4158 ¹)
214 4086 248 4140 V.
267 4085 359 4142 Natat.
378 4087 455 4142 Alex.
475 4087 509 4142 n
530 4087 559 4142 E.
579 4103 648 4144 saec.
668 4087 689 4142 1.
709 4087 822 4142 Dissert.
841 4085 899 4140 XV.

103 4264 126 4314 μ
147 4167 273 4314 lq'ipcst'
294 4165 377 4220 Gams
395 4183 437 4234 sp.
457 4167 560 4222 Hohlsr
577 4166 786 4234 Kuehengesch.
805 4165 836 4218 Β.
855 4165 910 4220 Ls.
931 4167 982 4218 196
1000 4165 1039 4234 (in
1058 4181 1127 4219 vers.
1147 4163 1209 4217 Gall
