2902 4824
383 465 534 524 Silentium
553 466 576 520 S
594 465 753 536 Scripturas.
1085 467 1088 474 '
1124 471 1158 523 79

69 607 159 670 moniis
180 606 266 692 legis,
281 609 305 674 J
307 608 431 674 ndeeis
451 612 488 674 in
502 609 660 695 religione
674 611 854 676 christiana
869 615 1002 676 omnino
1017 635 1157 700 aequen-

67 723 111 771 ur.
130 727 226 791 oeque
250 706 284 770 hi
309 729 395 793 prae
423 708 487 772 illis
503 709 630 794 potiora
639 709 717 794 jura
741 709 803 774 sihi
828 709 999 775 vindicare
1023 713 1156 797 possint.

68 801 137 864 Hauc
158 826 247 888 porro
272 805 469 870 doctrinam
489 829 555 870 non
572 807 667 870 modo
681 807 802 872 Judaei
827 809 1076 891 execrabantur,
1101 809 1155 874 sed

65 903 138 964 oium
168 903 249 966 inter
281 903 490 968 christianos
508 904 718 990 judaizantes
749 905 839 970 haud
873 906 1067 988 defuerunt,
1102 909 1156 992 qui

66 995 141 1060 l'sulo
160 999 426 1066 adversarentur
450 1003 587 1088 ejusque
600 1005 830 1068 auctoritatem
853 1003 966 1068 tollere
989 1003 1157 1084 auderent,

63 1095 123 1158 ..tu
145 1109 175 1160 ut
198 1097 383 1184 Apostolus
409 1101 485 1186 plns
509 1101 608 1166 semel
631 1101 791 1186 apologiis
815 1103 915 1166 etiam
938 1102 1159 1168 vehementio-

64 1191 130 1256 n'hus
150 1217 226 1280 opus
257 1197 435 1265 habuerit.
483 1199 683 1285 Hujusmodi
717 1221 795 1264 vero
827 1199 977 1264 homines
1008 1223 1051 1264 ex
1080 1201 1159 1286 ipsis

64 1291 175 1358 vinculis
195 1296 291 1361 Pauli
326 1299 545 1362 occasionem
569 1307 701 1383 captare
725 1307 884 1384 poterant,
915 1307 952 1362 ut
980 1297 1093 1364 fideles
1116 1297 1158 1362 ab

71 1389 187 1472 lputolo
219 1396 364 1480 ejusque
407 1396 560 1460 doctrina
582 1407 731 1461 avertere
749 1406 923 1462 tentarent.
979 1397 1078 1462 Unde
1101 1419 1160 1482 per

63 1511 86 1535 ν·
104 1494 358 1574 exspectandum
385 1496 525 1558 omnino
557 1505 613 1576 est,
638 1496 673 1560 in
696 1494 832 1560 historia
861 1516 970 1560 rerum
993 1505 1158 1579 gestarum

64 1587 155 1670 sripta
175 1613 194 1652 a
218 1591 390 1656 fidissimo
416 1593 537 1656 comite
561 1602 594 1656 et
622 1591 784 1678 discipulo
807 1592 911 1674 Luca,
935 1592 1014 1656 dum
1037 1591 1160 1656 Paulus

64 1703 84 1740 ’n
105 1685 230 1752 vinculis
252 1699 447 1769 teneretur,
478 1692 694 1754 menesatem
723 1689 870 1776 Apostoli
899 1693 1022 1779 ejusque
1046 1689 1159 1752 doetri-

64 1803 114 1840 ..eu
138 1787 251 1872 usecipi
281 1788 536 1874 dafeuuleodcm.
582 1787 626 1852 Et
655 1810 733 1852 sane
763 1787 798 1852 id
827 1786 954 1852 Lucam
991 1787 1160 1850 instituere

63 1899 90 1937 »x
109 1879 235 1948 lectione
258 1885 341 1952 libri
371 1885 640 1970 deprehenditur.
686 1887 737 1950 Ea
767 1887 855 1950 enim
878 1885 975 1966 fscts,
1000 1905 1084 1970 quae
1108 1883 1160 1947 de·

63 1989 213 2044 monstrant
234 1983 423 2065 gentilium
454 1984 661 2047 vocationem
691 1983 734 2048 ed
764 1982 874 2065 fidem,
898 1982 1061 2068 reiquae
1085 2002 1160 2044 cum
1226 2069 1231 2079 Ι

64 2069 107 2132 inc
133 2082 301 2144 vocatione
336 2081 537 2161 cohaerent,
561 2103 646 2166 quse
675 2083 794 2145 miram
824 2080 987 2166 planeque
1011 2079 1159 2143 divinam

63 2171 85 2230 δ’.
103 2171 183 2239 Pauli
205 2179 250 2242 nd
275 2178 507 2264 apostolatum
530 2181 737 2243 vocationem
766 2178 939 2259 illustrant,
963 2199 1047 2264 quse
1071 2176 1161 2242 deni-

63 2291 108 2348 ·pn
127 2273 268 2357 ejusdem
295 2277 444 2363 apostoli
468 2278 502 2340 in
526 2276 660 2342 sinenda
691 2277 926 2362 conjectinon
949 2276 1046 2340 modo
1071 2277 1160 2340 inno·

64 2370 175 2436 renuam
198 2375 256 2440 sed
282 2378 392 2451 etiam
406 2374 545 2458 glorium
570 2384 602 2438 et
625 2375 840 2460 triumphum,
854 2373 1058 2439 ludaeorum
1082 2395 1160 2436 vero

64 2462 232 2537 ¹distinctam
264 2475 480 2560 impietatem
510 2471 694 2554 declarent,
718 2473 802 2538 haec
833 2473 931 2554 facta,
956 2473 1102 2559 inquam,
1126 2472 1160 2534 in

71 2561 174 2632 lctibus
187 2570 308 2654 husius,
325 2569 523 2656 diligentius
535 2581 578 2635 et
600 2571 855 2656 praedilectione
866 2569 1013 2657 quadam
1028 2569 1160 2633 tractari

64 2659 196 2732 videmus.
223 2708 269 2716 -
296 2669 416 2750 Quum
441 2670 544 2752 igitur
571 2669 680 2734 Lucas
703 2678 773 2734 tum
814 2690 880 2754 qna
915 2666 1097 2752 discipulus
1130 2675 1162 2729 et

64 2763 330 2849 1·uuesB.Psnli‚
357 2776 429 2832 tum
454 2777 587 2852 propter
609 2767 770 2832 rationem
785 2768 979 2852 expositam,
1003 2762 1160 2848 peculiari

64 2853 137 2918 :crido
165 2875 258 2944 gesta
282 2866 319 2931 S.
346 2863 444 2930 Psuli
477 2865 514 2928 in
535 2866 748 2930 conversione
771 2865 944 2948 gentilium
977 2861 1162 2925 describere

63 2957 241 3042 caepisset,
263 2965 393 3026 mirum
408 2960 596 3026 nullatenus
619 2972 677 3044 est,
701 2961 790 3048 quod
813 2971 904 3046 geste
927 2959 961 3025 S.
984 2959 1073 3023 Petri
1096 2979 1162 3021 uon

64 3067 262 3140 numquam.
288 3058 549 3126 Advertendum
570 3060 669 3123 etiam
691 3067 748 3142 est,
770 3058 923 3124 fidelibus
937 3057 1104 3136 Romanis,
1128 3055 1163 3118 in

63 3167 176 3226 ‘1¹¹⁰i11111
190 3161 340 3240 gretiam
355 3157 481 3221 directe
494 3156 599 3222 Actus
609 3155 841 3242 Apostolorum
855 3156 1057 3240 conscripsit,
1072 3163 1164 3237 gesta

63 3243 166 3314 &Petri
175 3253 253 3320 inde
266 3257 312 3320 ab
324 3255 398 3341 ejus
405 3253 552 3320 adventu
562 3256 597 3321 in
607 3255 723 3323 urbem
729 3255 867 3319 Romam
878 3255 956 3318 satis
965 3261 1043 3317 nota
1052 3251 1162 3315 fuisse.

132 3347 181 3412 ill·
204 3351 317 3418 Sicuti
349 3375 392 3418 ex
423 3351 551 3417 silentio
582 3351 745 3434 Aetuum,
769 3355 816 3416 ita
845 3353 945 3416 etiem
969 3373 1010 3413 ex
1034 3348 1163 3413 silentio

63 3441 250 3520 epicurum
278 3451 314 3518 S.
338 3449 435 3516 Pauli
464 3449 591 3516 nullum
615 3459 847 3535 argumentum
877 3448 954 3513 cudi
983 3456 1105 3532 potest,
1130 3445 1163 3509 S.

65 3533 174 3609 Petrum
197 3547 293 3614 haud
315 3549 457 3632 gessisse
486 3549 710 3634 episcopatum
739 3547 935 3612 Romanum.
988 3543 1163 3608 Existima-

66 3651 123 3698 uns
154 3645 300 3728 quidem,
340 3643 514 3731 epistolem
550 3643 593 3708 ad
630 3644 795 3710 Romanos
831 3645 988 3729 scriptam
1025 3663 1095 3705 esse
1122 3661 1164 3700 ex

68 3731 172 3802 lchuis
193 3765 223 3808 a.
248 3745 307 3824 53,
334 3763 440 3828 eoque
470 3751 616 3827 tempore
646 3741 861 3828 probabiliter
890 3741 923 3806 S.
946 3739 1081 3804 Petrum
1103 3735 1164 3800 Ro-

69 3849 123 3893 use
144 3835 229 3906 hund
253 3843 368 3923 fnisse,
393 3859 496 3926 quum
529 3839 687 3904 Claudius
716 3863 804 3904 enno
832 3841 852 3904 9
882 3838 1010 3922 imperii
1034 3836 1084 3899 sni
1107 3833 1164 3899 Ju-

68 3923 145 3994 ‹heos
165 3935 271 4004 Roma
294 3936 479 4024 expulisset
507 3945 606 4024 atque
637 3935 670 4004 S.
694 3937 809 4002 Petrus
832 3933 980 4000 nondum
1002 3931 1163 3998 rediisset.

70 4023 119 4089 >id
132 4035 224 4100 etiarn
240 4041 266 4102 si
276 4037 312 4104 S.
321 4035 441 4100 Petrus
448 4033 571 4100 Romae
587 4043 657 4098 erat
671 4043 817 4119 tempore
836 4054 900 4119 quo
915 4031 948 4098 S.
962 4030 1085 4096 Paulus
1099 4031 1164 4115 epi·

70 4123 162 4192 utam
181 4133 223 4198 nd
243 4135 415 4200 Romanos
436 4131 610 4216 scribebat,
633 4155 675 4196 ex
696 4131 824 4198 silentio
837 4129 932 4196 Pauli
953 4129 996 4194 de
1017 4127 1051 4194 S.
1067 4127 1163 4192 Petro

72 4219 133 4288 nihil
146 4227 252 4297 inferri
267 4238 390 4321 potest.
414 4229 586 4316 Numquid
604 4231 693 4296 enim
714 4227 820 4294 debuit
833 4227 923 4316 loqui
941 4225 983 4294 de
1000 4225 1033 4292 S.
1043 4221 1163 4290 Petro?
