2790 4812
460 423 593 514 oe'sotis
612 445 733 517 Concilii.
1043 537 1045 542 Α
1099 463 1150 516 431

63 623 128 686 quae
148 601 243 664 tradit
267 601 451 682 invenisse3
489 609 640 685 poterunt
670 611 779 666 sutem
809 603 852 668 ab
876 602 1067 668 hominibus
1089 606 1153 689 pri·

63 700 130 762 rutis
158 697 208 762 vel
239 709 386 784 tempore
418 698 545 782 Synodi
579 698 632 762 vel
665 700 762 785 paulo
786 709 860 785 post
883 701 1047 766 conscribi
1070 702 1153 786 ejus·

63 795 132 858 nodi
162 797 406 878 commentarii,
440 795 561 882 quibus
595 799 703 862 varias
741 798 962 863 discussiones
995 808 1027 863 et
1060 801 1153 864 varia

62 893 130 956 luctu
151 893 359 958 exhibebant.
383 893 436 958 En
451 891 576 958 Gelusii
600 894 722 960 verbs:
764 895 880 960 Omnia
903 920 981 982 quae
1004 899 1040 962 in
1057 921 1152 983 prae

61 989 132 1054 clerc
152 991 207 1055 illo
230 1003 260 1056 et
283 1003 393 1056 sanctu
407 983 534 1078 Synodc
550 992 646 1071 diota,
658 993 754 1079 fucta
768 1004 798 1056 et
821 995 992 1060 constituto
1006 994 1153 1080 filmont,

56 1093 110 1174 jon
124 1089 245 1174 pridem
267 1113 336 1154 cum
359 1090 459 1152 adbuc
490 1091 526 1152 in
543 1101 684 1176 paterno
714 1091 804 1156 domo
828 1092 967 1178 deqerem
991 1092 1062 1179 leqt',
1086 1115 1154 1156 mem

62 1185 105 1248 illo
133 1188 312 1250 invenissem
345 1188 380 1250 in
417 1189 635 1274 antiquissimo
669 1187 748 1252 libro
790 1191 825 1254 in
847 1190 1036 1254 membranis
1054 1189 1153 1276 plone

61 1284 166 1369 intueris
197 1283 365 1370 descripta,
398 1286 453 1370 qui
467 1285 539 1370 fuit
571 1285 673 1349 diuini
705 1296 735 1349 et
772 1287 901 1352 celebris
928 1286 1088 1352 Dalmotii
1118 1289 1155 1352 iu

60 1379 156 1446 illustri
178 1377 396 1468 Cyzicerwrum
419 1381 585 1468 metropoli
607 1395 735 1447 sunctae
761 1394 853 1470 atque
876 1384 1046 1450 cotlmlicue
1063 1385 1153 1450 cccle-

60 1480 109 1540 riae
137 1480 381 1566 archiepiscopi,
415 1481 525 1567 quique
550 1480 677 1544 tandem
703 1481 747 1544 od
761 1481 915 1567 familiae
936 1493 1077 1548 noenum
1099 1482 1153 1546 ‹lo-

61 1577 153 1638 ninum
174 1576 308 1656 deuenit,
325 1587 454 1662 putrem
479 1576 548 1640 dico
565 1600 664 1640 meum
678 1579 845 1644 secundum
869 1603 1003 1659 comum,
1027 1581 1155 1666 clinnum

59 1672 171 1736 lulium
189 1675 251 1760 oui
272 1675 307 1737 in
331 1674 473 1738 ordinem
490 1674 745 1760 presbyterorum
777 1675 915 1765 ejusdem
937 1677 1085 1742 emlesiue
1107 1700 1153 1742 co-

59 1781 206 1853 npleretur.
232 1820 240 1834 .
266 1821 274 1834 .
300 1819 307 1834 .
341 1771 515 1836 Plurimum
537 1773 662 1836 omuino
692 1773 855 1858 stultique
878 1773 1077 1860 diliyeutium
1100 1775 1154 1838 ad·

59 1867 133 1944 lilui,
155 1879 184 1932 ct
206 1869 290 1956 quod
312 1868 379 1932 dici
409 1869 488 1934 solet
512 1892 630 1934 omnem
651 1871 814 1936 rudentem
835 1873 926 1951 moui,
949 1883 985 1936 ut
1003 1873 1153 1957 pemseia·-

57 1987 141 2046 ynren
162 1990 241 2052 quoe
264 1967 299 2030 in
329 1978 440 2031 sanctu
461 1967 523 2031 illa
546 1965 672 2054 Quodn
703 1979 776 2032 actu
798 1980 871 2032 sunt
887 1991 950 2054 pro
974 1979 1101 2032 sauctae
1125 1980 1155 2032 et

59 2063 226 2144 aposolicae
252 2064 333 2148 fidei
361 2065 628 2130 determinatione.
662 2115 670 2129 .
705 2114 712 2130 .
737 2113 745 2129 .
785 2065 847 2130 Vin
880 2078 983 2130 tomen
1014 2067 1154 2130 inuenire

58 2162 130 2239 pomi
149 2161 304 2226 norrnullc
327 2185 367 2225 eu
389 2163 440 2240 iis,
457 2186 535 2248 quae
550 2163 617 2228 illic
641 2173 779 2228 tractato
802 2174 831 2226 ct
854 2165 1032 2249 columpna
1054 2175 1154 2242 erunt,

60 2257 128 2340 ‘tpud
150 2259 262 2346 plures
293 2260 378 2324 ciros
410 2259 588 2326 litterarum
620 2261 794 2340 studiosos,
822 2271 857 2324 ut
887 2262 974 2348 apud
996 2262 1156 2326 Jocunem

61 2357 199 2436 quemdum
224 2357 460 2444 presbfierum,
494 2359 656 2443 antimum
687 2360 789 2422 uirum
817 2361 847 2422 el
870 2358 1027 2424 scribendi
1050 2358 1154 2422 admo·

62 2451 118 2515 lun
133 2456 279 2540 peritum,
303 2455 338 2518 in
361 2456 618 2540 quaternionibus
633 2456 726 2520 ualde
750 2457 909 2541 antiquis;
932 2479 1028 2542 neque
1053 2467 1157 2520 tamen

61 2555 145 2615 onnia
167 2553 241 2616 iude
269 2553 378 2630 habui,
403 2553 458 2616 sed
481 2576 520 2616 eor
544 2553 620 2616 aliis
643 2555 737 2618 etiam
760 2554 966 2639 scriptoribus
987 2556 1098 2634 ⁴uariis,
1121 2565 1156 2618 ut

62 2669 90 2706 re
104 2648 227 2713 liuebio
244 2649 403 2738 Pamphili
426 2651 570 2736 episcopo
591 2648 762 2714 Caesareae
786 2661 816 2714 et
839 2652 953 2734 Rufino
971 2651 1154 2736 presbytero

62 2745 191 2828 Humano,
215 2747 271 2834 qui
293 2749 388 2812 etiam
411 2758 538 2812 sunctae
562 2747 614 2812 illi
636 2749 753 2834 synodo
776 2749 997 2834 iuterfuerunt,
1021 2747 1155 2833 aliisque

58 2841 193 2923 plurimis.
219 2895 226 2909 .
254 2894 261 2908 .
288 2895 295 2909 .
321 2843 385 2908 Sed
406 2869 503 2930 neque
527 2847 633 2910 omniu
655 2847 796 2910 iuvenire
812 2848 908 2931 potiti
925 2857 1056 2932 praeter
1078 2856 1156 2910 uota

62 2941 118 3002 nte
138 2954 165 3006 et
186 2943 333 3007 veritatis
344 2945 494 3030 proprio,
516 2965 555 3009 ex
574 2966 609 3007 eo
624 2942 704 3008 libro
719 2966 807 3028 quem
815 2945 910 3029 pm'us
933 2966 986 3029 eye
1010 2943 1154 3030 lecerunt.

62 3082 119 3100 ·..
145 3037 219 3103 Cum
243 3051 346 3104 autem
369 3063 408 3104 eu
431 3041 570 3126 ubisque
594 3041 703 3128 aliqua
726 3041 925 3127 colleqissem,
948 3042 1156 3106 necessarium

61 3135 219 3202 existimaui
250 3137 312 3201 illa
343 3139 378 3202 in
409 3137 464 3202 luoc
486 3136 567 3203 libro
600 3139 771 3202 describere
795 3138 839 3202 ud
861 3161 1049 3202 communem
1069 3138 1155 3204 utili·

62 3239 138 3296 lotem
159 3247 250 3322 atque
283 3233 546 3318 confirmationem
570 3259 683 3315 eorum,
707 3238 761 3322 qui
783 3238 818 3300 in
840 3237 914 3300 baec
937 3237 1057 3322 scribto
1079 3236 1156 3299 inci·

61 3329 154 3396 lnint.
187 3373 230 3381 -
266 3331 377 3412 Quum
411 3333 513 3416 igitur
544 3331 629 3398 Acte
661 3332 821 3418 ampliore
853 3331 992 3398 Concilii
1015 3332 1155 3398 Nicueni

62 3423 133 3492 haud
154 3432 299 3495 existent
322 3441 354 3494 et
376 3452 546 3516 nunquam
579 3433 774 3513 exstiterint,
799 3453 838 3494 ea
861 3452 945 3517 quae
969 3428 1156 3495 celebratio·

62 3545 121 3588 nem
143 3527 268 3612 Synodi
292 3537 442 3614 spectant
466 3529 578 3592 critico
594 3551 670 3592 cum
695 3527 824 3593 delectu
848 3551 889 3592 ex
912 3527 1077 3593 historicis
1100 3550 1156 3592 un·

62 3621 143 3706 siquis
165 3625 349 3712 colligenda
373 3636 459 3690 sunt.

132 3725 183 3790 94.
208 3725 422 3790 Conveniunt
451 3745 564 3788 omnes
587 3735 736 3788 auctores
769 3734 839 3788 tum
863 3727 991 3811 antiqui
1015 3733 1086 3788 tum
1108 3723 1255 3826 το-ΤἭ
1271 3725 1325 3765 ⁰⁰¹¹·

63 3821 212 3905 certiores,
238 3821 425 3888 Concilium
449 3821 600 3886 habitum
624 3845 695 3886 csse
718 3845 803 3886 anno
829 3823 893 3887 636
916 3832 990 3908 post
1012 3821 1155 3888 Alexan·
1258 3816 1263 3826 ’

63 3911 140 3982 ίΙτιιηι
162 3920 217 4002 M„
242 3920 391 4006 adeoque
414 3943 444 3985 a.
468 3919 533 3984 325
557 3943 588 4005 p.
602 3917 649 4002 0.,
674 3919 793 3984 Anicio
817 3919 955 3986 Paulino
980 3929 1012 3983 et
1035 3919 1155 3984 Anicio

63 4009 176 4081 loliano
201 4017 410 4084 Consulibus.
456 4017 627 4082 Dissensio
657 4028 767 4082 autem
798 4028 846 4083 est
870 4019 910 4082 de
934 4019 1028 4082 initio
1051 4041 1091 4082 ac
1115 4018 1156 4084 de

64 4109 215 4180 duratione
241 4113 391 4198 Concilii,
415 4114 473 4180 sed
497 4114 609 4180 solidis
638 4118 840 4200 argumentis
863 4116 1005 4181 ostendit
1028 4114 1067 4181 cl.
1092 4115 1156 4180 He-

64 4207 121 4293 lele,
142 4213 390 4300 praeferendam
420 4237 490 4277 esse
523 4213 610 4280 hanc
634 4217 923 4300 computationem.
970 4212 1155 4280 Concilium
