2874 4812
458 517 599 575 vinnan
617 519 642 574 s.
661 517 799 587 saphan.
1135 523 1186 576 ιιι

90 663 166 728 llihil
178 663 330 752 estquod
347 662 614 728 confirmationis
630 671 874 728 sacramentum
894 672 1003 746 sonet,
1022 660 1105 728 nihil
1122 686 1187 751 quo

89 761 171 826 sliam
184 761 226 828 ab
241 784 281 828 ea
296 783 415 828 manus
433 761 676 847 impositionem
696 781 796 847 quam
810 781 896 847 quae
909 759 1187 826 reconciliationis

89 859 231 925 indicium
246 869 341 942 esset,
358 857 538 924 desiderari
553 859 736 944 opinemur.
760 857 828 923 Ubi
842 859 931 922 enim
946 857 1103 924 Afrorum
1117 883 1187 926 sen·

88 959 192 1020 urbae
210 979 287 1022 eum
307 959 364 1044 qui
387 955 429 1022 ab
450 956 576 1021 haeresi
593 957 686 1020 venit
698 955 974 1041 rebaptizandum
993 977 1073 1039 esse,
1093 979 1187 1022 suam

87 1056 221 1140 opposuit
235 1055 289 1119 his
303 1054 433 1119 verbis:
449 1054 543 1118 Ntbs'l
555 1055 721 1118 innovetur
733 1054 800 1118 nisi
814 1053 897 1139 quod
912 1053 1063 1118 rodiam
1077 1065 1132 1134 eat,
1147 1076 1187 1119 aa

87 1151 189 1217 deinde
210 1152 263 1217 his
286 1151 436 1217 addidit:
459 1162 495 1216 ut
517 1153 547 1214 ei
568 1173 681 1214 monas
699 1151 882 1237 imponatur
900 1152 1186 1237 impoenitentiam,

87 1249 212 1334 proferre
244 1249 329 1314 nihil
361 1251 468 1336 potuit
500 1247 663 1332 disertius,
697 1268 762 1333 quo
786 1250 984 1313 sacramenti
1009 1246 1186 1314 Confirma-

86 1349 168 1412 tionis
196 1347 449 1433 intelligentiam
480 1354 659 1412 amoveret
711 1345 886 1432 Colligitur
917 1346 980 1412 hoo
1011 1347 1112 1411 ctiam
1144 1369 1187 1412 ex

85 1465 115 1507 eo
134 1444 216 1530 quod
239 1447 405 1531 sequitur:
433 1443 509 1510 Onam
531 1444 597 1531 ipsi
610 1445 760 1508 baeretici
775 1446 910 1531 proprie
933 1445 1120 1510 attentum
1143 1447 1187 1511 ad

85 1566 109 1604 a
127 1543 280 1607 amantes
310 1565 375 1607 non
406 1543 576 1628 baptizent,
600 1541 655 1606 sed
687 1543 910 1607 communicent
934 1554 1065 1608 tantum.
1112 1541 1187 1608 Hoc

84 1641 157 1704 enim
178 1641 362 1723 confirmat,
386 1661 407 1704 a
429 1638 597 1726 Stephano
626 1639 727 1703 ritum
752 1639 929 1725 designari,
953 1663 1017 1728 qua
1041 1640 1085 1705 ad
1108 1664 1185 1707 oom-

85 1741 242 1804 nam'onem
264 1736 436 1803 Ecclesiae
468 1736 649 1802 catholicae
673 1736 862 1802 solemniter
883 1739 1111 1804 admittantur.
1141 1777 1185 1789 —

83 1835 145 1899 Jam
167 1835 332 1901 existebat
353 1837 437 1900 ritus
460 1833 524 1918 ille,
548 1835 628 1898 atsi
652 1836 726 1919 quis
750 1835 931 1901 catholicus
954 1836 997 1901 ad
1020 1836 1184 1903 haeresim

84 1932 218 2020 delapsus
241 1943 359 2021 postea
381 1932 424 1998 ad
438 1931 624 1997 Ecclesiam
647 1932 779 2015 rediret,
803 1934 1005 2020 reciperetur
1013 1957 1075 2021 per
1087 1957 1185 2022 ampo

83 2033 208 2096 titionem
227 2055 378 2096 manuum
401 2033 436 2095 ia
453 2031 692 2117 poenitentiaea
739 2029 901 2096 Videmus
924 2031 959 2096 id
983 2053 1025 2095 ex
1048 2030 1185 2118 epistola

83 2129 110 2194 S.
129 2129 285 2217 Cypriani
318 2129 362 2194 ad
395 2128 568 2210 Quintum
613 2128 657 2192 Et
686 2127 795 2192 diumt
818 2128 1042 2217 (adversarii),
1067 2131 1184 2216 inquit,

84 2251 108 2290 se
126 2229 157 2292 in
176 2230 230 2293 boc
254 2227 359 2318 (quod
383 2249 449 2294 non
472 2224 692 2312 rebaptizent)
711 2237 844 2291 ueterem
866 2228 1118 2292 conuectudt'nem
1141 2251 1184 2293 ae-

83 2328 134 2410 qui,
161 2327 288 2413 meando
322 2325 410 2412 apud
441 2335 558 2390 veteres
593 2325 754 2388 bearem
791 2335 822 2389 et
853 2326 1050 2390 schismatum
1075 2328 1186 2413 prima

77 2423 185 2504 faedat
205 2427 315 2505 initia,
339 2435 375 2488 ut
395 2423 429 2486 bs'
459 2421 528 2488 ittte
558 2432 659 2486 essent
688 2423 744 2508 qai
765 2421 804 2486 de
826 2421 970 2488 Ecclesia
990 2423 1185 2504 recedebant,

84 2531 107 2583 et
130 2523 173 2588 bic
202 2523 362 2610 baptizoti
377 2522 474 2609 priua
496 2520 654 2607 flammat:
684 2542 761 2606 qrsoa
784 2530 857 2585 tanc
889 2531 993 2586 tomen
1015 2521 1059 2586 ad
1081 2521 1185 2587 Ecob-

84 2619 150 2682 a'on
176 2631 366 2686 maranus
398 2629 429 2684 et
453 2619 683 2704 poenitentiam
715 2629 842 2704 apentea
871 2641 993 2684 nemeae
1023 2642 1087 2684 non
1117 2632 1187 2686 erat

83 2713 235 2802 baptisare.
289 2715 382 2791 Quod
402 2737 601 2802 normaque
615 2715 707 2780 bodie
730 2715 936 2797 observamus,
959 2727 995 2781 ut
1017 2739 1093 2803 assos
1115 2740 1184 2782 con·

83 2823 131 2878 aet
148 2815 194 2880 bie
215 2816 397 2903 baptizatos
418 2836 484 2879 aare
507 2823 537 2877 at
550 2837 571 2878 a
588 2811 680 2878 nobis
702 2813 746 2877 ad
767 2815 938 2878 haereticos
960 2815 1133 2896 tramissa,
1158 2817 1187 2879 εἰ

79 2915 225 2994 nemeto
243 2923 378 3001 peccato
401 2934 458 2976 suo
481 2911 603 2998 coquito
635 2921 666 2975 et
688 2933 792 2976 errore
815 2911 935 2998 diptota
958 2912 1003 2976 ad
1023 2913 1186 2976 veritatem

82 3009 204 3090 rodana
228 3011 312 3076 ratis
335 3010 377 3074 m't
399 3011 435 3073 in
452 3009 683 3095 poenitentiam
712 3031 839 3072 manum
861 3009 1029 3095 imponere,
1053 3021 1088 3073 ut
1110 3011 1186 3096 quia

82 3107 136 3170 ata
149 3112 219 3197 jam
234 3107 360 3195 suerat,
393 3107 473 3170 banc
505 3127 590 3170 ouem
622 3105 837 3170 abalienatam
864 3115 895 3170 et
917 3107 1127 3172 errabundam
1150 3108 1186 3171 in

81 3203 147 3266 aa
168 3229 259 3270 naam
276 3217 393 3292 postor
413 3201 594 3291 recipiar).
644 3203 812 3268 Eumdem
834 3205 949 3269 ritum·
966 3205 1185 3290 impositionis

82 3321 223 3368 uanum
249 3303 423 3368 manifeste
444 3300 632 3388 Stephanus
654 3300 817 3388 intelligit,
842 3323 945 3388 quum
967 3301 1107 3388 perinde
1129 3300 1185 3364 hs-

82 3396 154 3482 beat,
176 3411 289 3466 chum
312 3402 387 3487 quis
410 3399 500 3487 apud
524 3397 703 3464 catholicos
723 3422 766 3465 an
790 3399 879 3485 apud
902 3398 1084 3465 haereticos
1107 3398 1185 3486 bap-

81 3495 184 3563 tizatus
206 3501 269 3580 sit,·
293 3497 335 3562 de
357 3507 561 3564 sacramento
586 3497 854 3562 Confirmationis
876 3495 968 3562 nulla
990 3497 1028 3561 fit
1050 3499 1183 3564 mentio.

82 3591 193 3674 Quodsi
227 3595 418 3682 Cyprianus
449 3605 483 3660 et
505 3595 720 3661 Firmilianus
752 3596 798 3660 ita
831 3605 945 3661 contm
977 3593 1183 3682 Stephanum

81 3689 235 3779 dispume
267 3694 433 3777 videntur,
467 3716 506 3758 ac
538 3695 566 3757 si
594 3693 751 3758 Pontifex
783 3714 942 3757 manuum
975 3693 1185 3779 impositione

81 3791 165 3855 etam
188 3791 458 3858 confirmationis
490 3799 732 3856 sacramentum
763 3790 1000 3856 conferendum
1032 3790 1183 3874 voluerit,

83 3885 109 3950 id
129 3889 201 3954 inde
224 3887 463 3975 explicandum
486 3897 544 3970 est,
568 3887 657 3974 quod
680 3887 810 3952 fervore
833 3887 1065 3974 disputationis
1088 3887 1184 3975 plura

82 3985 296 4069 mnludcrint3
329 4008 395 4050 non
419 3995 517 4051 vacat
538 3985 594 4050 hio
616 3987 803 4051 accuratius
830 3985 996 4076 inquirere
1019 3985 1062 4050 de
1085 4007 1184 4052 sensu

82 4083 244 4150 verbomm
267 4084 439 4170 uniusque
460 4081 635 4150 Praesulis.

144 4297 163 4364 ¹)
197 4296 286 4366 Epist
306 4298 349 4351 71.
