2936 4814
246 479 282 544 'aa
520 487 561 540 De
578 486 672 540 histor.
691 483 784 540 noha
801 487 865 540 ertu
882 499 914 542 ac
931 489 1082 552 progressu

246 633 282 695 in
314 632 489 695 seminario
522 629 673 692 Romano
705 636 738 690 et
769 627 805 690 in
838 625 983 710 (lellegio
1008 625 1144 694 Urbano
1177 625 1219 692 de
1239 625 1362 711 Proga-

245 729 356 813 ganda
379 727 464 792 Fide
493 725 673 812 professor,
703 746 743 788 ao
766 723 845 790 dein
867 723 902 790 S.
924 722 968 792 D.
991 723 1033 791 N.
1055 723 1109 790 Pii
1135 723 1188 793 IX
1216 724 1364 792 Secreta-

244 828 314 890 rius
336 826 494 890 alitteris
517 823 655 887 Latinis
702 821 736 886 Is
758 830 900 906 quatuor
923 819 1029 889 edidit
1051 820 1362 890 voluminaDissor-

247 926 410 1003 ladonam,
434 921 556 1008 quibus
578 921 672 984 varia
685 919 856 984 Ecclesiae
874 927 1025 1004 tempora
1046 919 1186 988 nutum
1209 919 1362 986 illustrat.

245 1021 312 1087 sse
341 1041 428 1090 anno
456 1018 710 1106 quadragesimo
737 1027 855 1106 octavo
885 1016 986 1101 hujus
1017 1016 1140 1084 sacculi
1172 1017 1215 1087 ab
1247 1020 1363 1103 impiis

243 1117 422 1184 rebellibus
455 1121 489 1181 in
522 1118 594 1202 ipro
625 1114 747 1200 palatio
780 1113 972 1199 Apostolioo
1004 1115 1147 1196 occisus,
1180 1123 1282 1200 atque
1313 1117 1363 1181 sic

244 1227 453 1300 praematura
477 1223 581 1278 morte
602 1212 721 1278 litteris
744 1221 876 1297 ereptus
898 1221 958 1277 est.

333 1314 386 1378 26.
410 1313 450 1376 In
487 1309 661 1374 Gerrunio
696 1311 829 1374 nonnisi
862 1309 941 1374 inde
971 1331 994 1374 a
1015 1311 1189 1380 recentiori
1213 1319 1362 1397 tompore

176 1395 205 1423 '¹'
244 1413 330 1476 inter
339 1408 526 1476 catholicos
535 1409 726 1472 invenimus
736 1416 886 1472 auctores
894 1406 1100 1489 celebriores,
1114 1409 1173 1492 qui
1187 1407 1361 1476 historiam

89 4209 206 4262 Scriptores

95 4272 197 4314 recantet.

243 1509 500 1572 ecclesiasticam
511 1504 645 1590 speciali
656 1525 756 1589 opera
765 1503 990 1570 excoluerunt.
1015 1503 1172 1590 ansque
1181 1504 1362 1574 utebantur

243 1604 401 1670 Germani
421 1606 462 1669 iis
480 1623 566 1689 quae
585 1623 627 1666 ex
637 1603 772 1666 Bar-onii
797 1601 953 1688 operibus
972 1623 995 1670 a
1018 1604 1123 1668 variis
1143 1603 1361 1688 scriptoribus

244 1706 278 1767 in
303 1702 498 1788 compendia
520 1700 664 1782 redacta,
689 1698 743 1762 vel
757 1721 842 1784 quae
865 1721 908 1762 ex
931 1698 1005 1766 aliis
1028 1698 1152 1782 linguis
1174 1701 1210 1766 in
1234 1700 1361 1772 idioma

243 1797 479 1864 Germanicum
501 1797 660 1864 translata
682 1807 786 1861 erant.
834 1796 932 1876 Quod
956 1798 984 1862 si
1007 1799 1187 1882 quaesieris
1210 1798 1299 1864 unde
1324 1799 1361 1864 id

241 1899 440 1984 provenerit,
473 1917 576 1982 quum
608 1895 671 1958 viri
712 1894 894 1958 doctissimi
926 1895 1027 1962 etiam
1060 1893 1180 1980 elapsis
1217 1895 1361 1964 amuis

242 1995 444 2061 Germaniae
467 2015 533 2058 uon
558 1991 732 2073 defuerint,
756 1991 846 2056 haud
876 1993 923 2056 ita
945 1991 1043 2058 facile
1066 2003 1117 2062 oet
1137 1993 1280 2065 nationes
1302 2015 1360 2058 ex·

241 2094 387 2180 planare.
448 2091 591 2156 Qunam
628 2101 740 2154 tamen
780 2091 993 2174 praeeipuam
1030 2089 1210 2174 quamdam
1246 2092 1281 2156 in
1318 2113 1358 2156 ao

241 2192 345 2256 luisse
375 2189 654 2268 existimaverim,
688 2186 776 2272 qued
809 2186 944 2272 plurimi
977 2188 1041 2253 viri
1072 2189 1205 2270 ingenie
1234 2199 1269 2252 et
1290 2191 1359 2274 pie

240 2297 307 2352 tate
331 2288 477 2370 insignes
501 2284 750 2370 occupabantur
763 2283 852 2348 lucta
865 2286 1012 2369 practIca
1026 2293 1062 2352 et
1081 2306 1219 2370 operosa
1241 2297 1359 2356 wana

241 2385 492 2470 protestantium
515 2383 688 2464 haeresim,
712 2391 749 2444 ut
765 2381 945 2446 catholicos
965 2383 1001 2446 iu
1025 2381 1093 2448 fide
1114 2383 1358 2466 confirmarent,

242 2483 386 2548 haeresia
409 2501 601 2566 progressus
624 2480 833 2564 impedirent,
848 2489 882 2543 et
905 2481 1040 2564 eosqui
1064 2503 1085 2546 a
1107 2482 1247 2548 ver-itate
1269 2482 1359 2548 dole

242 2589 363 2662 uerunt,
373 2579 579 2644 reducerent.
604 2578 693 2642 Hinc
716 2578 820 2640 otium
844 2575 1000 2642 illistron
1023 2587 1102 2658 erat,
1118 2586 1269 2662 utapera
1283 2601 1359 2647 oon-

242 2676 432 2758 seriberent,
465 2697 551 2762 quae
583 2675 626 2738 ad
664 2673 788 2738 luctam
819 2673 912 2738 illan
944 2684 976 2738 et
1007 2673 1153 2740 laborem
1182 2685 1359 2759 mgentem

241 2775 365 2838 directe
388 2773 478 2838 haud
502 2772 706 2858 spectabant
753 2771 810 2836 Sic
824 2772 1064 2855 igitarfactutu
1083 2781 1145 2854 est,
1165 2783 1204 2840 ut
1225 2775 1261 2840 iu
1283 2795 1359 2840 cen·

239 2872 409 2934 torversiia
432 2871 567 2956 quidem
590 2869 761 2954 polemicis
784 2879 817 2932 et
840 2872 876 2934 in
898 2868 1085 2954 disciplinis
1109 2873 1273 2954 practicis,
1296 2874 1359 2938 sci-

239 2967 317 3032 licet
346 2969 382 3030 in
404 2967 591 3050 theologica
621 2964 738 3030 morali
770 2976 803 3031 et
829 2967 907 3052 jure
939 2968 1108 3048 eueniet,
1143 2989 1210 3035 nou
1233 2991 1358 3053 paucos

239 3064 370 3128 meede
395 3064 496 3128 XVII
520 3075 552 3129 et
575 3063 694 3129 XVIII
702 3062 882 3128 Germania
905 3064 1042 3130 haberet
1064 3063 1172 3132 clarus
1194 3075 1358 3149 auctores,
1464 3135 1465 3140 γ

240 3163 349 3248 quoad
382 3163 604 3246 dogmaticam
633 3171 746 3226 autem
775 3161 1015 3247 speculativam
1047 3170 1081 3224 et
1112 3161 1283 3228 historiam
1307 3185 1358 3231 ec

238 3259 457 3324 elesiastioam
481 3261 580 3344 pauci
603 3269 733 3323 tantun
756 3261 996 3324 invenirentur.
1018 3295 1062 3308 --
1085 3258 1151 3326 Sed
1181 3262 1357 3326 recentiori

239 3367 395 3442 tempore,
419 3358 467 3420 uti
491 3357 646 3422 omnibus
669 3367 783 3420 notum
797 3367 856 3438 est,
872 3358 908 3420 in
929 3355 1104 3422 tractanda
1126 3355 1264 3422 historia
1286 3367 1358 3424 tum

239 3455 377 3540 profana
400 3465 470 3516 tum
494 3454 717 3518 ecclesiastiea
741 3455 805 3517 viri
828 3453 949 3518 eruditi
964 3453 1162 3520 Gemanica
1185 3475 1264 3539 prae
1287 3475 1360 3523 oae-

238 3554 316 3616 teris
340 3551 575 3616 excelluerunt.
621 3552 699 3616 Jom
730 3551 864 3615 saeculo
891 3560 1056 3616 nanneto
1086 3551 1129 3618 ad
1163 3551 1264 3619 finem
1287 3575 1359 3618 ver-

237 3659 335 3732 gente
358 3649 442 3712 varii
466 3649 600 3712 fuerunt
628 3658 788 3730 auctores,
819 3650 876 3734 qui
906 3647 1066 3734 ampliora
1097 3649 1134 3714 in
1159 3658 1270 3716 nootm
1293 3649 1359 3716 dis·
1462 3669 1463 3740 p

239 3745 361 3829 ciplina
375 3767 475 3830 opera
489 3747 708 3830 scripserunt3
729 3745 787 3808 sed
806 3745 853 3810 illi
874 3745 987 3812 infecti
1007 3754 1100 3812 eraut
1119 3747 1191 3810 viro
1205 3745 1359 3832 Josephi·

238 3845 351 3921 nismi,
376 3845 590 3928 animumque
621 3865 701 3929 prae
734 3864 768 3906 se
800 3843 910 3908 icrunt
943 3843 1101 3910 institutio
1124 3842 1293 3912 Eeelestae
1325 3856 1361 3908 et

239 3939 346 4004 ordini
371 3937 575 4008 hierarchice
595 3961 693 4024 saepe
706 3940 887 4008 infensum.
911 3939 1009 4006 Unde
1031 3949 1202 4009 escarum
1227 3939 1358 4008 illorum

240 4039 374 4102 nomina
397 4059 577 4123 eorumque
599 4059 700 4126 opera
733 4039 848 4102 merito
882 4059 961 4104 mox
983 4037 1144 4104 oblivioni
1169 4037 1246 4104 dcta
1270 4049 1358 4105 sunt.
1461 4039 1462 4076 ³

238 4134 338 4198 Brevi
362 4144 436 4220 post
458 4145 568 4199 autem
592 4134 719 4200 felicior
741 4155 820 4199 aera
841 4134 960 4200 illuxit.

327 4231 381 4296 ut.
404 4231 576 4296 Excitavit
605 4231 731 4296 scilicet
753 4231 901 4296 studium
934 4230 1090 4300 historiae
1113 4231 1359 4300 adsuescere
1460 4241 1461 4244 ’
