2810 4846
255 447 308 502 174
685 445 726 504 Ds
745 445 819 504 iacto
835 444 963 502 Nectarii

253 593 319 656 uisi
341 602 397 656 aut
419 601 527 678 sponte
549 591 738 678 confessum,
762 603 818 657 aut
839 592 876 656 iu
902 590 1007 678 ulique
1031 590 1095 654 siue
1118 588 1272 656 soeculari
1288 591 1345 656 siue

254 687 458 754 eeclesiastico
474 689 597 777 judicio
620 691 813 756 mutasses
836 701 928 776 etque
950 688 1166 774 museum).

341 786 642 852 scapoardus
674 789 709 852 in
732 788 810 852 Vita
841 787 874 854 S.
898 786 1076 872 Augustini
1105 785 1204 872 hujus
1226 786 1346 850 beatum

254 993 462 1061 consueuerat,
480 992 556 1068 post
571 993 755 1070 perceptum
777 983 964 1069 baptismus
986 983 1080 1048 etium
1102 982 1248 1048 mutuas
1267 981 1390 1046 Cleri·

254 1083 373 1146 saeuos
397 1091 425 1144 et
448 1079 623 1144 sacerdotes
646 1079 759 1166 abspes
791 1080 890 1166 dique
912 1091 940 1143 et
962 1082 1148 1166 competenti
1162 1069 1390 1166 poeniteutiul

87 821 379 974 ⁰¹⁰H,²*,¹¹'exitum
403 907 558 950 enarrans
572 885 703 950 scribit:
726 887 839 952 Dicere
854 897 958 950 cutem
971 884 1089 948 uobis'
1075 896 1159 950 enter
1174 881 1390 970 familiaria
1389 939 1390 960 ,

253 1180 339 1242 exire
362 1178 400 1242 de
423 1199 552 1263 corpore
582 1199 646 1242 coc
678 1175 833 1264 cetere).
879 1177 914 1242 si
947 1199 985 1240 ea
1009 1177 1137 1242 confers
1161 1199 1242 1262 quae
1264 1198 1348 1263 supe
1389 1179 1390 1192 ¹

253 1276 321 1340 rius
345 1275 385 1340 dc
408 1274 596 1359 quotidiana
626 1277 826 1360 poenitentia
858 1298 877 1338 a
904 1273 937 1340 S.
960 1274 1149 1358 Augustino
1173 1274 1258 1338 dicta
1278 1275 1350 1336 cita-

189 1401 195 1412 ·
254 1375 372 1456 vimus,
397 1372 473 1438 inde
505 1371 648 1456 colliges,
679 1372 770 1440 hisce
802 1371 913 1438 verbis
942 1395 962 1436 a
983 1371 1131 1436 Possidio
1154 1369 1298 1438 allatius
1319 1371 1349 1434 S.

254 1471 396 1534 Doctore
420 1469 623 1554 designatam
647 1470 747 1535 fuisse
779 1473 909 1536 tertiam
937 1469 1026 1536 illam
1049 1471 1281 1556 poenitentiam
1302 1491 1350 1554 pe·

254 1567 410 1632 culisrem
432 1589 491 1653 pro
515 1569 657 1653 peccatis
683 1579 753 1654 post
775 1567 977 1654 baptismum
1000 1569 1196 1650 commissis,
1220 1589 1351 1652 eumque

253 1666 438 1748 asseruisse,
469 1665 637 1748 omnibus,
665 1667 764 1732 etiam
787 1665 882 1732 bonis
906 1663 1102 1733 Christianis
1125 1665 1297 1730 convenire
1319 1673 1352 1727 ut

253 1772 330 1828 onte
362 1773 498 1828 mortem
530 1763 729 1848 peculiarem
761 1765 996 1850 poenitentiam
1026 1765 1183 1846 eratione,
1207 1761 1351 1848 operibus

253 1861 487 1942 satisfactoriis,
505 1861 708 1926 confessione
722 1871 756 1926 et
768 1862 1033 1928 reconciliatione
1047 1871 1157 1946 agant,
1175 1883 1238 1948 quo
1261 1858 1350 1946 plens

254 1961 359 2024 securi
383 1981 452 2024 esse
476 1959 610 2043 possint.
656 1959 767 2024 Etiam
798 1960 1035 2026 confessionem
1065 1968 1100 2024 et
1122 1958 1351 2024 absolutionem

253 2055 379 2122 includi
403 2058 437 2120 in
459 2057 661 2142 poenitentis
683 2055 740 2122 illo
753 2056 795 2122 ab
811 2057 996 2142 Augustino
1021 2056 1260 2138 commendata,
1280 2053 1351 2119 inde

255 2153 447 2238 colligimus,
472 2153 560 2239 quod
582 2156 645 2220 ista
661 2165 697 2218 ut
711 2153 908 2220 elementum
924 2155 1138 2241 praecipuum
1162 2154 1204 2220 ad
1228 2155 1350 2218 tertium

254 2251 336 2318 illud
358 2252 577 2336 poenitentiae
599 2273 703 2336 genus
725 2253 935 2337 pertinerent

342 2349 394 2416 50.
418 2349 585 2414 Possidius
607 2349 629 2416 l.
654 2372 681 2416 c.
705 2351 829 2436 pergit:
879 2347 970 2424 Quod
1002 2360 1032 2415 et
1061 2350 1129 2436 ipse
1143 2348 1229 2436 feeit
1252 2345 1350 2412 ιιῑιίιιια

254 2471 316 2535 qua
347 2447 511 2534 defleretur
543 2458 588 2510 est
615 2449 823 2535 aspritudine:
861 2471 935 2514 uara
965 2447 1027 2512 siti
1051 2451 1194 2536 jusserat
1217 2444 1352 2532 paulatus

254 2546 427 2610 Dauidicoc
450 2547 503 2630 qui
526 2555 597 2610 suat
613 2547 802 2632 paucissimi
823 2546 1070 2632 deposueratis
1090 2544 1196 2624 scribi,
1220 2545 1351 2630 ι’μοιφιε

255 2644 472 2730 qoctcmsioues
500 2648 613 2733 jaceas
642 2644 677 2708 iu
701 2641 776 2708 lecto
809 2654 917 2708 cont-rc
933 2644 1092 2730 parietem
1108 2643 1232 2729 positos
1255 2638 1352 2704 stetu

254 2764 329 2806 cuce
351 2741 544 2826 infirmitates
567 2740 746 2806 intuebatur
769 2752 798 2804 et
829 2741 957 2826 tepebat,
984 2751 1014 2805 et
1029 2743 1150 2829 jupiter
1172 2763 1209 2802 ac
1233 2735 1390 2802 ιιὸινιίιιι

246 2838 364 2926 flebat:
388 2850 418 2904 et
439 2861 478 2904 uc
501 2841 632 2904 intentio
657 2843 723 2928 eyies
746 2863 767 2904 c
789 2859 942 2926 essequam
963 2839 1176 2926 impediretur,
1199 2846 1272 2900 astte
1293 2835 1390 2908 dics

247 2937 351 3024 fernes
380 2937 482 3002 decern
514 2960 606 3022 quum
638 2938 738 3002 sciret
767 2937 805 3000 ds
840 2957 986 3024 corpore,
1020 2961 1041 3002 α
1068 2937 1156 3002 sote
1183 2917 1390 3054 postulanti

249 3034 540 3122 praesentimus
571 3035 638 3121 quis
671 3035 715 3100 od
743 3057 812 3100 eum
840 3031 1218 3124 ingrauescentis&
1242 3007 1390 3096 maurel

254 3133 349 3213 loric,
372 3133 483 3220 quibus
505 3133 618 3196 modici
650 3132 693 3198 ael
723 3133 953 3219 despiciendum
982 3135 1149 3211 lustrarent,
1173 3130 1221 3196 cel
1246 3152 1308 3195 cau
1327 3127 1390 3190 ei

254 3231 382 3316 refectio
406 3231 587 3316 inferremus
634 3231 703 3295 Es·
690 3241 738 3294 cta
752 3229 945 3296 obseruatum
958 3231 1125 3317 ecfuctmn
1147 3241 1202 3310 est,
1225 3240 1258 3316 et
1277 3223 1390 3310 omoi

255 3327 311 3394 illo
336 3339 470 3415 tempore
495 3330 634 3392 crotoni
648 3327 849 3392 vocabat-
861 3328 936 3394 Non
959 3329 1059 3394 refert
1080 3327 1214 3415 quidem
1238 3333 1347 3398 auctor,

254 3425 478 3511 Augustinnm
501 3427 601 3490 etiam
624 3425 860 3492 confessionem
884 3427 1001 3492 fecisse
1024 3426 1104 3492 dum
1126 3427 1172 3489 its
1196 3423 1390 3516 poeniten,
1389 3403 1390 3468 l

255 3525 335 3588 tiam
367 3533 443 3588 ante
475 3533 559 3588 mort
560 3546 612 3588 em
644 3533 763 3608 ageret,
797 3524 855 3590 sed
886 3524 964 3590 inde
994 3523 1077 3590 nihil
1110 3521 1223 3588 inferri
1246 3527 1390 3610 potcst-

256 3621 367 3702 Quum
390 3624 478 3688 enim
502 3631 589 3686 certe
616 3645 682 3686 non
712 3623 776 3687 nisi
804 3621 948 3690 venialia
979 3631 1116 3709 peccata
1147 3630 1279 3686 sauctus
1304 3615 1346 3676 tir

254 3721 478 3804 commisisset,
503 3719 749 3807 venialiumquc
778 3730 987 3806 peccatorum
1011 3719 1170 3786 consessio
1195 3715 1344 3784 minusin

329 3902 347 3974 ¹)
365 3899 491 3973 Insignis
509 3885 541 3956 dc
559 3899 724 3960 confessione
742 3900 852 3972 ejusque
860 3902 1022 3959 nsassitste
1040 3899 1197 3958 testimonia
1213 3897 1292 3958 etiam
1308 3895 1345 3950 ht·

254 3981 358 4046 bcntnr‚
379 3981 502 4036 stermorse
520 3981 557 4036 ad
575 3981 734 4052 conjuratos
750 3981 835 4052 (392),
855 3987 883 4037 et
900 3983 1023 4036 Serumue
1041 3983 1073 4035 cle
1089 3981 1256 4050 percuretis
1273 3979 1345 4050 (393).

253 4063 300 4154 secl
318 4077 399 4156 uuum
416 4061 464 4117 isti
484 4062 654 4117 Semnonites
667 4061 756 4116 dubiis
769 4067 967 4129 accenseantur,
981 4077 1024 4117 sos
1036 4067 1128 4118 textos
1147 4059 1225 4116 modo
1241 4065 1345 4130 praeter

253 4147 433 4292 mtaeuiitu
448 4223 475 4278 S.
494 4222 650 4292 Augustini,
667 4240 689 4280 a
709 4225 752 4282 el.
