2876 4814
232 427 285 482 888
667 427 709 516 Ite
726 426 751 480 S.
770 425 911 495 onemo.

234 569 391 634 denam
415 620 422 634 .
449 621 456 634 .
482 621 489 634 .
518 570 594 636 &sm
623 582 739 657 quanto
770 572 852 633 enim
874 572 1011 634 comnis
1036 577 1132 637 vest-i
1148 575 1276 659 pudore
1302 574 1361 637 de·

234 667 397 752 linquitur,
412 669 537 754 quando
555 667 639 731 alius
653 667 771 752 aliquis
786 667 970 730 terrulam
985 679 1015 731 et
1028 666 1194 732 lasciviens
1209 669 1362 734 denam-e·

236 774 295 840 arr,
311 764 395 829 alias
414 767 449 828 ia
469 789 537 829 eam
549 767 695 850 patr-iam
717 765 798 827 unde
824 767 961 828 euwain
971 764 1084 850 faeere
1103 777 1150 828 est
1164 765 1360 852 rapreditur,

234 871 269 924 ut
296 864 507 947 apprehensae
528 885 592 926 aon
608 867 680 950 jam
702 863 794 946 quaet
811 858 1022 940 Clznbtiauua
1047 859 1102 925 aad
1123 864 1216 947 pansi
1238 885 1363 926 neceas

231 968 352 1042 pereat.
386 960 499 1046 inflari
530 959 654 1044 aliquos
686 971 715 1022 et
748 970 861 1021 mvnere
895 959 1000 1021 audio.
1036 1009 1042 1021 .
1079 1009 1085 1021 .
1123 957 1210 1031 Quid
1236 959 1361 1022 deinde

234 1054 336 1119 illud?
355 1079 448 1142 quam
460 1057 547 1121 vobis
563 1057 788 1120 onsecrandum
804 1056 893 1119 debet
911 1055 1022 1134 auat,
1046 1055 1129 1141 quod
1151 1079 1220 1118 mm
1234 1077 1361 1119 summo

236 1153 335 1214 ammi
365 1155 467 1216 nostri
496 1156 611 1239 pemitu
643 1165 673 1216 et
701 1145 811 1216 dolore
845 1154 1049 1238 coprioeimae,
1082 1175 1146 1216 aaa
1169 1154 1277 1216 deesse
1302 1155 1363 1238 qm·

235 1249 299 1312 Dei
331 1250 445 1335 templa
478 1262 508 1314 et
532 1262 609 1337 post
640 1250 865 1336 censuariorum
897 1250 1093 1333 rancaflcata
1124 1262 1155 1313 et
1185 1248 1361 1313 tumeam

235 1345 371 1408 membm
399 1349 485 1432 turpi
513 1359 544 1411 et
565 1348 683 1434 infami
714 1345 877 1411 coambita
901 1369 956 1409 sito
974 1345 1052 1430 plue
1079 1347 1245 1424 mamelent,
1271 1347 1361 1410 cubi·

236 1440 284 1504 lia
306 1465 365 1506 asra
387 1467 454 1506 mm
468 1444 604 1529 feminis
621 1446 804 1530 promiscua
828 1449 1006 1533 jampeutea
1034 1445 1159 1528 φιαπάο
1183 1455 1213 1506 et
1238 1446 1269 1506 ai
1292 1453 1362 1506 atrr-

230 1561 327 1624 prwm
349 1543 562 1607 meselemiae.
585 1565 690 1605 eorum
713 1541 808 1619 desit,
838 1541 893 1604 ltoc
915 1542 984 1625 ipso
1008 1541 1128 1626 ¹prande
1156 1543 1275 1604 odmen
1300 1551 1361 1617 eat,

236 1637 319 1721 qaod
341 1635 468 1699 illorum
484 1639 635 1702 seneidale
650 1641 685 1701 ia
701 1639 837 1701 aliorum
849 1640 962 1701 rainae
975 1637 1119 1722 exempla
1132 1635 1361 1720 amoenam).

325 1733 398 1798 Non
431 1735 638 1800 obstantibus
671 1735 830 1821 Cypriani
864 1736 1008 1815 statutis,
1041 1733 1148 1820 Gajus
1179 1732 1364 1818 presbyter

238 1829 417 1896 Diddensis
441 1841 473 1894 ct
497 1831 655 1896 diaconus
684 1833 755 1918 ejus
780 1853 855 1895 cum
883 1830 983 1917 lapsis
1006 1830 1304 1896 communicabant
1329 1843 1365 1893 et

236 1949 348 1992 corum
370 1927 550 1993 oblationes
574 1929 771 2009 offerebant3
796 1928 885 1993 unde
915 1927 1097 2013 presbyteri
1114 1925 1362 2012 Carthaginen-

237 2047 287 2088 ses
311 2027 463 2110 episcopo
488 2025 643 2090 devotia
676 2026 907 2090 communione
931 2047 1006 2088 cum
1040 2027 1110 2088 istis
1142 2023 1272 2088 dnobus
1304 2024 1362 2089 ab

237 2123 436 2204 stinuarunt,
468 2145 603 2208 remque
636 2123 873 2188 denuntiarunt
896 2123 929 2188 S.
954 2122 1131 2207 Cypriane.
1187 2121 1254 2186 Hic
1288 2121 1361 2209 (ep.

237 2217 294 2304 34)
318 2239 373 2282 eos
395 2219 509 2284 laudat
532 2231 564 2283 et
587 2223 710 2295 statuit,
735 2229 773 2284 ut
800 2221 828 2283 si
851 2221 926 2305 quis
949 2241 991 2284 ex
1014 2219 1100 2284 clero
1124 2229 1200 2283 ante
1223 2229 1362 2283 senten·
1435 2295 1436 2300 γ

237 2318 317 2380 tiam
340 2315 441 2380 latam
466 2339 541 2381 cum
564 2318 664 2403 lapsis
685 2320 914 2398 communicet,
931 2319 959 2381 ie
982 2339 1002 2381 a
1026 2317 1258 2381 communione
1281 2317 1361 2402 ipse
1435 2307 1436 2334 ¹

237 2423 397 2478 arceatur.
444 2414 538 2478 Haec
567 2414 760 2479 acciderunt
788 2439 817 2480 a.
850 2415 916 2479 250
946 2416 1127 2500 primisque
1157 2413 1240 2476 sorte
1264 2433 1361 2478 men·

238 2509 329 2574 sibus
352 2533 382 2576 a.
407 2511 482 2577 251.
1061 2563 1065 2568 ·

326 2609 379 2675 31.
404 2609 483 2672 Mox
515 2631 592 2673 vero
618 2609 753 2673 ulterius
786 2629 837 2672 res
860 2628 1050 2694 progressae
1077 2617 1153 2670 sunt
1177 2616 1210 2670 at
1232 2617 1360 2672 tetrum

237 2703 380 2770 schisma
411 2704 454 2769 ab
487 2706 621 2771 homine
662 2727 816 2792 perverso
855 2705 1046 2770 Felicissimo
1079 2707 1264 2770 excitatum
1298 2717 1360 2770 est

237 2802 284 2882 Is,
309 2811 469 2887 quantum
501 2802 609 2888 colligi
643 2813 750 2889 potest
781 2825 823 2866 ex
857 2801 1017 2888 Cypriani
1051 2801 1215 2887 epistolis,
1250 2801 1362 2865 laicus

238 2910 317 2981 erat,
341 2901 536 2964 auctoritate
559 2908 592 2964 et
613 2901 696 2966 forte
726 2902 826 2964 etiam
856 2899 983 2963 divitiis
1007 2897 1142 2983 pollens,
1167 2897 1225 2964 sed
1250 2900 1360 2963 vatio·

237 3019 310 3061 rum
335 2999 511 3062 criminum
535 3019 618 3062 reus.
665 2999 718 3062 Ad
732 2997 872 3084 fraudas
895 3000 962 3086 ejas
985 3004 1015 3058 et
1036 2998 1181 3080 rapinae,
1206 3019 1289 3082 qiam
1311 2997 1361 3059 di·
1433 3077 1434 3096 Χ

239 3095 347 3160 lucida
378 3097 509 3159 ueritate
542 3097 747 3180 eopnoeimus,
780 3093 894 3160 scribit
917 3093 950 3158 S.
976 3092 1177 3177 Cyprianus,
1202 3093 1362 3157 addici-ii

239 3194 333 3256 etiam
356 3194 471 3256 crimen
494 3192 623 3270 aceedit,
656 3192 739 3277 qaod
753 3192 880 3278 francs
906 3191 1008 3254 nostri
1029 3213 1139 3276 manee
1161 3191 1225 3254 viri
1247 3187 1361 3276 depre-

238 3289 380 3352 hendisse
404 3313 434 3353 se
450 3291 685 3367 nunnaeeruut,
702 3301 732 3352 et
741 3289 935 3374 probaturos
952 3311 984 3351 ee
1008 3295 1238 3351 memorarunt.
1268 3283 1360 3358 Quae

239 3387 345 3449 omnia
375 3397 446 3450 tanc
475 3408 698 3470 copneeeemue,
722 3386 848 3472 quando
872 3388 907 3449 ia
928 3408 1025 3450 uuum
1047 3407 1115 3448 eum
1137 3381 1267 3469 adeps
1284 3383 1358 3470 plu

238 3480 326 3545 ribus
343 3485 543 3568 permittente
573 3484 642 3546 Deo
672 3481 942 3568 uenenariorum).
988 3481 1055 3546 Iste
1077 3480 1176 3546 homo
1198 3479 1361 3544 sociatus
1432 3473 1433 3500 ³

240 3579 340 3662 igitur
363 3601 397 3642 se
421 3581 526 3642 erexit
554 3581 588 3644 in
619 3589 719 3666 caput
744 3580 899 3644 factionis
929 3577 1102 3642 seditiosae
1130 3585 1246 3640 contra
1275 3580 1360 3663 epis-

240 3697 369 3762 copum,
402 3677 485 3740 forte
518 3685 555 3740 ut
595 3677 657 3741 hac
696 3677 823 3742 ratione
855 3697 979 3762 poenas
1011 3675 1188 3739 criminum
1221 3695 1357 3737 suorum

240 3773 407 3858 effugeret.
453 3773 486 3838 S.
521 3772 708 3860 Cyprianus
741 3775 954 3838 constituerat
985 3771 1162 3856 delegatos,
1195 3772 1255 3856 qui
1285 3781 1360 3856 pest

239 3872 500 3954 persecutionem
538 3870 648 3934 multis
679 3870 836 3936 fratribus
869 3869 1095 3954 indigentibus
1127 3867 1356 3932 subvenirent.
1431 3885 1432 3958 j

240 3989 279 4030 ac
302 3969 455 4033 examine
478 3968 625 4032 instituto
650 3966 797 4032 subsidia
820 3969 1006 4032 necessaria
1030 3965 1286 4048 distribuerent3
1311 3976 1356 4029 st·
1431 3972 1432 4001 ¹
