2790 4812
201 383 255 436 432
484 379 524 432 De
541 377 696 434 arianismo
712 397 744 435 ac
761 379 794 436 ds
812 381 891 445 Cone,
909 383 1035 438 Niossno.

199 535 397 590 omaoocotom
420 535 466 588 est
488 527 523 588 ia
546 526 628 588 diem
650 529 694 588 20
713 527 807 605 Maii,
831 526 981 612 adeoque
1003 526 1082 590 huic
1106 526 1171 590 diei
1187 525 1312 609 Synodi
1366 561 1367 584 1

199 624 330 688 initium
362 622 619 686 adscribendum
652 631 709 687 est.
770 624 882 704 Quum
914 645 993 688 vero
1025 623 1209 708 Imperator
1236 643 1313 686 non-

200 723 279 786 dum
291 721 489 800 advenisset,
503 719 619 783 Patres
642 723 912 806 congregationes
931 719 1120 785 habuerunt
1139 721 1250 783 minus
1268 743 1312 783 so-

198 820 323 884 lemnes
344 841 383 882 ac
397 818 617 882 discussiones
633 819 752 883 varias.
777 819 841 883 Die
858 819 899 884 14
914 819 1009 884 Junii
1024 820 1185 882 sessiones
1202 817 1312 882 solem-

200 939 258 982 nes
267 917 399 980 initium
410 915 606 996 habuerunt,
621 924 653 979 et
667 913 903 981 Constantinus
914 915 1086 1002 Synodum
1102 937 1179 980 cum
1194 935 1313 1001 pompa

200 1016 366 1098 ingressus
398 1023 463 1095 est3
510 1013 564 1076 die
599 1014 638 1076 19
669 1014 763 1078 Junii
796 1014 991 1100 Symbolum
1023 1013 1211 1077 Nicaenum
1245 1035 1313 1098 pro-

199 1114 342 1199 positum
365 1111 438 1176 fuit.
462 1112 629 1196 Deinceps
653 1112 694 1176 de
708 1111 782 1176 aliis
806 1114 956 1197 negotiis,
981 1110 1137 1176 videlicet
1158 1110 1201 1174 de
1220 1110 1313 1175 disci·
1366 1077 1367 1170 i

200 1209 300 1296 plina,
313 1210 354 1273 de
364 1208 583 1273 celebratione
596 1208 778 1293 Paschatis,
790 1210 831 1273 de
846 1209 1022 1274 schismate
1030 1207 1219 1290 Meletiano,
1235 1217 1313 1271 trac-

200 1317 305 1372 tatum
332 1315 389 1388 est,
412 1307 465 1371 die
485 1329 563 1371 vero
582 1307 625 1370 25
641 1307 784 1391 Augusti
806 1307 960 1392 Synodus
981 1307 1082 1371 finem
1096 1305 1226 1371 habuit.
1236 1303 1260 1391 ¹)
1273 1343 1312 1352 -

203 1407 301 1469 Forte
314 1414 426 1468 tamen
441 1405 614 1468 definitiva
628 1405 777 1490 Symboli
800 1406 905 1470 forma
924 1405 1072 1470 nondum
1093 1404 1147 1468 die
1163 1403 1207 1467 19
1222 1403 1245 1468 J
1247 1403 1313 1466 unii

203 1511 325 1567 statuta
358 1511 421 1585 est3
455 1525 532 1567 nam
557 1523 632 1565 oum
657 1502 876 1567 discussiones
900 1502 1075 1588 ampliores
1100 1503 1201 1564 etiam
1225 1521 1312 1587 prae-

203 1609 294 1664 sente
316 1601 518 1685 Imperatore
541 1599 604 1664 hac
627 1601 727 1664 dere
754 1599 796 1664 ab
821 1601 986 1665 historicis
1010 1607 1314 1670 commemorentur,

204 1699 262 1760 vix
281 1699 367 1761 intra
386 1699 532 1784 quinque
552 1696 624 1763 illos
646 1698 715 1762 dies
730 1697 812 1762 haec
827 1699 987 1763 discussio
1010 1698 1189 1780 constringi
1206 1697 1314 1783 possit.

291 1796 344 1860 95.
369 1795 423 1860 Ad
434 1797 678 1881 Disputationes
691 1796 780 1884 quod
795 1805 929 1884 spectat,
951 1797 1114 1881 imprimis
1130 1793 1214 1858 illud
1229 1793 1313 1858 haud

203 1893 336 1957 omnino
367 1895 545 1978 praeterire
574 1895 743 1977 convenit,
768 1894 856 1980 quod
881 1893 1031 1960 Socrates
1061 1901 1094 1956 et
1116 1893 1315 1958 Sozomenus

97 2000 140 2027 ¹¹⁶⁸·
202 1989 347 2071 tradunt,
372 1991 470 2055 etiam
493 1990 595 2055 laicos
617 1991 763 2057 rhetores
791 2001 824 2056 et
846 1991 1058 2077 philosophos
1081 1991 1243 2056 Nicaeam
1265 2009 1314 2051 ve·

203 2090 289 2151 nisse
319 2087 407 2152 illius
438 2098 620 2152 conventus
649 2092 811 2175 gravitate
834 2088 976 2154 allectos.
1024 2090 1179 2169 Aderant,
1205 2087 1315 2152 scribit

204 2186 353 2249 Socrates
376 2184 428 2272 (L.
452 2187 478 2250 Ι.
504 2207 531 2251 e.
557 2185 600 2273 8),
625 2190 721 2252 etiarn
735 2187 907 2274 complores
931 2188 1007 2252 laici
1029 2187 1216 2252 dialecticae
1240 2185 1316 2250 ortis

199 2284 308 2368 periti,
339 2307 413 2348 suos
437 2286 546 2369 portis
563 2288 779 2370 patrocinium
802 2287 919 2371 parati
950 2287 1114 2371 decipere.
1167 2282 1315 2348 Gelasius

206 2401 282 2442 vero
307 2381 545 2465 disputationes
577 2392 610 2446 et
633 2383 832 2468 objectiones
861 2381 1131 2469 philosophorum
1155 2381 1197 2447 de
1221 2381 1314 2446 rebus

204 2477 283 2541 fidei
307 2479 415 2544 refert.
463 2479 626 2559 Quamvis
655 2489 767 2544 autem
790 2482 825 2544 in
848 2481 900 2545 his
924 2481 1028 2544 multa
1051 2481 1231 2546 videantur
1253 2499 1313 2544 am·

205 2575 359 2660 plificata,
383 2586 494 2641 tamen
519 2578 695 2642 indubium
717 2600 898 2661 censemus,
914 2579 1059 2643 adfuisse
1082 2579 1193 2643 varios
1217 2575 1314 2664 philo·

206 2673 326 2758 sophos
349 2684 382 2738 et
414 2675 603 2740 dialecticos
635 2685 705 2740 tum
730 2677 925 2741 christianos
956 2686 1028 2740 tum
1057 2676 1206 2761 gentiles,
1231 2672 1314 2740 haud

207 2772 341 2858 quidem
376 2781 411 2835 nt
442 2775 477 2837 in
510 2775 591 2859 ipsis
614 2774 925 2858 congregationibus
954 2774 1177 2860 disputarent,
1202 2773 1314 2838 sedat

208 2871 249 2934 de
272 2891 307 2933 re
329 2869 498 2955 religionis
522 2894 597 2935 cum
621 2873 783 2960 episcopis
807 2871 1002 2939 conferrent.

297 2969 349 3035 96.
374 2969 429 3032 Ad
462 2971 631 3056 episcopos
665 2970 753 3056 quod
776 2971 903 3053 attinet,
935 2969 1033 3054 longe
1065 2971 1213 3036 maxima
1244 2990 1314 3056 pars

208 3065 288 3130 Ario
311 3066 409 3152 plane
433 3069 583 3153 opposita
606 3076 676 3132 erat
691 3077 723 3132 et
737 3067 954 3132 orthodoxam
976 3067 1077 3132 fidem
1100 3088 1222 3152 magno
1245 3087 1313 3130 cnm

49 3181 133 3250 ritmo
150 3167 320 3249 ervigors
340 3165 547 3247 vindicabat3
572 3167 778 3251 paucissimi,
803 3167 852 3229 uti
870 3165 1024 3230 Theonas
1047 3168 1223 3254 episcopus
1237 3165 1314 3230 Mar·

73 3241 167 3282 ‘'m'‘
208 3264 351 3326 maricae
383 3271 415 3326 et
447 3261 620 3328 Secundus
657 3266 830 3350 episcopus
853 3263 1081 3348 Ptolemaeis,
1113 3273 1225 3350 partes
1248 3261 1314 3327 Arii

209 3362 341 3424 omnino
358 3360 534 3444 tenebant,
562 3361 662 3426 factio
687 3383 764 3426 vero
786 3362 897 3450 aliqua
920 3361 1111 3450 quindecim
1135 3359 1219 3425 sorte
1240 3359 1313 3446 epis·

209 3479 366 3544 coporum
376 3458 456 3522 Ario
472 3459 606 3545 quidem
625 3459 773 3543 favebat,
795 3460 854 3524 sed
874 3459 1017 3524 mediam
1037 3457 1217 3546 quamdam
1232 3459 1313 3520 viam

209 3557 292 3620 inire
307 3557 450 3640 nisaest,
466 3579 503 3620 eo
520 3557 635 3643 majori
646 3557 860 3622 orthodoxiae
880 3558 1085 3641 discrimine,
1103 3555 1192 3644 quod
1212 3553 1313 3620 verbis

209 3676 380 3740 perversas
392 3654 464 3718 Arii
484 3654 651 3719 doctrinas
670 3665 780 3740 tegere
799 3663 831 3719 et
846 3654 957 3720 velare
976 3655 1156 3721 studerent.
1197 3653 1312 3718 Eorum

208 3753 362 3839 princeps
385 3762 455 3816 erat
476 3753 642 3818 Eusebius
656 3754 938 3836 Nicomediensis3
967 3753 1010 3819 sd
1033 3775 1090 3818 eos
1112 3750 1314 3840 pertinebant

210 3853 310 3915 etiam
337 3850 505 3934 Theognis
538 3860 570 3915 et
598 3852 714 3934 Maris,
748 3873 888 3937 quorum
921 3849 976 3916 ille
1009 3849 1145 3940 quidem
1167 3849 1312 3916 Nicaeae.

209 3946 264 4012 hic
297 3971 375 4012 vero
401 3947 619 4013 Chalcedonis
651 3951 686 4013 in
710 3948 870 4034 Bithynia
894 3951 1068 4036 episcopus
1093 3959 1185 4032 erat3
1221 3949 1312 4014 Euse-

286 4145 307 4216 '7
324 4145 357 4200 V.
375 4143 471 4199 Heteis
489 4144 507 4199 l.
527 4161 548 4198 a
567 4143 592 4216 ἕ.
611 4145 653 4200 ht.
