2900 4800
456 438 682 494 Monothetetismi
702 438 827 496 haeresis.
1149 443 1204 498 397

10 581 11 588 '
84 585 216 646 mitteret
246 583 308 648 sibi
338 585 542 650 auctoritates
574 583 612 648 de
645 607 711 648 nna
735 585 874 670 besorum
906 588 1098 670 operatione,
1122 589 1202 650 inse·

83 682 204 768 ruitque
228 680 390 768 epistolae,
398 682 512 768 facere
532 683 627 746 etiarn
643 705 675 746 se
691 680 755 761 (bis
779 682 1034 769 auctoritatibus)
1058 686 1206 749 unionem

84 779 230 844 ecclesiae
254 802 321 844 cum
337 780 405 846 eici
428 781 507 844 banc
523 790 627 844 autem
640 778 806 866 epistolam
825 779 934 844 beatus
948 781 1092 846 Joannes
1110 805 1205 869 papa

83 876 325 942 Alexandrinus
346 900 442 944 manu
466 878 505 944 ab
526 877 612 942 Arsa
635 876 776 956 abstulit,
800 877 882 942 ande
906 902 973 944 curn
994 877 1087 944 uellet
1109 882 1205 944 etiam

10 989 11 992 ’
83 1000 150 1039 enni
183 976 220 1040 ob
251 978 355 1064 ipsam
388 977 560 1064 deponere,
584 977 754 1062 impeditas
768 976 840 1062 filit
873 975 912 1040 ab
936 979 1064 1044 incursa
1088 990 1160 1042 tunc
1183 1002 1205 1042 a

83 1075 189 1137 Persis
211 1075 246 1136 in
269 1073 445 1160 Aegyptum
459 1073 575 1159 facto,
599 1085 654 1140 out
676 1073 801 1160 wando
823 1074 867 1139 aci
889 1073 1002 1162 Cynam
1026 1078 1205 1162 episcopum

82 1172 237 1236 Phasidis
259 1173 422 1260 resumpsit
455 1173 492 1236 de
524 1196 590 1236 nna
618 1174 801 1258 operatione
834 1184 863 1236 et
887 1173 1009 1238 duabus
1033 1175 1073 1240 ab
1096 1198 1131 1238 eo
1154 1199 1203 1239 ro·

79 1281 183 1356 patus,
207 1272 300 1336 misso
331 1272 426 1334 etium
460 1271 503 1334 ad
534 1293 602 1334 eum
633 1268 739 1336 libello
763 1273 899 1336 Mennue
933 1294 1021 1357 queem
1044 1272 1204 1338 dicimus?

84 1365 171 1440 Quid
194 1369 315 1452 ipitori
341 1380 512 1454 postquem
536 1367 663 1453 Serpius
695 1368 803 1432 multis
825 1370 927 1434 modis
953 1369 1092 1434 morbum
1115 1393 1205 1434 snam

81 1466 115 1528 in
140 1487 298 1532 commum
315 1466 497 1552 proposuit,
522 1477 552 1530 et
573 1466 748 1530 nomiman
767 1476 892 1552 portem
915 1466 1075 1532 Ecclesiae
1099 1489 1202 1532 eosnu-

75 1565 130 1648 pit
163 1587 201 1626 ac
232 1564 386 1646 vastavit,
420 1566 449 1628 si
479 1563 587 1628 beatas
615 1562 810 1650 Sophronias
842 1564 1006 1630 admonuit
1036 1589 1104 1630 mm
1136 1589 1204 1630 cnm

80 1659 258 1724 bumilitate
282 1684 360 1746 qaae
392 1665 459 1749 epus
486 1661 625 1728 babitans
648 1661 786 1740 decebat,
820 1662 863 1726 ad
885 1663 1018 1750 uestigia
1041 1668 1108 1754 ejas
1124 1686 1202 1749 pro-

79 1759 215 1837 volutus,
243 1755 362 1822 Christi
382 1759 590 1846 passionibus
612 1760 753 1846 vivificis,
782 1784 862 1845 quae
895 1783 1012 1824 omnem
1043 1760 1202 1848 supplica·

81 1859 197 1920 tionem
221 1856 431 1934 continebant,
447 1859 703 1938 commemoratis,
720 1869 749 1922 et
764 1858 931 1935 obtestans,
946 1883 984 1922 ne
1008 1881 1109 1924 vocene
1131 1860 1201 1922 bao-

79 1956 249 2018 reticorum
266 1955 366 2042 probe
390 1954 465 2020 oiim
488 1981 509 2019 a
530 1955 806 2042 sanctispntribns
830 1955 1045 2042 superioribas
1068 1958 1201 2020 exstinc-

80 2065 147 2116 tam
170 2063 346 2131 renooaret,
362 2053 472 2142 fuitne
496 2057 563 2140 ipse
589 2051 1037 2144 auctorisujnsscundali1)?

172 2151 224 2214 19.
250 2149 303 2214 Ex
335 2150 387 2215 his
420 2150 601 2236 colligitur,
627 2154 790 2218 maximas
822 2174 938 2216 revera
970 2151 1070 2216 fuisse
1095 2151 1202 2238 Sergii

79 2261 192 2334 partes
217 2249 251 2313 in
275 2251 512 2336 propagatione
527 2249 817 2332 Monotheletismi,
840 2249 953 2335 etjam
976 2260 1052 2316 ante
1077 2272 1201 2315 annum

80 2347 157 2428 619,
182 2369 222 2410 ac
246 2345 462 2433 probabiliter
485 2349 578 2412 initio
604 2349 811 2434 episcopatus
836 2349 896 2430 sui,
922 2370 997 2412 eum
1021 2347 1084 2412 hac
1108 2349 1143 2412 in
1166 2371 1202 2414 re

79 2445 223 2509 multum
246 2443 423 2510 laborasse.
469 2445 602 2509 Etenim
617 2467 703 2508 anno
729 2445 793 2510 619
815 2445 869 2510 ille
892 2447 1036 2510 incursus
1060 2470 1080 2509 a
1096 2447 1202 2512 Persis

70 2543 188 2629 factus
211 2543 314 2607 estin
338 2542 539 2632 Aegyptum,
565 2543 606 2607 de
623 2566 687 2630 quo
703 2543 736 2609 S.
761 2543 928 2608 Maximus
951 2544 1106 2630 loquitur.
1131 2543 1202 2610 Ser-

78 2643 172 2726 gium
198 2641 341 2726 primum
365 2639 466 2706 fuisse
490 2643 546 2727 qui
571 2641 611 2707 de
637 2665 704 2706 una
720 2643 910 2726 operatione
934 2644 1075 2728 scripsit,
1101 2644 1201 2706 etiam

79 2739 210 2824 Synodi
235 2741 466 2804 oecumenicae
489 2739 539 2803 VI
561 2735 675 2804 Patres
699 2749 858 2822 asserunt,
889 2738 968 2804 dum
999 2743 1034 2803 in
1058 2741 1201 2804 Actione

78 2837 168 2902 XIII
192 2857 213 2900 a
227 2847 340 2902 sancta
355 2835 505 2902 Ecclesia
520 2837 637 2924 projici
649 2837 804 2924 judicant
827 2859 947 2900 nomen
963 2835 1081 2924 Serpit,
1106 2860 1201 2923 quon-

79 2937 155 3000 dam
174 2935 337 3022 praesulis
366 2935 457 3024 bajas
487 2959 508 2999 a
530 2935 599 3000 Deo
630 2933 861 3000 conseruandae
893 2936 998 3020 regiae
1026 2935 1123 3013 urbis,
1148 2937 1203 3021 qui

79 3055 246 3120 wpressus
270 3045 316 3097 est
339 3029 538 3120 (ἀρξαμένου,
564 3033 695 3099 initium
718 3031 809 3120 fecit)
839 3034 877 3096 de
906 3033 1083 3123 hujusmodi
1104 3035 1201 3119 impio

78 3133 226 3220 doprnate
250 3131 450 3196 eonsaibere.
498 3130 665 3197 Omnibus
688 3134 859 3218 perpensis
874 3130 984 3218 colligi
999 3139 1115 3218 potest,
1132 3129 1202 3196 Ser-

78 3233 183 3316 gium,
210 3231 266 3315 qui
300 3253 319 3294 a
351 3230 543 3316 perentibus
575 3229 816 3316 monophysitis
849 3230 1010 3313 originem
1040 3225 1201 3310 trahebat,

79 3352 122 3394 ex
156 3327 467 3415 Menophysitarum
499 3328 656 3392 doctrinis
690 3327 772 3392 illud
806 3328 1020 3409 elementum,
1063 3326 1104 3390 de
1137 3350 1205 3391 una

79 3427 272 3514 operatione
297 3437 329 3490 et
352 3423 521 3492 voluntate
545 3426 707 3512 selegisse,
732 3449 771 3490 ac
795 3425 915 3490 callida
939 3424 1120 3490 subtilitate
1136 3423 1203 3488 Mo-

78 3523 302 3590 notbeletismi
323 3525 543 3590 construxisse
558 3533 701 3609 systema
715 3524 933 3606 haereticum,
958 3544 1022 3610 quo
1047 3523 1200 3586 unionem

79 3625 168 3688 inter
197 3619 383 3687 Catholicos
416 3631 448 3686 et
477 3621 727 3708 Monophysitas
760 3621 931 3686 obtineret.
979 3619 1083 3684 Caute
1107 3620 1204 3682 istam

79 3722 268 3786 doctrinam
292 3741 358 3785 non
382 3729 419 3784 ut
440 3721 565 3785 iactum
580 3743 677 3785 suum
690 3721 840 3807 protulit,
866 3718 923 3784 sed
947 3728 983 3782 ut
1007 3719 1205 3782 sententiam

78 3817 173 3905 apud
197 3822 350 3904 antiquos
372 3820 485 3884 Patres
509 3821 694 3902 inventam,
720 3839 818 3905 quam
851 3817 925 3881 aliis
949 3814 1204 3901 expendendam

78 3915 298 4005 proponebat.
322 3917 394 3982 Imo
418 3915 566 3980 libellum
591 3918 690 3981 etiam
713 3917 905 4001 composuit,
922 3936 1021 4001 quem
1045 3913 1205 3977 aMenna
1271 4007 1274 4013 Ι

158 4146 504 4284 ¹)VVide13'81s3pntatiouem
526 4146 552 4200 S.
567 4145 679 4200 Maximi
692 4150 767 4200 ‘eum
779 4145 897 4214 Pyrrh03
927 4144 1030 4211 Labbt,
1049 4143 1116 4198 Gall.
1138 4142 1203 4198 Con.

78 4233 155 4286 Tam.
203 4246 246 4297 .p
278 4232 288 4282 1
349 4273 353 4282 .
