2874 4812
386 477 464 536 Felix
482 484 512 535 et
530 478 715 548 Eutychianos
732 477 790 534 aa
810 477 864 532 ΡΡ.
1131 477 1184 531 att

165 623 217 688 23.
241 622 391 704 llelix
425 623 443 686 I
478 621 573 690 Rom.
610 621 765 688 Pontifex
795 643 825 686 a
864 620 929 686 269
961 621 1120 686 successit
1150 619 1184 686 S.
1218 623 1240 665 ⁸·
1256 623 1322 665 Νὴ·

91 721 246 803 Dionysio.
269 719 381 800 Quum
405 719 460 784 vel
473 719 567 784 brevi
590 727 667 785 ante
690 727 828 785 mortem
843 718 998 801 Dionysii
1022 717 1089 805 (an.
1108 717 1184 799 268,

90 827 125 890 26
145 825 251 912 Dec),
284 825 338 890 vel
361 827 455 890 initio
487 823 699 910 pontificatus
728 823 761 890 S.
786 823 909 888 Felicis
931 823 1070 909 epistola
1090 841 1185 908 syno-

91 923 153 988 dics
179 923 308 987 concilii
337 921 539 988 Antiocheui
566 921 706 987 Romam
735 920 990 1008 pervenisset¹),
1020 917 1099 986 iude
1122 919 1185 1007 (uti

90 1019 221 1107 ridetur)
242 1022 450 1085 occasionem
481 1021 622 1104 sumpsit
653 1019 768 1102 Felix,
799 1028 837 1082 ut
859 1017 1031 1105 epistolam
1054 1011 1185 1102 dogma·

90 1119 174 1182 ticam
211 1117 370 1182 scriberet
399 1117 444 1182 ad
471 1117 660 1182 Maximum
696 1119 888 1202 episcopum
920 1116 1186 1182 Alexandrinum

89 1215 211 1300 ejusque
233 1213 368 1280 olerum.
413 1215 468 1282 Ex
496 1215 680 1299 fragmento
713 1214 813 1300 hujus
842 1213 1002 1300 epistolae
1020 1213 1109 1300 qnod
1132 1235 1186 1277 ex·

89 1323 150 1384 snt.
179 1321 212 1376 et
242 1335 285 1376 ex
316 1311 413 1376 medo
438 1333 503 1398 quo
536 1311 652 1376 eadem
683 1321 754 1398 tum
786 1314 821 1376 in
847 1309 1004 1376 Concilio:
1018 1310 1185 1398 Ephesiae

90 1419 148 1472 tum
175 1411 219 1474 sb
249 1411 396 1495 antiquis
428 1409 582 1474 Patribus
613 1409 749 1476 laudata
770 1407 838 1490 est,
863 1409 1036 1494 colliffl'tur,
1070 1409 1187 1474 codem

90 1519 260 1572 contentam
292 1507 394 1571 fuisse
427 1505 672 1585 domuitionem
696 1507 790 1572 Pauli
823 1505 1029 1573 Samosateui
1057 1516 1092 1571 et
1114 1529 1209 1572 cous

90 1603 290 1670 firmationem
314 1605 520 1670 decretorum
536 1603 771 1670 Antiochense
780 1605 908 1690 synodi
940 1603 1097 1670 Dubitari
1120 1625 1187 1670 uon

89 1711 188 1784 potest,
211 1699 335 1766 similes
357 1700 525 1777 littereas
547 1701 661 1780 Felice
681 1703 726 1767 ad
748 1703 917 1768 Domuum
940 1702 1187 1768 Antiochorum

89 1799 209 1884 ejusque
231 1799 356 1864 clerum
379 1799 521 1864 directas
542 1799 662 1866 fuisse:
680 1837 722 1850 -
746 1800 888 1864 Videtur
910 1800 1007 1864 Felix
1029 1800 1187 1884 martyrio

89 1905 245 1962 coronatus
275 1919 363 1979 esse,
394 1917 497 1983 quum
520 1895 720 1964 Aurelianus
752 1919 867 1962 versus
896 1898 996 1961 finem
1019 1898 1112 1982 regui
1135 1899 1186 1961 sui

90 1993 116 2054 iu
136 1991 335 2059 Christianos
366 1995 629 2080 persecutionem
660 2005 827 2078 moveret3
858 1995 1057 2062 adscribitur
1079 1995 1187 2060 obitus

89 2089 147 2172 ejus
167 2091 210 2156 30
230 2092 412 2157 Decembri
435 2115 465 2158 a.
485 2093 596 2180 274⁸).

162 2189 213 2254 24.
237 2190 272 2255 S.
293 2189 664 2274 'Eutychianus
687 2191 844 2254 successit
858 2190 891 2256 S.
907 2190 1022 2273 Felici,
1039 2200 1072 2255 et
1084 2213 1187 2278 quum
1318 2239 1325 2247 -

90 2304 120 2344 eo
139 2307 222 2350 suno
245 2286 341 2374 (275)
359 2285 559 2352 Aurelianus
574 2289 659 2374 Imp.
684 2287 866 2370 decederet,
891 2287 1002 2354 brevis
1025 2289 1097 2376 ejus
1118 2311 1188 2375 per·
1228 2290 1325 2320 “ml

90 2385 197 2447 secutio
220 2385 321 2449 linem
345 2385 463 2450 hebuit
477 2387 681 2472 ec'tsmpora
695 2387 802 2470 magis
816 2385 928 2471 quiete
952 2399 1188 2454 successerunt.

91 2481 358 2547 Commemoratur
388 2485 423 2548 iu
456 2483 551 2548 Libro
583 2485 740 2568 Pocts'fic,
774 2483 816 2548 ab
849 2481 1060 2567 Eutychiano
1092 2484 1189 2550 bene·

91 2575 233 2644 dictiones
257 2581 390 2665 frugum
405 2583 599 2646 constitutas
613 2583 724 2664 luisse,
742 2601 883 2667 eumque
899 2579 1086 2666 sepulturae
1106 2603 1189 2648 mar-

90 2687 182 2754 tyrum
204 2677 407 2763 peculiarem
431 2701 544 2744 curam
568 2680 732 2746 habuisse.
779 2680 843 2743 Hic
871 2680 1043 2758 consumit,
1068 2680 1190 2745 dicitur

90 2771 116 2833 iu
135 2771 204 2839 Lib.
227 2776 335 2858 Pone,
359 2789 394 2841 nt
408 2779 523 2864 stupes
546 2801 640 2865 super
669 2778 772 2844 altore
796 2787 918 2842 tantum
932 2776 1035 2862 foece
1058 2771 1089 2840 el
1110 2801 1189 2842 mooe

90 2867 338 2953 benedicerentur,
376 2876 424 2940 tic
456 2877 645 2962 temporibus
676 2878 742 2940 sais
768 2899 831 2962 per
866 2873 991 2938 diverso
1022 2875 1093 2938 loce
1123 2877 1189 2940 342

89 2963 161 3032 (Cat.
185 2970 253 3036 l'al.
278 2971 358 3056 362)
381 2985 535 3060 martyres
556 2997 653 3038 mooe
675 2997 733 3038 ecc
756 2975 909 3061 sepelivit.
958 2969 1023 3044 Qui
1044 2976 1098 3039 hoc
1120 2997 1189 3039 con-

90 3065 189 3146 “lffls
211 3080 248 3132 ὅθ
270 3071 450 3156 qttt'wmque
471 3070 619 3154 fideliam
647 3083 814 3158 martyrem
843 3075 999 3160 sepeliret,
1030 3074 1096 3140 siae
1120 3071 1189 3136 dcl·

91 3167 188 3228 matico
210 3178 268 3230 met
290 3167 411 3232 colobio
437 3179 618 3255 purpurato
648 3170 739 3234 cello
767 3173 891 3235 ratione
922 3171 1083 3259 sepeliret,
1108 3171 1190 3256 quod

91 3269 176 3325 mmo
199 3265 243 3328 ad
276 3265 424 3330 notitiem
456 3266 518 3330 eibi
540 3267 764 3353 diemlparetcr.
807 3305 851 3317 —-
882 3269 1044 3335 Berenius
1068 3277 1188 3349 censet,

90 3359 213 3438 primum
238 3361 385 3426 edictum
411 3373 593 3449 opportune
617 3363 658 3428 ab
683 3363 746 3429 hoo
769 3367 929 3431 Pontifice
958 3351 1085 3430 editum
1108 3385 1188 3448 esse,

91 3467 118 3516 ut
136 3449 502 3525 adversus²nascentem
526 3461 797 3528 Manichaeorum
820 3464 993 3546 haeresim,
1008 3480 1102 3554 *quae
1125 3463 1186 3528 fm-

88 3571 135 3624 βου
154 3556 300 3645 abasque
322 3579 374 3621 res
397 3577 571 3644 corporeas
589 3569 745 3646 tanquam
770 3583 790 3629 a
813 3561 975 3652 principio
989 3559 1077 3626 <moli
1102 3581 1189 3625 crea—

91 3660 130 3712 tas
142 3655 364 3736 execrabatur,
388 3655 502 3722 fideles
526 3658 710 3743 muniret³).
735 3697 784 3748 “.
801 3661 929 3724 Pariter
946 3660 1090 3726 advertit
1107 3657 1188 3724 Gou-

91 3753 220 3834 suctus,
240 3763 283 3816 nt
306 3753 446 3818 honores
476 3755 622 3840 insignes
649 3753 880 3840 Eutychiauus
912 3757 1121 3841 martyribus·
1135 3757 1189 3822 de·

92 3861 229 3932 cerneret,
263 3873 337 3918 eom
369 3852 549 3936 excogitari
582 3873 692 3938 posse·
710 3873 854 3936 causam,
888 3855 977 3942 quod
1000 3853 1188 3922 Manichaei

92 4153 129 4208 'm
152 4083 169 4148 Ι)
188 4081 282 4136 Plures
310 4088 433 4136 suctores
462 4087 584 4144 censent.
612 4083 753 4138 concilium
778 4085 976 4140 Antiochenam
999 4100 1022 4137 a
1051 4083 1189 4140 9680610-

130 4167 303 4308 mdscwlrbdt.
324 4243 339 4295 t
359 4259 380 4295 c
660 4247 683 4312 ⁸)
701 4245 798 4298 sunu
818 4245 851 4298 se
870 4216 1019 4300 u'sesu'
1039 4245 1080 4298 rs.
