2936 4814
248 424 284 492 64
601 421 642 480 De
660 420 727 484 Sede
744 417 866 485 Romans
882 419 907 478 S.
926 419 1010 484 Puri.

247 579 352 640 menta
365 567 557 660 multiplicia
581 568 669 632 urbis
689 571 819 647 Romae,
841 588 926 654 quae
951 589 994 632 ex
1021 567 1251 654 antiquissime
1266 567 1369 634 tredi-

248 665 391 731 tionesd
402 665 691 732 commorationem
708 667 776 732 BB.
785 663 1017 752 Apostolorum
1027 665 1117 728 Petri
1135 666 1273 734 etPsuli
1285 667 1369 732 rela-

248 767 371 828 tionem
395 763 528 846 hsbent,
553 765 727 828 veritatem
745 763 825 827 faeti
849 764 999 848 apprime
1023 763 1226 830 confirmare.
1252 765 1370 851 Atque

248 861 290 926 sd
305 863 449 948 primum
464 861 552 950 quod
576 871 711 948 speetst,
728 859 990 944 Chrysostomus,
1006 859 1241 944 Theodoreus,
1258 861 1371 926 Theo-

247 959 422 1045 phylsetus
445 957 489 1023 sd
512 959 621 1022 varios
644 969 763 1042 textus,
795 957 915 1046 quibus
944 957 976 1024 S.
1001 957 1123 1022 Paulus
1147 959 1182 1023 in
1206 961 1273 1022 suis
1299 964 1370 1048 epi-
1457 1025 1458 1048 χ

165 1061 167 1064 ’
247 1057 337 1121 stolis
369 1055 410 1121 de
442 1055 609 1138 Romanis,
644 1055 685 1122 de
708 1078 821 1120 eorum
854 1055 930 1138 fide,
956 1055 996 1120 de
1021 1055 1183 1121 desiderio
1208 1080 1266 1120 suo
1293 1059 1371 1122 illos

247 1153 384 1220 videndi
407 1153 561 1242 loquitur,
586 1153 694 1242 (Rom.
721 1156 749 1237 l,
775 1155 811 1236 ὃς
835 1153 974 1238 Ibid.1,
1001 1155 1058 1236 113
1083 1155 1104 1220 2
1127 1155 1213 1221 Tim.
1236 1155 1269 1236 4,
1296 1156 1371 1243 21),

246 1254 418 1326 occasione
442 1251 520 1318 date
542 1251 730 1335 advertunt,
757 1251 789 1318 S.
813 1253 948 1318 Petrum
972 1251 1096 1316 Romae
1119 1264 1197 1317 ente
1221 1253 1253 1318 S.
1280 1253 1371 1318 Pau-

246 1349 314 1414 lum
346 1349 568 1434 Evangelium
601 1349 818 1436 praedicasse,
852 1359 884 1414 et
906 1361 1056 1436 respectu
1088 1349 1201 1416 habito
1232 1351 1277 1416 ed
1304 1351 1372 1416 hoe

245 1448 370 1512 factum
394 1447 495 1512 verbs
518 1446 613 1511 Pauli
638 1449 906 1534 interpretantur.
952 1445 1003 1512 Ite
1027 1471 1055 1512 e.
1079 1471 1110 1534 g.
1136 1447 1372 1514 Theodoretus

245 1545 288 1610 ad
312 1545 415 1610 verbe
437 1545 531 1610 Rom.
558 1547 586 1630 1,
613 1546 670 1609 11:
698 1545 825 1632 „Cupio
848 1547 936 1608 enim
952 1545 1065 1609 videre
1090 1567 1158 1630 vos,
1183 1556 1221 1609 ut
1243 1547 1371 1634 imper-

244 1646 308 1707 tier
344 1643 469 1730 aliquid
506 1645 632 1730 gratiae
669 1642 848 1730 spiritualis
884 1643 928 1708 ed
965 1643 1230 1709 confirmandum
1271 1654 1370 1726 vos“‚

244 1741 374 1813 scribit:
402 1739 487 1816 Quia
503 1745 629 1830 primm
659 1741 704 1806 eis
733 1765 864 1827 mopsus
893 1742 1005 1806 Penus
1034 1743 1210 1806 doetrirmm
1233 1767 1371 1830 escasqu-

244 1840 338 1904 lioam
354 1839 515 1930 praebuit,
538 1841 714 1904 necessario
737 1839 864 1902 intulit:
878 1838 931 1920 pasl
954 1839 1198 1924 combinandum
1221 1864 1286 1905 uos.

331 1937 385 2003 42.
410 1937 497 2002 Nota
535 1947 645 2002 sutem
678 1947 727 2000 est
759 1947 792 2000 et
830 1935 872 2000 sb
907 1935 1060 2002 omnibus
1094 1939 1181 2002 sanis
1214 1941 1372 2024 exegetis

243 2045 375 2124 recepte
398 2037 623 2121 interpretatio
646 2033 783 2100 Petrum
806 2033 870 2110 loci
894 2031 982 2098 illius
1007 2035 1209 2100 celeberrimi
1235 2037 1251 2100 l
1273 2037 1369 2104 Petri

160 2147 207 2186 ⁰⁸¹⁸
242 2135 273 2200 5.
300 2135 357 2198 13:
382 2133 511 2198 Salutat
533 2156 588 2196 uos
610 2133 740 2196 ecelesia
762 2157 842 2220 pune
865 2144 910 2197 est
933 2135 968 2196 in
990 2133 1151 2220 Babylone
1176 2135 1313 2199 coelecta
1341 2151 1372 2200 st

244 2235 373 2300 Marcus
386 2231 479 2318 filius
500 2255 585 2296 meus
605 2227 803 2310 Ἀσπάζεται
836 2227 916 2312 ipsis
949 2227 966 2318 ἡ
999 2227 1033 2294 ἐν
1066 2231 1236 2313 Βαβυλῶνι
1271 2255 1369 2298 auus-

242 2329 354 2418 slsum}
382 2353 411 2394 κ.
441 2351 469 2394 τ.
493 2327 535 2409 λ.)
580 2327 760 2394 Affirmant
793 2329 882 2392 enim
915 2328 973 2394 SS.
1010 2329 1124 2393 Patres
1162 2341 1194 2393 et
1230 2333 1367 2418 antiqui

242 2434 435 2514 interpretes
458 2429 649 2510 universim,
675 2448 756 2489 voco
780 2425 961 2512 Babylonis
991 2427 1184 2514 metaphora
1207 2428 1368 2495 adhibita

242 2531 380 2592 Romam
404 2525 594 2610 significari,
626 2524 781 2615 illamque
812 2524 983 2610 epistolam
1014 2548 1033 2588 s
1058 2525 1090 2590 S.
1114 2525 1211 2590 Petro
1236 2527 1369 2592 Romae

242 2627 397 2715 seriptum
431 2646 509 2688 esse.
555 2621 721 2687 Eusebius
753 2621 796 2687 H.
829 2623 869 2688 Ε.
902 2623 923 2687 l.
957 2623 1001 2689 Π.
1036 2646 1063 2688 e.
1099 2625 1151 2708 15,
1185 2635 1367 2712 postquam

242 2725 399 2806 narravit,
432 2723 583 2786 Marcum
614 2721 705 2786 Petri
744 2719 943 2806 discipulum
980 2721 1104 2786 Romae
1136 2722 1367 2810 Evangelium

240 2823 417 2910 scripsisse,
441 2819 541 2908 idque
564 2842 594 2884 e.
618 2817 762 2884 S.Petro
786 2841 856 2884 esse
882 2819 1111 2905 approbatum,
1134 2823 1368 2908 prosequitur:

240 2921 392 3007 Refertur
414 2919 450 2982 td
473 2944 494 2982 a
512 2915 665 2982 Clemente
680 2915 806 3005 (Alex.)
828 2919 864 2981 in
887 2929 975 2982 sento
999 2919 1236 2983 Institutionum
1260 2919 1369 3002 libro,-

239 3021 291 3084 eni
323 3020 409 3082 testis
441 3017 561 3082 aceedit
592 3016 714 3104 Papias
738 3015 1004 3103 Hierapolitanos
1027 3017 1199 3106 episeopus.
1252 3019 1370 3083 Marci

234 3140 333 3204 posue
356 3118 542 3180 mentionem
555 3115 633 3198 fleri
655 3138 677 3178 a
699 3114 791 3178 Petro
823 3115 858 3177 in
875 3115 986 3200 prima
1010 3115 1154 3200 epistola,
1178 3139 1272 3202 quam
1297 3117 1366 3180 lio'-

239 3239 307 3280 mae
331 3215 481 3302 scriptam
504 3236 569 3277 esse
598 3213 717 3290 dieunt,
741 3212 834 3300 idque
864 3213 989 3276 Petrum
1013 3215 1116 3300 ipsam
1138 3215 1280 3292 innuere,
1305 3219 1368 3300 qui

241 3317 374 3385 Romam
386 3313 526 3409 flpurate
549 3310 741 3398 Babylonem
765 3309 910 3396 appellat
939 3311 988 3374 tis
1010 3309 1129 3375 uerbis:
1153 3309 1283 3375 Salutat
1305 3337 1367 3376 vos

239 3411 413 3498 Babylonis
427 3409 557 3474 eeclesia
566 3407 598 3495 ¹).
622 3406 735 3492 Vides,
750 3407 933 3472 Eusebium
948 3407 1037 3474 illem
1053 3411 1365 3495 interpretationem

239 3511 360 3574 referre
383 3519 420 3574 ut
436 3507 508 3594 jem
533 3507 743 3594 propositum.
790 3507 899 3573 Obvio
924 3518 1034 3572 nutem
1059 3531 1156 3572 sensu
1179 3507 1364 3574 verborum

240 3610 309 3700 ipse
333 3605 451 3672 tribuit
473 3605 561 3670 hene
584 3607 823 3692 expositionem
836 3605 960 3692 Papiae
984 3616 1016 3668 et
1032 3605 1195 3671 Clementi
1212 3605 1363 3672 Alexan·

314 3820 334 3888 ¹·)
352 3818 385 3876 In
404 3817 505 3873 Grueeo
524 3823 602 3872 textu
617 3817 725 3874 Eusebii
737 3817 777 3872 ita
795 3817 910 3888 legitur:
932 3821 980 3871 ιοῦ
997 3818 1027 3872 sir
1040 3819 1158 3890 Μάρκου
1167 3819 1363 3890 μνημονεύειν

239 3897 287 3950 τόν
306 3903 411 3966 Πέτρον
431 3903 462 3970 ζῇ
481 3903 596 3971 προτέρᾳ
614 3901 740 3971 ἐπιστολῇ
760 3899 791 3965 th
809 3903 852 3951 sul
877 3899 1008 3963 συντάξαι
1028 3903 1115 3969 φασὶν
1134 3899 1174 3952 ἐπ’
1194 3899 1276 3966 αὐτῆς
1295 3899 1362 3952 Ῥώ-

237 3997 297 4048 μης,
317 3981 462 4048 σημαίνειν
481 3999 508 4032 τε
527 3979 600 4032 τοῦτ’
620 3977 704 4032 αὐτόν
723 3980 772 4045 τὴν
790 3979 871 4034 netes
890 3979 1089 4050 spousxoimpor
1102 3979 1249 4043 Βαβυλῶνα
1269 3993 1359 4050 προσ-

241 4063 359 4111 stannus
397 4059 535 4114 Immerito
560 4059 684 4116 Valesius
702 4060 732 4114 in
749 4059 806 4113 suis
825 4059 896 4113 notis
921 4059 955 4112 sd
975 4060 1000 4116 h.
1023 4061 1053 4116 l.
1067 4067 1162 4114 eontra
1182 4059 1275 4116 Rufini
1296 4077 1359 4118 ver·

238 4138 341 4193 sionem
359 4139 487 4206 advertit,
505 4141 571 4196 hsee
589 4157 643 4209 nou
661 4139 695 4216 ab
714 4139 830 4210 Eusebio
848 4139 1053 4204 edClementem
1072 4147 1101 4196 et
1121 4139 1232 4211 Papium
1252 4141 1359 4206 referri

237 4221 284 4277 sed
301 4221 369 4276 illud
387 4222 481 4276 dieunt
497 4222 638 4278 indefinite
656 4221 838 4290 accipiendum
856 4237 922 4277 esse.
