2810 4846
111 1015 217 1066 Apellatio

83 1075 236 1128 chrysostomi.

251 454 304 508 alo
639 451 680 506 De
699 451 816 507 Concilio
834 453 978 522 Ephesino.

251 617 344 678 nens,
368 597 403 658 in
427 603 623 682 perpetuum
654 595 857 680 depositione
888 597 1078 682 puniendus
1102 598 1214 685 esav).
1260 597 1350 684 Chry·

252 703 414 759 soatomus
437 694 605 758 recusavit
627 696 857 760 auctoritatem
889 695 978 760 illius
1010 695 1143 760 concilii
1165 697 1348 762 Antiocheni

252 802 364 880 utpote
387 791 515 874 Ariani,
539 800 573 855 et
604 801 718 856 contra
741 791 1003 857 adversariorum
1028 803 1114 858 artes
1138 793 1294 878 malignas
1313 793 1348 857 ad

252 891 372 958 Sedcm
396 887 620 976 Apostolicam
644 889 802 975 confugit.

341 991 394 1055 27.
418 988 557 1052 Romam
592 988 693 1070 igitur
724 986 923 1072 legationem
959 997 1101 1074 quatuor
1138 991 1349 1074 episcoporum

252 1099 285 1154 et
317 1087 457 1152 duorum
489 1084 703 1148 diaconorum
730 1085 821 1149 misit
852 1107 928 1150 oum
960 1085 1086 1166 litteris,
1120 1085 1242 1171 quihus
1268 1087 1349 1150 Inno-

254 1188 399 1252 centium
415 1191 528 1248 contra
547 1183 696 1267 iniquam
716 1185 914 1247 sententiam
934 1182 1132 1269 appellabat.
1164 1183 1351 1270 Theophilus

252 1293 363 1350 autem
386 1290 419 1346 et
440 1278 583 1344 asseclae
606 1279 678 1364 ejus
697 1283 821 1365 pariter
843 1280 887 1345 ad
902 1281 1097 1345 Pontificem
1122 1283 1288 1362 miserunt,
1308 1301 1351 1365 pe·

252 1391 368 1463 tentes,
392 1388 429 1442 ut
451 1377 647 1444 sententiam
670 1379 705 1442 in
729 1378 854 1462 synodo
878 1378 922 1443 ad
935 1377 1103 1459 Quercum
1128 1391 1243 1444 contra
1265 1379 1351 1462 Chry·-

253 1487 432 1544 soatomum
472 1475 573 1539 latam
615 1475 835 1542 confirmaret.
892 1477 1107 1540 Innocentius
1143 1477 1351 1562 chrysostomi
1384 1513 1385 1531 .

252 1576 506 1663 appellationem
530 1574 668 1658 accepit,
693 1582 725 1636 et
748 1573 791 1660 (a.
815 1573 894 1660 404)
918 1573 1107 1659 postulavit,
1132 1583 1170 1638 ut
1193 1573 1352 1640 concilium

253 1676 482 1760 episcoporum
505 1669 759 1734 occidentalium
783 1681 816 1736 et
839 1672 1059 1754 orientalium,
1084 1672 1230 1736 exclusis
1251 1673 1352 1736 amicis

253 1782 286 1836 et
317 1771 461 1836 inimicis
491 1767 732 1852 Chrysostomi,
767 1779 1037 1854 congregaretur3
1075 1770 1259 1856 Theophilo
1287 1789 1352 1832 vero

254 1869 394 1955 scripsit,
419 1889 453 1930 se
476 1865 566 1930 haud
589 1865 808 1951 abrupturum
831 1889 901 1932 esse
923 1870 995 1933 sine
1017 1870 1145 1934 ratione
1169 1869 1353 1934 communio·

253 1989 329 2034 nem
353 1965 608 2032 eeclesiasticam
641 1985 717 2028 cum
742 1963 995 2049 Chrysostomo,
1026 1988 1168 2053 sumque
1193 1963 1353 2054 (Theophi-
1385 2024 1386 2046 ,

253 2063 335 2149 lum)
359 2064 497 2128 Romam
520 2063 704 2128 accersivit.
752 2063 957 2128 Sententiam
989 2065 1108 2149 synodi
1131 2065 1175 2128 ad
1203 2065 1352 2146 Quorsum
1385 2065 1386 2070 ’

253 2164 380 2226 irritam
403 2160 596 2237 declaravit,
621 2181 811 2246 novumque
834 2163 883 2225 rei
906 2181 1046 2227 examen
1069 2162 1197 2228 Romae
1220 2161 1352 2228 instituit.

252 2259 389 2348 epistola
413 2280 490 2322 vero
515 2259 614 2322 missa
638 2256 908 2342 Chrysostomum
938 2260 981 2324 ad
1004 2262 1201 2346 patientiam
1224 2261 1352 2324 hortatus

253 2359 282 2422 ei
307 2357 468 2422 arixilium
492 2377 586 2420 suum
611 2357 770 2441 promisit.

342 2457 395 2520 28.
418 2456 550 2520 Interea
575 2451 827 2538 Chrysostomus
860 2454 915 2519 die
939 2455 959 2519 9
982 2455 1076 2520 Junii
1100 2477 1129 2520 a.
1154 2456 1223 2521 404
1245 2457 1276 2520 in
1297 2453 1351 2516 eri-
1386 2451 1387 2494 l

252 2555 334 2620 lium
358 2556 392 2617 vi
409 2552 583 2632 abductus,
608 2559 707 2637 atque
724 2551 882 2616 Arsacias
905 2552 1086 2637 presbyter,
1099 2551 1247 2619 Nectarii
1269 2552 1351 2616 inter

253 2664 285 2718 et
309 2652 534 2736 Chrysostomi
566 2649 795 2732 adversarius,
829 2652 863 2714 in
888 2649 999 2714 sedem
1024 2649 1194 2716 OPtanam
1226 2653 1349 2714 intrusus

253 2761 311 2817 cst.
358 2749 423 2816 Sed
458 2769 579 2832 magna
613 2769 690 2833 pars
724 2746 871 2814 fidelium
896 2747 1129 2833 Chrysostomo
1167 2751 1284 2814 mansit
1306 2743 1349 2810 ad·

253 2850 352 2930 dicta,
377 2849 563 2933 pariterque
578 2846 791 2914 Innocentius
813 2849 981 2912 recusavit
996 2850 1262 2912 communionem
1283 2845 1349 2908 inire

254 3025 330 3032 ,-
344 3022 465 3029 ..ί-’-

330 3112 349 3178 ι)
369 3109 460 3162 Canon
478 3108 517 3160 IV
520 3128 541 3162 .:
563 3105 605 3172 „si
625 3105 684 3172 quis
703 3105 842 3172 episcopus
855 3121 872 3157 a
884 3104 984 3172 synodo
1003 3104 1148 3172 depositus,
1170 3103 1212 3158 rel
1231 3099 1351 3170 presbyter

254 3191 296 3246 rel
316 3191 442 3244 diaconus
467 3205 484 3240 a
510 3187 617 3255 proprio
645 3185 774 3253 episcopo,
802 3200 906 3237 sacmm
934 3183 1068 3238 celebrare
1096 3199 1178 3238 ausus
1202 3183 1287 3236 fuerit.
1304 3179 1350 3230 sits

253 3273 392 3340 episcopus
416 3267 560 3322 secundum
587 3266 790 3333 praecedentem
817 3265 1044 3328 consuetudinem,
1075 3264 1132 3318 sire
1151 3263 1288 3331 presbyter
1303 3258 1349 3310 sire

254 3353 388 3416 diaconus,
407 3350 507 3404 nudam
526 3345 639 3413 amplius
658 3361 731 3412 spem
750 3346 958 3400 restaurationis
975 3345 1003 3399 in
1022 3345 1076 3398 alia
1094 3345 1203 3410 synodo,
1222 3355 1299 3407 neque
1315 3339 1349 3390 de

253 3432 384 3488 tensionis
410 3430 496 3485 locum
524 3428 549 3482 ei
576 3427 674 3482 habore
693 3425 782 3480 liceat
819 3425 870 3480 Sed
898 3434 927 3480 et
946 3441 1035 3480 omnes
1054 3425 1100 3492 qui
1119 3425 1144 3478 ei
1163 3421 1348 3478 communicant

253 3531 288 3569 ex
306 3511 418 3568 ecclesia
434 3509 585 3578 ejiciantur,
605 3510 630 3562 et
654 3506 776 3570 maxime,
804 3506 827 3560 si
846 3522 905 3560 curn
923 3507 1086 3560 senteutiam
1103 3505 1232 3558 adversus
1250 3497 1348 3570 praedic·

254 3603 297 3649 tos
316 3593 448 3662 prolatam
466 3587 617 3652 didicerint,
637 3586 675 3640 eis
694 3586 887 3640 communicare
900 3587 958 3639 ausi
979 3585 1105 3640 luerint.t
1125 3585 1177 3638 llic
1196 3598 1275 3636 canon
1293 3579 1347 3632 iden

254 3681 346 3730 estse
365 3671 469 3725 XXVII
490 3670 561 3722 inter
580 3667 700 3720 Oenones
715 3666 887 3733 apostolicos.
908 3697 940 3705 -
960 3665 1024 3720 Can.
1044 3665 1111 3718 XII:
1133 3664 1177 3728 „si
1196 3663 1254 3730 quis
1271 3677 1284 3712 a
1302 3671 1347 3724 pro

254 3755 313 3823 prio
331 3752 452 3820 episcopo
471 3749 607 3815 depositus
626 3747 772 3814 presbyter,
792 3745 835 3800 sel
853 3747 986 3810 diaconus,
1004 3745 1046 3798 vel
1066 3745 1204 3812 episcopus
1223 3759 1238 3795 a
1256 3739 1348 3806 synodo.

254 3849 336 3889 ansts
354 3833 439 3886 luerit
456 3828 630 3896 Imperatoris
658 3827 767 3880 auribus
794 3826 944 3880 molestiam
963 3825 1095 3888 exhibere,
1114 3839 1172 3878 cum
1192 3827 1306 3891 oporteat
1322 3815 1348 3866 ³¹1

255 3916 383 3984 majorem
410 3913 539 3978 synodum
567 3907 696 3970 conserti,
725 3913 753 3960 et
777 3906 829 3974 jus,
857 3905 926 3972 quod
954 3921 982 3960 se
1000 3905 1098 3960 habere
1117 3910 1205 3972 putat.
1224 3903 1256 3956 ad
1273 3898 1348 3984 plima

254 3997 390 4065 episcopos
408 3991 517 4056 referre,
535 4005 678 4056 eorumque
701 3987 926 4041 examinationem
952 3993 979 4040 st
995 3986 1125 4052 judicium
1143 3984 1284 4050 suscipere:
1311 3992 1347 4042 qut

255 4077 348 4141 itaque
367 4073 409 4126 his
428 4071 587 4138 contemptis
606 4069 765 4138 Imperatori
780 4068 906 4121 molestus
926 4067 1017 4130 tuterit,
1037 4067 1059 4119 is
1080 4065 1152 4120 nulls
1170 4064 1247 4118 senia
1265 4060 1348 4126 diruu-

255 4169 341 4220 neque
359 4152 401 4206 sui
420 4151 579 4204 defendendi
596 4150 682 4202 locum
710 4148 815 4208 habeat,
835 4163 883 4200 uec
906 4145 1088 4200 restitutionis
1106 4145 1213 4198 laturae
1231 4155 1296 4208 spem
1312 4151 1348 4189 es·

253 4236 383 4302 spectet.“
422 4231 476 4285 Otr.
496 4230 560 4284 Can.
581 4231 674 4296 Apost.
693 4227 793 4282 XXIX.
