2900 4800
394 451 531 506 Judioinm
550 449 673 505 criticum
691 449 724 503 de
742 449 852 519 Vigilio.
1154 451 1208 506 367

94 596 250 676 tudinem,
276 605 313 660 ut
336 594 416 660 dum
440 603 612 678 cogeretur
626 593 747 678 injuste
762 591 883 679 aliquis
900 595 1073 680 episcopus
1096 595 1207 660 sedem

94 713 186 759 suam
219 693 391 780 reliquere,
428 713 494 756 non
529 691 706 754 haberetur
739 700 776 755 ut
799 693 1043 776 praevaricator
1072 695 1128 779 qui
1152 693 1207 758 illo

94 795 226 856 vivente
249 790 450 871 succederet,
481 811 523 854 ne
556 811 637 874 grex
666 797 792 853 careret
814 790 948 853 omnino
973 799 1111 874 pastore.
1158 791 1209 855 lta

94 889 236 954 vidimus
252 887 546 973 Constantinopoli,
571 909 671 973 quum
689 885 895 971 Euphemius
918 889 953 950 in
976 887 1113 952 exilium
1136 890 1208 952 mit-

94 997 221 1068 teretur,
266 988 461 1051 successisse
498 985 752 1066 Macedonium
796 994 932 1071 uterque
972 995 1082 1050 tamen
1124 988 1210 1050 inter

95 1085 230 1150 Sanctus
263 1095 470 1166 recensetur,
509 1105 570 1147 nec
604 1083 786 1146 adversarii
822 1084 909 1146 inter
942 1103 976 1146 se
1000 1083 1133 1148 fuerunt
1162 1083 1207 1147 illi

94 1184 248 1268 episcopi.
280 1219 325 1230 -
360 1181 395 1248 Si
428 1181 511 1245 forte
545 1180 651 1244 simile
685 1180 766 1266 quid
799 1181 921 1246 accidit
944 1181 1077 1262 Romae,
1106 1204 1208 1267 quum

94 1280 251 1346 Silverius
286 1282 470 1344 mitteretur
502 1279 537 1341 in
569 1277 725 1360 exilium,
761 1277 851 1341 haud
885 1277 1034 1356 dubium,
1067 1301 1209 1344 canones

95 1378 152 1444 hec
187 1380 222 1442 in
255 1400 291 1442 re
319 1399 385 1442 non
415 1376 606 1441 observatos
635 1376 755 1456 fuisse3
779 1397 841 1439 nec
873 1385 984 1440 tamen
1012 1385 1104 1440 tanta
1126 1377 1210 1441 foret

95 1477 190 1562 culpa
204 1474 331 1560 Vigilii,
356 1485 480 1561 quanta
503 1474 565 1538 fuit
582 1475 752 1559 posteriori
777 1484 883 1537 aetate
908 1497 1030 1554 corum,
1056 1477 1112 1560 qui
1127 1477 1209 1540 anti-

95 1597 197 1660 papae
221 1575 389 1638 constituti
414 1581 500 1636 sunt.
547 1571 634 1636 Saue
667 1572 787 1634 mirum
820 1580 876 1652 est,
895 1571 1056 1637 'defuncto
1081 1572 1114 1638 S.
1139 1573 1209 1639 Ser-

95 1671 181 1754 vilio,
217 1671 378 1754 Vigilium
412 1671 482 1734 sine
518 1667 711 1733 difficultate
741 1677 773 1731 et
807 1671 1066 1734 contradictione
1089 1671 1209 1736 Sedem

23 1784 29 1793 ·
95 1769 319 1855 Apostolicam
351 1769 513 1848 tenuisse,
547 1775 580 1830 et
609 1767 707 1828 etiam
742 1767 956 1853 sequentibus
983 1771 1078 1833 annis
1102 1769 1144 1834 ab
1169 1773 1210 1834 iis

24 1876 29 1917 t
95 1868 147 1952 qui
172 1889 240 1932 non
264 1867 399 1930 fuerunt
422 1864 541 1928 infensi
570 1863 750 1926 adversarii
784 1865 864 1948 ejus,
888 1866 923 1928 in
947 1865 1132 1931 honoreac
1157 1889 1209 1932 vc-

22 2030 29 2048 ,
94 1967 263 2029 iteratione
291 1963 442 2028 habitum
476 1983 556 2026 esse.
589 1999 632 2008 -
665 1962 803 2026 Mortem
829 1962 862 2028 S.
886 1961 1018 2028 Silverii
1051 1965 1209 2029 adscribit

94 2064 283 2148 Procopius,
314 2063 348 2125 in
379 2083 438 2125 sua
462 2061 609 2124 Historia
632 2081 754 2123 aroana
782 2083 853 2146 cap.
886 2064 913 2141 l,
938 2062 1127 2126 Antonione
1151 2063 1209 2127 Be-

23 2155 24 2163 '
94 2160 195 2224 lisarii
221 2161 327 2240 uxori,
363 2161 524 2244 pessimae
561 2156 701 2238 mulieri,
737 2169 774 2221 ut
803 2159 866 2222 sibi
890 2159 1037 2223 favorem
1061 2161 1209 2226 Theodo-

23 2266 26 2277 '
95 2281 148 2322 rae
164 2259 337 2342 Augustae
361 2255 560 2336 conciliaret,
584 2258 797 2342 occisumque
813 2257 1008 2322 Pontificem
1031 2259 1130 2322 refert
1153 2281 1212 2346 per

94 2355 282 2438 Eugenium
318 2355 507 2418 Antoninae
539 2351 711 2418 famulum.
763 2355 814 2418 Ac
847 2357 961 2420 merito
995 2355 1211 2422 Allemannus

23 2520 29 2541 ,
96 2455 128 2516 in
152 2454 240 2517 notis
263 2452 306 2517 ad
329 2451 495 2516 Historiae
527 2473 667 2514 arcanae
701 2473 773 2536 cap.
798 2455 940 2538 primum
966 2455 1210 2536 animadvertit,

21 2576 25 2591 ·
95 2550 299 2628 Liberatum,
325 2550 371 2612 uti
395 2549 452 2614 alii
486 2549 570 2629 Afri,
595 2548 718 2633 Vigilio
754 2551 919 2614 infensum
943 2551 1006 2615 hac
1029 2555 1063 2616 in
1087 2575 1122 2616 re
1145 2575 1212 2617 non

21 2669 25 2711 ¹.
96 2669 165 2712 esse
188 2647 402 2727 audiendum,
428 2667 465 2710 eo
490 2645 543 2709 vel
567 2649 682 2729 magis,
718 2647 806 2732 quod
832 2650 901 2733 ipse
926 2649 964 2712 de
987 2673 1059 2713 uoce
1084 2649 1213 2714 St'loorii

20 2755 21 2770 ¹
21 2748 223 2843 scripsit
246 2767 324 2830 qaue
348 2745 388 2808 ab
412 2743 486 2808 aliis
510 2755 682 2830 acceperat,
706 2746 877 2832 stocopius
899 2769 971 2809 cero
994 2749 1137 2811 horscrat
1126 2751 1213 2812 testis

21 2844 160 2928 fuit
181 2843 335 2920 oculatus,
360 2843 479 2906 Romae
511 2852 582 2905 tram
614 2843 727 2929 clupeus
751 2855 780 2906 et
803 2845 891 2930 opud
914 2845 1108 2907 Antoninum
1131 2849 1214 2910 tanti

20 2931 25 3027 ξ
95 2941 223 3006 sceleriis
246 2941 404 3024 artificem.

186 3039 238 3102 75.
262 3038 445 3102 Veniamus
478 3038 520 3101 ad
544 3059 598 3114 ea,
622 3059 707 3123 quae
740 3039 772 3100 iu
803 3043 1026 3104 controversia
1050 3041 1091 3104 do
1115 3043 1382 3106 tribusl'iitstivtndt-

99 3136 259 3223 bhpr'tulis
282 3135 426 3219 Vigilius
449 3139 526 3220 egit
572 3135 673 3199 Haud
696 3147 806 3199 tamen
833 3137 867 3200 id
890 3137 986 3201 nobis
1009 3142 1212 3225 propositum
1276 3113 1327 3153 Μ

95 3245 155 3314 est,
181 3244 218 3297 ut
241 3234 372 3317 singula
396 3233 655 3345 comprobemus,
681 3236 822 3318 quaein
849 3233 1044 3300 difficillimo
1074 3236 1137 3301 hoc
1161 3261 1213 3302 ne-

17 3385 18 3412 ,
95 3333 186 3415 gotio
210 3331 363 3396 Pontifex
386 3332 482 3412 fecit3
511 3341 544 3395 et
575 3333 602 3394 si
627 3333 700 3416 quis
724 3333 971 3414 existimaverit,
997 3338 1213 3400 constantiam

95 3451 136 3492 ac
161 3429 349 3493 firmitatem
373 3430 476 3493 animi
500 3428 678 3515 aliquando
694 3432 723 3493 ei
748 3429 901 3512 defuisse,
926 3431 979 3495 vel
1003 3433 1214 3518 prudentiam

16 3523 18 3536 ⁴
96 3526 186 3592 illam
222 3525 448 3612 insigniorem,
485 3550 569 3613 qnae
605 3529 704 3600 etism
728 3527 924 3593 difficillima
959 3541 1034 3616 apte
1059 3531 1213 3616 disponit,

96 3627 218 3711 passim
245 3628 278 3689 in
310 3625 432 3710 Vigilio
465 3647 531 3690 non
565 3628 718 3707 inveniri,
750 3628 975 3711 quaestionem
999 3627 1085 3692 hanc
1109 3628 1215 3693 discu-

96 3734 169 3787 tere
202 3745 268 3788 nou
302 3723 524 3808 aggredimur.
582 3723 647 3787 Sed
682 3725 900 3802 ostendemus,
936 3725 1096 3809 Vigilium
1132 3725 1214 3789 nihil

97 3821 216 3886 secisse
245 3822 333 3908 quod
357 3823 550 3908 injuriosum
576 3833 660 3886 osset
683 3821 831 3887 Concilio
856 3822 1127 3905 Chalcedonensi,
1153 3846 1214 3887 nec

97 3924 131 3984 in
160 3919 297 3984 diversis
321 3921 392 4006 ejus
416 3922 587 3984 sententiis
619 3919 745 4006 aliquid
769 3923 923 4000 inveniri,
947 3944 989 3984 ex
1013 3943 1076 4009 quo
1101 3931 1214 3986 contro

97 4016 368 4082 infallibilitatem
384 4019 522 4082 Romani
533 4018 704 4082 Pontificis
716 4029 946 4104 argumentum
962 4019 1087 4084 hauriri
1102 4022 1213 4106 possit.

192 4116 242 4180 76.
267 4117 425 4201 Superius
458 4118 680 4202 exposuimus,
715 4139 878 4203 quaenam
912 4119 1035 4181 motiva
1059 4139 1116 4202 pro
1141 4139 1214 4183 con-

16 4243 18 4304 ι
98 4213 312 4278 damnatione
345 4216 444 4278 trium
479 4213 706 4301 Capitulorum
736 4215 858 4280 adduci
883 4217 1059 4301 potuerint,
1084 4225 1117 4280 et
1139 4239 1215 4303 quo-
