2806 4848
128 2402 247 2443 Conclusio.

266 471 301 526 82
517 470 557 526 De
576 470 722 526 Auauismi
742 469 807 526 letis
825 487 857 525 se
874 471 907 526 dc
925 471 1002 540 lapsu
1021 471 1129 527 Liberti.

266 615 557 681 exhibetPhotius.
581 615 615 680 Is
628 615 667 680 L.
678 615 737 680 IV.
749 616 811 679 u.3
822 614 951 679 scribit:
967 617 1039 702 Ipse
1055 639 1126 680 uero
1136 615 1346 704 (Constantius)

267 713 415 780 &amiam
432 714 595 800 profectas
618 711 685 792 illie
709 713 856 777 consedit.
898 712 965 787 Quo
981 715 1104 800 quidem
1127 726 1255 804 tempore
1275 719 1349 780 eiua

266 813 424 877 Liberium
447 814 624 898 episcopam
646 811 733 875 urbis
752 813 881 889 Romae,
907 835 994 897 quem
1017 813 1155 876 Romani
1175 837 1282 880 samue
1302 827 1348 878 stu·

266 911 319 974 dio
343 909 556 998 stopitabaat,
590 908 629 972 ab
653 908 748 973 exilio
773 921 949 974 reuocatum
979 911 1045 974 sais
1077 911 1194 975 ciuibsss
1224 912 1348 976 reddidit.

270 1010 355 1072 Tunc
392 1009 486 1072 caum
524 1006 662 1071 eumdem
699 1007 857 1072 Liberium
898 1017 928 1070 et
962 1031 1030 1071 una
1071 1031 1139 1072 eam
1165 1009 1220 1074 illo
1243 1011 1350 1074 Hori-na

267 1109 444 1193 episcopum
467 1115 576 1168 contra
599 1104 875 1168 consubstantialis
897 1105 1080 1169 uocabulum
1103 1118 1132 1170 et
1153 1119 1260 1171 cossim
1277 1109 1348 1172 aue-

266 1206 391 1268 nasium
422 1203 652 1289 subscripsisse,
685 1205 732 1267 uit
755 1201 1004 1290 Philoetorqias,·
1035 1227 1103 1268 cam
1126 1206 1261 1292 synodus
1282 1227 1348 1290 peue-

267 1301 341 1365 dum
354 1300 422 1364 illie
445 1299 574 1364 collecta
596 1312 675 1364 esset
698 1311 727 1363 et
741 1312 1023 1387 supramemoratae
1037 1303 1072 1364 in
1093 1305 1274 1367 sententian
1285 1325 1350 1366 enea

262 1402 481 1486 pertremiscet.
527 1399 695 1484 Postquam
716 1421 787 1462 vero
815 1399 1078 1484 sabsaipeissent,
1102 1401 1237 1464 Hosiaru
1257 1401 1353 1486 quiden

268 1500 311 1563 ad
335 1499 437 1562 sedern
459 1520 563 1584 mam,
592 1493 770 1561 Cordubam
796 1495 914 1560 scilieet
936 1497 1133 1583 Hispaniae,
1157 1521 1304 1563 reuersum
1321 1521 1354 1560 ec·

267 1595 394 1660 alesiam
417 1600 482 1685 ejas
506 1594 566 1657 loci
596 1593 798 1679 pabemuase,
822 1593 982 1658 Liberium
1007 1617 1080 1658 uero
1104 1596 1265 1661 Rousouae
1286 1594 1355 1658 ecele-

268 1697 334 1759 siae
361 1693 554 1781 praefuisse.
602 1692 815 1756 Manifestum
848 1702 906 1774 est,
940 1692 1061 1757 falsum
1082 1715 1258 1778 rumorem,
1279 1713 1355 1780 quem

268 1802 457 1878 sparserunt
481 1790 596 1854 Ariani
621 1789 700 1854 dum
724 1789 836 1876 lapsus
868 1793 1064 1876 supponitur
1086 1789 1220 1872 Hosius,
1244 1793 1281 1858 de
1301 1813 1354 1854 cou-

269 1913 366 1956 sensu
389 1890 514 1954 Liberii
546 1891 580 1952 iu
605 1887 755 1952 eamdem
783 1888 961 1970 haeresim,
991 1888 1045 1952 hic
1073 1891 1245 1954 narraris
1272 1887 1358 1954 Philo·

269 1990 389 2074 storgio
414 1987 649 2052 calumniatore
664 1985 788 2050 Ariauo
811 2007 870 2071 pro
894 2007 974 2051 vera
997 1986 1144 2052 historia.
1180 1988 1310 2053 Falsitss
1329 2007 1359 2048 ex

270 2109 306 2150 eo
330 2085 512 2151 luculenter
535 2093 634 2170 patet,
658 2083 746 2170 quod
767 2093 942 2171 utrumque
957 2084 1054 2148 simul
1077 2083 1210 2171 lapsum
1232 2109 1269 2152 ac
1284 2081 1359 2149 simul

271 2185 314 2250 ad
338 2183 510 2248 ecclesiam
534 2204 626 2246 suam
650 2183 822 2246 remissum
842 2193 973 2265 asserat,
999 2203 1075 2247 cum
1099 2195 1228 2248 constet
1243 2185 1358 2248 Hosiuu

273 2283 313 2370 (si
337 2305 488 2347 reversus
511 2279 583 2366 est),
608 2280 744 2345 rediisse
767 2303 854 2346 anno
869 2281 944 2363 357,
968 2280 1141 2346 Liberium
1165 2305 1253 2348 anuo
1274 2282 1360 2363 3581).

365 2381 437 2444 109.
462 2378 625 2444 Omnibus
648 2380 749 2463 igitur
780 2381 949 2465 perpensis
972 2380 1156 2461 statuimus,
1182 2381 1305 2468 lapsum
1325 2379 1363 2440 Li·

276 2481 360 2545 herii
373 2477 544 2543 Pontificis
567 2499 638 2540 esse
660 2477 832 2560 fictitium,
856 2478 1028 2542 Liberium
1052 2499 1113 2541 nec
1137 2479 1170 2542 iu
1189 2479 1360 2543 haereticam

278 2577 433 2642 incidisse
465 2577 671 2660 pravitatem,
706 2597 768 2640 uec
800 2575 958 2661 perfidiae
991 2574 1233 2642 haereticorum
1270 2595 1362 2640 manus

270 2677 419 2758 dedisse3
444 2673 641 2738 Pontificem
666 2673 755 2738 huuc
779 2695 896 2738 revera
925 2672 1006 2738 nulli
1030 2673 1192 2739 formulae
1216 2669 1362 2742 Sirmiensi

269 2774 499 2859 subscripsisse
523 2795 585 2836 nee
607 2770 665 2836 alii
696 2772 903 2855 documento,
929 2793 992 2858 quo
1025 2795 1046 2836 a
1069 2773 1270 2857 professione
1291 2771 1362 2834 voris

268 2873 455 2937 homousios
479 2891 537 2955 per
551 2870 714 2934 Nicaeuos
730 2870 844 2934 Patres
867 2872 994 2934 sancita
1017 2869 1202 2955 recederet;
1227 2893 1284 2936 uec
1304 2887 1361 2932 eun

269 2971 301 3038 S.
326 2968 548 3034 Athanasium
573 2968 746 3032 damnasse
780 2966 833 3032 vel
857 2989 932 3032 cum
961 2967 1096 3032 Arianis
1119 2972 1361 3034 communionem

269 3070 392 3134 iniisse.

358 3165 551 3245 Caeterum,
584 3165 712 3228 etiamsi
742 3163 963 3228 Athanasium
986 3162 1140 3229 Liberius
1172 3165 1362 3232 condemnas·

269 3275 318 3331 set
341 3275 373 3329 et
396 3285 472 3328 cum
495 3261 629 3326 Arianis
644 3263 909 3326 communionem
924 3263 1059 3344 iniisset,
1075 3275 1252 3349 propterea
1273 3271 1361 3325 tamen

268 3363 455 3428 nullatenus
478 3383 498 3424 a
521 3358 585 3423 fide
618 3359 801 3425 defecisset.
850 3358 1013 3440 Quamvis
1045 3363 1143 3444 euim,
1169 3361 1259 3449 quod
1280 3357 1362 3422 Athe-

269 3463 397 3526 nasium
421 3461 547 3540 attinet,
572 3479 685 3522 omues
695 3457 894 3521 Asianorum
919 3460 986 3522 irae
1003 3459 1037 3522 iu
1061 3459 1170 3546 ipsum
1195 3482 1239 3523 ex
1261 3479 1296 3522 eo
1316 3452 1361 3516 ou'·

269 3571 397 3642 rentur,
436 3557 525 3645 quod
552 3566 703 3621 strenuus
739 3555 817 3620 fidei
845 3557 1013 3621 Nicaeuae
1049 3567 1274 3645 propugnator
1299 3564 1360 3616 eret.

268 3657 303 3722 hi
327 3667 437 3722 tamen
462 3677 536 3719 eum
561 3677 626 3718 non
659 3655 735 3718 fidei
759 3655 936 3738 Nicaeuae,
966 3654 1024 3720 sed
1048 3657 1224 3720 criminum
1249 3650 1360 3717 nomin·

269 3755 488 3836 accusabant,
518 3764 549 3817 et
571 3753 650 3818 hinc
682 3751 878 3838 subscriptio
911 3755 946 3817 in
978 3753 1048 3839 ejus
1072 3751 1359 3818 condemnationem

270 3864 361 3918 actus
385 3875 494 3917 merae
518 3852 697 3937 injustitiae
720 3851 844 3917 fuisset.
878 3889 921 3899 -—
953 3849 1025 3915 Nec
1053 3851 1281 3916 commuuione
1303 3863 1361 3910 curu

344 4025 362 4093 ¹)
382 4021 442 4076 Nou
454 4025 503 4086 est,
517 4035 565 4074 cur
575 4033 845 4074 eacommemeremns
858 4035 926 4086 quae
945 4018 1086 4074 deLiberii
1104 4017 1326 4088 praevaricatione
1340 4010 1362 4062 in

272 4103 401 4171 Catulepe
420 4101 568 4164 Felr'ciaao,
588 4099 617 4153 in
638 4101 719 4153 Libro
739 4100 903 4165 Pontificule,
924 4103 952 4154 et
970 4099 998 4154 iu
1009 4101 1087 4154 Aetia
1106 4101 1134 4154 S.
1153 4099 1265 4153 Lucebit
1281 4093 1362 4148 haben·

270 4185 322 4236 tur.
360 4181 457 4236 Omnes
475 4180 545 4234 enim
574 4179 743 4244 conveniunt,
769 4179 835 4233 haee
853 4179 1018 4244 documenta,
1041 4179 1070 4234 iu
1089 4179 1123 4234 iis
1141 4193 1209 4248 quse
1227 4175 1260 4231 ad
1277 4169 1361 4227 Liberti

270 4267 390 4330 tempora
408 4260 554 4327 pertinent,
573 4259 695 4313 fabulose
712 4275 766 4314 non
785 4276 870 4329 pauca
888 4261 1034 4315 continere.
