2936 4814
244 439 280 496 te
598 443 639 498 De
658 443 724 500 Ssds
740 441 862 500 Romans
880 441 905 498 S.
923 441 1007 500 Petri.

246 586 337 668 Quid
360 609 438 652 vero
463 611 534 654 esse
556 597 664 676 potest
686 590 830 677 ineptius
860 609 899 654 ea
926 589 1114 667 assertione,
1139 606 1182 650 ex
1204 583 1364 669 Dionysii

245 687 343 756 dictis
365 691 490 756 factum
522 713 602 774 esse,
636 701 673 756 ut
696 693 807 776 opinio
841 687 883 753 de
905 687 938 755 S.
962 687 1052 752 Petri
1082 687 1200 754 itinere
1223 695 1257 751 et
1279 688 1364 775 epis·

244 801 364 877 copatu
377 791 525 856 Romano
539 790 764 876 reciperetur?
788 789 937 855 Profecto
957 788 1141 874 Dionysius
1164 807 1231 852 non
1249 797 1366 852 narrat

244 910 341 974 nova,
365 888 423 954 sed
446 890 584 977 antiqua
607 898 858 971 commemorat3
896 890 923 953 si
946 909 1035 954 nova
1063 887 1284 972 excogitasset
1308 885 1364 949 vel

242 988 369 1054 incerta
391 996 521 1053 tantum
544 997 577 1054 et
599 986 749 1054 fabulosa
773 997 946 1069 narrasset,
971 1009 1032 1053 nec
1054 983 1195 1052 Romani
1218 1004 1281 1050 nec
1304 981 1365 1050 alii

243 1086 306 1151 ista
327 1087 542 1172 accepissent

72 1189 233 1234 mmmm·
331 1184 385 1250 36.
410 1181 713 1252 commemoremus
742 1184 805 1250 hoc
835 1184 906 1250 loco
937 1185 1037 1250 etiam
1071 1179 1257 1248 Quonam
1287 1179 1364 1246 Als-

242 1282 448 1362 aaadriaam,
472 1284 530 1370 qui
554 1282 720 1350 mediante
744 1282 874 1350 saeculo
904 1283 1048 1348 secundo
1072 1289 1179 1362 natus,
1203 1277 1362 1364 Dionysii

243 1379 488 1446 Corinthiorum
510 1380 669 1469 Episcopi
692 1381 756 1447 luit
778 1403 931 1464 coaevus.
976 1379 1143 1448 Eusebius
1167 1375 1221 1466 (L.
1244 1375 1306 1444 VI.
1333 1399 1362 1442 c.

244 1476 299 1564 14)
321 1477 459 1566 loquens
482 1479 530 1563 de,
546 1479 618 1565 ejus
646 1478 741 1546 libris
764 1481 1027 1568 Hypotyposeon
1050 1479 1136 1544 inter
1158 1474 1225 1541 alia
1246 1473 1360 1542 refert.

242 1575 349 1643 Sedet
371 1580 408 1642 ia
429 1578 541 1644 iisdem
563 1577 654 1644 libris
668 1575 808 1644 Clemens
831 1579 1034 1644 traditionem
1056 1575 1226 1664 pmradam
1247 1573 1287 1638 de
1312 1597 1362 1638 or·

241 1676 315 1741 diae
329 1676 582 1764 Evanpelioram,
597 1701 690 1764 qaam
712 1702 735 1741 o
748 1676 967 1744 vetustatibus
975 1675 1171 1764 presbyteria
1185 1683 1361 1759 caeperat

240 1773 338 1862 refert
361 1775 397 1840 ia
418 1775 497 1840 lasse
520 1775 653 1841 modam.
688 1776 832 1856 Dicebat,
856 1798 897 1840 aa
919 1772 1103 1862 Evangeliis
1120 1773 1216 1860 prius
1239 1771 1362 1858 sarapta

241 1895 305 1938 esse
336 1872 406 1956 illo,
439 1897 519 1960 qssae
550 1875 661 1940 seriem
690 1876 814 1962 perieris
835 1873 998 1940 Domiaiei
1028 1872 1196 1937 conticeat.
1252 1869 1363 1934 Marci

241 1983 344 2036 catam
366 1971 573 2060 Erraapeliaat
605 1995 645 2037 ee
675 1973 853 2064 lajosasodi
885 1972 1046 2038 oeeaaosw
1074 1970 1224 2056 scriptam
1238 1966 1358 2053 finisse.

244 2065 319 2136 Cam
342 2069 454 2136 Petras
475 2071 511 2136 ia
533 2069 608 2134 cale
626 2071 730 2136 Rosia
753 2069 877 2136 verbam
898 2069 964 2134 Dei
980 2066 1108 2157 palliae
1125 2063 1359 2154 praedicasset,

240 2177 270 2232 et
294 2165 418 2255 Spiritu
447 2165 564 2234 Sancto
597 2167 729 2258 afflatas
760 2167 967 2256 Evaapeliam
992 2164 1233 2254 promulgasset,
1265 2163 1361 2230 multi

240 2268 294 2352 qai
317 2265 453 2332 oderam
475 2265 620 2332 Marcion
642 2267 796 2334 colonati
818 2279 900 2350 auat,
924 2277 1032 2354 utpote
1054 2265 1109 2352 qui
1130 2264 1257 2329 Petram
1272 2266 1358 2352 jam·
1454 2289 1455 2294 ¹

240 2363 358 2430 dadam
381 2375 502 2432 acastus
516 2364 647 2453 fuisset,
671 2375 702 2430 et
714 2365 802 2432 dieta
815 2369 882 2457 ejas
894 2365 1045 2430 matoria
1069 2372 1195 2442 terserat,
1218 2372 1255 2426 at
1277 2385 1358 2448 puae
1454 2357 1455 2406 3

240 2463 279 2527 ab
302 2462 456 2550 Apostolo
473 2463 667 2552 praedicata
689 2477 781 2530 aunt
804 2463 1009 2532 consa-ibera
1031 2472 1092 2529 etc.
1116 2460 1231 2542 Vides,
1256 2460 1357 2524 etiam

240 2558 445 2627 Clementem
477 2571 515 2628 ut
545 2583 615 2628 rem
648 2571 761 2628 notam
794 2583 1051 2628 commemorare
1073 2559 1356 2648 praedicationem

239 2680 268 2725 s.
293 2657 326 2726 S.
350 2659 447 2726 Petro
471 2660 596 2728 Romae
625 2660 758 2745 iactam,
789 2671 930 2748 atquae
962 2660 1004 2726 de
1028 2660 1154 2746 origine
1176 2655 1355 2742 Evangelii

239 2757 272 2823 S.
296 2757 400 2824 Marci
424 2768 537 2826 narrat
559 2758 690 2842 referre,
715 2769 752 2825 ut
774 2783 795 2824 a
818 2759 1055 2826 vetustioribus
1077 2755 1280 2844 presbyteris
1303 2777 1356 2821 ac·

238 2865 343 2944 cepta.
359 2895 402 2904 -
418 2856 591 2940 Clementi,
606 2858 653 2922 ait
662 2856 827 2923 Eusebia
838 2857 937 2946 (nn
952 2879 980 2924 c.
993 2855 1059 2946 15),
1075 2854 1165 2944 quod
1174 2855 1308 2922 Marcus
1318 2863 1356 2920 ut

238 2952 420 3040 discipulus
452 2955 485 3024 S.
516 2955 607 3022 Petri
639 2955 764 3022 Romae
795 2955 1018 3043 Evangelium
1056 2954 1232 3041 scripserit,
1267 2954 1356 3018 testa

238 3052 333 3116 etiam
355 3052 476 3120 aceedit
490 3053 612 3141 Papias
626 3053 934 3142 ffwrosolymitaaas
947 3055 1142 3142 Episcopum
1169 3059 1203 3118 et
1225 3051 1354 3137 antiqui

236 3150 420 3216 universim
433 3150 579 3235 uadunt,
591 3153 741 3218 Marcum
750 3153 855 3218 Roma
865 3152 1106 3220 Alexandriam
1121 3152 1258 3216 missum
1271 3171 1353 3216 esse.

82 3259 103 3300 ³1
115 3260 218 3310 autu·
326 3248 379 3314 37.
404 3247 436 3314 S.
448 3249 593 3336 lpaatias
606 3249 735 3338 Mortyr
748 3273 879 3338 quoque
894 3252 929 3317 in
944 3273 983 3316 ea
997 3272 1098 3338 quam
1105 3249 1237 3335 scripsit
1246 3246 1290 3312 ad
1303 3269 1353 3312 ec-

237 3345 372 3410 clesiam
395 3346 579 3413 Romanam
603 3347 752 3435 epistola,
767 3349 927 3436 implicite
949 3347 1176 3416 testimonium
1199 3343 1355 3434 perhibet

237 3442 278 3507 de
300 3443 389 3510 Petri
423 3453 456 3509 et
480 3444 577 3514 Pauli
609 3447 645 3512 in
677 3446 758 3512 urbe
782 3447 887 3514 Roma
910 3446 1166 3514 commoratione
1198 3441 1355 3509 omnibus

236 3551 323 3608 nota.
369 3543 447 3630 Epo,
479 3545 536 3628 ait,
569 3543 708 3611 ecelesiis
723 3555 725 3562 '
740 3544 850 3625 scribo,
883 3545 1084 3632 omnibusque
1118 3541 1245 3621 maudo,
1268 3541 1355 3627 quod
1454 3581 1455 3626 ;

235 3639 345 3706 ἱιώοιιι
369 3662 433 3728 pro
465 3641 534 3708 Deo
566 3644 696 3720 maior,
729 3643 882 3730 equidem
913 3665 967 3709 aas
993 3665 1040 3708 me
1071 3665 1136 3708 aaa
1157 3639 1352 3728 impediatis.

240 3737 371 3805 Olseero
394 3761 459 3818 eos,
481 3762 521 3805 as
534 3740 784 3828 intenpestivam
802 3741 879 3806 asili
900 3739 1145 3808 benevolentiam
1167 3735 1353 3804 saeldbeats's.

235 3832 337 3900 Sinite
364 3858 411 3900 me
425 3835 575 3924 feramen
597 3838 698 3902 cibran
718 3861 782 3905 esse
798 3862 862 3926 per
884 3839 1078 3926 paasDeam
1099 3837 1246 3924 consequi
1268 3834 1352 3900 lieet.

235 3932 435 3998 Fremeatsaa
458 3958 525 4000 saon
547 3935 612 4002 Dei
634 3948 664 4002 et
680 3960 743 4024 per
757 3937 905 4024 serarum
927 3937 1037 4002 dentes
1058 3934 1170 4014 molar,
1194 3943 1230 3998 at
1246 3955 1354 4020 paras
1454 3931 1455 4012 ζ

228 4032 329 4117 pacis
356 4027 473 4097 Christi
501 4035 648 4100 investias·
677 4084 685 4099 .
711 4085 718 4100 .
744 4085 752 4100 .
777 4085 785 4101 .
820 4032 976 4100 Christian
999 4054 1063 4120 pre
1093 4055 1139 4096 me
1163 4029 1352 4119 mpplieats,
1452 4017 1455 4086 i

233 4138 269 4192 at
285 4151 348 4214 per
369 4129 444 4194 laec
465 4133 675 4199 taruanense
696 4133 798 4198 testie
825 4133 981 4197 iaveaiar.
1030 4131 1106 4196 Noa
1127 4140 1164 4195 at
1185 4130 1299 4194 Petnss
1321 4142 1354 4196 et
1450 4128 1454 4153 ¹

233 4223 354 4295 Pastas
397 4226 484 4294 vobis
524 4231 702 4317 praecipio.
743 4225 822 4314 (Oiix
870 4219 913 4307 ὦς
955 4225 1080 4316 Πέτρος
1121 4223 1176 4292 καὶ
1219 4225 1353 4306 florileg
1454 4229 1455 4240 ’

1448 4352 1452 4401 Ι

1439 4478 1451 4747 ι’
