<?xml version="1.0" encoding="UTF-8"?>
<!DOCTYPE html PUBLIC "-//W3C//DTD XHTML 1.0 Transitional//EN"
    "http://www.w3.org/TR/xhtml1/DTD/xhtml1-transitional.dtd">
<html xmlns="http://www.w3.org/1999/xhtml" xml:lang="en" lang="en">
 <head>
  <title>
</title>
<meta http-equiv="Content-Type" content="text/html;charset=utf-8" />
  <meta name='ocr-system' content='tesseract 3.04.00' />
  <meta name='ocr-capabilities' content='ocr_page ocr_carea ocr_par ocr_line ocrx_word'/>
</head>
<body>
  <div class='ocr_page' id='page_1' title='image "./dissertationess02junggoog_0311.png"; bbox 0 0 2874 4812; ppageno 0'>
   <div class='ocr_carea' id='block_1_1' title="bbox 248 447 929 518">
    <p class='ocr_par' dir='ltr' id='par_1_1' title="bbox 248 447 929 518">
     <span class='ocr_line' id='line_1_1' title="bbox 248 447 929 518; baseline 0 -14"><span class='ocrx_word' id='word_1_1' title='bbox 248 447 301 504; x_wconf 68' lang='lat'><strong>308</strong></span> <span class='ocrx_word' id='word_1_2' title='bbox 682 451 723 504; x_wconf 85' lang='lat' dir='ltr'><strong>De</strong></span> <span class='ocrx_word' id='word_1_3' title='bbox 741 449 767 504; x_wconf 83' lang='lat' dir='ltr'><strong>S.</strong></span> <span class='ocrx_word' id='word_1_4' title='bbox 786 450 929 518; x_wconf 62' lang='lat' dir='ltr'><strong>mrimo.</strong></span> 
     </span>
    </p>
   </div>
   <div class='ocr_carea' id='block_1_2' title="bbox 242 591 1371 3312">
    <p class='ocr_par' dir='ltr' id='par_1_2' title="bbox 242 591 1371 1346">
     <span class='ocr_line' id='line_1_2' title="bbox 248 591 1371 680; baseline 0.004 -26"><span class='ocrx_word' id='word_1_5' title='bbox 248 601 318 655; x_wconf 87' lang='lat' dir='ltr'><strong>erat</strong></span> <span class='ocrx_word' id='word_1_6' title='bbox 349 591 431 656; x_wconf 83' lang='lat' dir='ltr'><strong>haec</strong></span> <span class='ocrx_word' id='word_1_7' title='bbox 464 595 575 658; x_wconf 81' lang='lat' dir='ltr'><strong>unitas</strong></span> <span class='ocrx_word' id='word_1_8' title='bbox 595 593 765 660; x_wconf 86' lang='lat' dir='ltr'><strong>Ecclesiae</strong></span> <span class='ocrx_word' id='word_1_9' title='bbox 797 593 1003 676; x_wconf 84' lang='lat' dir='ltr'><strong>universalis,</strong></span> <span class='ocrx_word' id='word_1_10' title='bbox 1036 595 1115 680; x_wconf 80' lang='lat' dir='ltr'><strong>quia</strong></span> <span class='ocrx_word' id='word_1_11' title='bbox 1146 613 1220 658; x_wconf 79' lang='lat' dir='ltr'><strong>eam</strong></span> <span class='ocrx_word' id='word_1_12' title='bbox 1244 592 1288 658; x_wconf 92' lang='lat' dir='ltr'><strong>ab</strong></span> <span class='ocrx_word' id='word_1_13' title='bbox 1315 615 1371 658; x_wconf 82' lang='lat' dir='ltr'><strong>ex·</strong></span> 
     </span>
     <span class='ocr_line' id='line_1_3' title="bbox 248 689 1371 779; baseline 0 -27"><span class='ocrx_word' id='word_1_14' title='bbox 248 689 340 754; x_wconf 91' lang='lat' dir='ltr'><strong>ordio</strong></span> <span class='ocrx_word' id='word_1_15' title='bbox 372 711 559 776; x_wconf 91' lang='lat' dir='ltr'><strong>proponens</strong></span> <span class='ocrx_word' id='word_1_16' title='bbox 591 701 689 756; x_wconf 84' lang='lat' dir='ltr'><strong>etex</strong></span> <span class='ocrx_word' id='word_1_17' title='bbox 720 693 892 779; x_wconf 84' lang='lat' dir='ltr'><strong>Scriptura</strong></span> <span class='ocrx_word' id='word_1_18' title='bbox 914 691 1100 772; x_wconf 85' lang='lat' dir='ltr'><strong>vindicans,</strong></span> <span class='ocrx_word' id='word_1_19' title='bbox 1124 691 1203 756; x_wconf 85' lang='lat' dir='ltr'><strong>inde</strong></span> <span class='ocrx_word' id='word_1_20' title='bbox 1226 690 1272 756; x_wconf 78' lang='lat' dir='ltr'><strong>ad</strong></span> <span class='ocrx_word' id='word_1_21' title='bbox 1296 692 1371 754; x_wconf 90' lang='lat' dir='ltr'><strong>uni-</strong></span> 
     </span>
     <span class='ocr_line' id='line_1_4' title="bbox 248 785 1370 876; baseline 0.001 -25"><span class='ocrx_word' id='word_1_22' title='bbox 248 795 347 852; x_wconf 88' lang='lat' dir='ltr'><strong>tatem</strong></span> <span class='ocrx_word' id='word_1_23' title='bbox 360 787 573 853; x_wconf 88' lang='lat' dir='ltr'><strong>ecelesiarum</strong></span> <span class='ocrx_word' id='word_1_24' title='bbox 595 791 845 874; x_wconf 68' lang='lat' dir='ltr'><strong>particularium</strong></span> <span class='ocrx_word' id='word_1_25' title='bbox 863 789 1081 876; x_wconf 78' lang='lat' dir='ltr'><strong>progreditur.</strong></span> <span class='ocrx_word' id='word_1_26' title='bbox 1117 789 1172 852; x_wconf 83' lang='lat' dir='ltr'><strong>Ex</strong></span> <span class='ocrx_word' id='word_1_27' title='bbox 1196 785 1370 873; x_wconf 74' lang='lat' dir='ltr'><strong>Cypriane</strong></span> 
     </span>
     <span class='ocr_line' id='line_1_5' title="bbox 248 886 1369 973; baseline 0 -25"><span class='ocrx_word' id='word_1_28' title='bbox 248 887 357 970; x_wconf 88' lang='lat' dir='ltr'><strong>isqui</strong></span> <span class='ocrx_word' id='word_1_29' title='bbox 390 887 423 950; x_wconf 92' lang='lat' dir='ltr'><strong>in</strong></span> <span class='ocrx_word' id='word_1_30' title='bbox 447 886 639 973; x_wconf 77' lang='lat' dir='ltr'><strong>particulari</strong></span> <span class='ocrx_word' id='word_1_31' title='bbox 667 888 809 954; x_wconf 82' lang='lat' dir='ltr'><strong>ecclesia</strong></span> <span class='ocrx_word' id='word_1_32' title='bbox 838 887 1053 954; x_wconf 89' lang='lat' dir='ltr'><strong>rebellionem</strong></span> <span class='ocrx_word' id='word_1_33' title='bbox 1083 887 1236 967; x_wconf 78' lang='lat' dir='ltr'><strong>instituit,</strong></span> <span class='ocrx_word' id='word_1_34' title='bbox 1264 887 1369 950; x_wconf 86' lang='lat' dir='ltr'><strong>etiam</strong></span> 
     </span>
     <span class='ocr_line' id='line_1_6' title="bbox 248 982 1369 1069; baseline 0.003 -24"><span class='ocrx_word' id='word_1_35' title='bbox 248 982 444 1047; x_wconf 81' lang='lat' dir='ltr'><strong>universalis</strong></span> <span class='ocrx_word' id='word_1_36' title='bbox 476 983 645 1050; x_wconf 84' lang='lat' dir='ltr'><strong>Ecclesiae</strong></span> <span class='ocrx_word' id='word_1_37' title='bbox 683 987 844 1052; x_wconf 86' lang='lat' dir='ltr'><strong>unitatem</strong></span> <span class='ocrx_word' id='word_1_38' title='bbox 881 983 993 1050; x_wconf 87' lang='lat' dir='ltr'><strong>laedit.</strong></span> <span class='ocrx_word' id='word_1_39' title='bbox 1047 983 1134 1048; x_wconf 86' lang='lat' dir='ltr'><strong>Nam</strong></span> <span class='ocrx_word' id='word_1_40' title='bbox 1166 985 1369 1069; x_wconf 70' lang='lat' dir='ltr'><strong>episcopatuo</strong></span> 
     </span>
     <span class='ocr_line' id='line_1_7' title="bbox 247 1079 1371 1173; baseline 0 -29"><span class='ocrx_word' id='word_1_41' title='bbox 247 1104 328 1144; x_wconf 80' lang='lat' dir='ltr'><strong>uuus</strong></span> <span class='ocrx_word' id='word_1_42' title='bbox 359 1091 405 1144; x_wconf 78' lang='lat' dir='ltr'><strong>cat</strong></span> <span class='ocrx_word' id='word_1_43' title='bbox 436 1079 560 1168; x_wconf 86' lang='lat' dir='ltr'><strong>(unitas</strong></span> <span class='ocrx_word' id='word_1_44' title='bbox 582 1083 827 1170; x_wconf 84' lang='lat' dir='ltr'><strong>sacerdotalis),</strong></span> <span class='ocrx_word' id='word_1_45' title='bbox 851 1087 940 1173; x_wconf 81' lang='lat' dir='ltr'><strong>cujus</strong></span> <span class='ocrx_word' id='word_1_46' title='bbox 971 1106 993 1145; x_wconf 88' lang='lat' dir='ltr'><strong>u</strong></span> <span class='ocrx_word' id='word_1_47' title='bbox 1015 1081 1148 1168; x_wconf 72' lang='lat' dir='ltr'><strong>sioqrdis</strong></span> <span class='ocrx_word' id='word_1_48' title='bbox 1170 1080 1371 1146; x_wconf 70' lang='lat' dir='ltr'><strong>insolidum</strong></span> 
     </span>
     <span class='ocr_line' id='line_1_8' title="bbox 242 1178 1369 1266; baseline -0.001 -25"><span class='ocrx_word' id='word_1_49' title='bbox 242 1200 325 1263; x_wconf 82' lang='lat' dir='ltr'><strong>pars</strong></span> <span class='ocrx_word' id='word_1_50' title='bbox 348 1189 469 1242; x_wconf 71' lang='lat' dir='ltr'><strong>amur</strong></span> <span class='ocrx_word' id='word_1_51' title='bbox 490 1178 533 1266; x_wconf 89' lang='lat' dir='ltr'><strong>(o.</strong></span> <span class='ocrx_word' id='word_1_52' title='bbox 556 1181 603 1266; x_wconf 79' lang='grc' dir='ltr'><strong>ὃ).</strong></span> <span class='ocrx_word' id='word_1_53' title='bbox 626 1181 684 1247; x_wconf 87' lang='lat' dir='ltr'><strong>Sic</strong></span> <span class='ocrx_word' id='word_1_54' title='bbox 712 1203 809 1248; x_wconf 86' lang='lat' dir='ltr'><strong>omne</strong></span> <span class='ocrx_word' id='word_1_55' title='bbox 832 1181 976 1246; x_wconf 87' lang='lat' dir='ltr'><strong>schisma</strong></span> <span class='ocrx_word' id='word_1_56' title='bbox 989 1181 1090 1244; x_wconf 84' lang='lat' dir='ltr'><strong>etiam</strong></span> <span class='ocrx_word' id='word_1_57' title='bbox 1113 1181 1149 1244; x_wconf 89' lang='lat' dir='ltr'><strong>in</strong></span> <span class='ocrx_word' id='word_1_58' title='bbox 1170 1178 1369 1264; x_wconf 72' lang='lat' dir='ltr'><strong>particulari</strong></span> 
     </span>
     <span class='ocr_line' id='line_1_9' title="bbox 248 1274 968 1346; baseline 0.007 -7"><span class='ocrx_word' id='word_1_59' title='bbox 248 1274 387 1340; x_wconf 86' lang='lat' dir='ltr'><strong>ecclesia</strong></span> <span class='ocrx_word' id='word_1_60' title='bbox 409 1276 532 1342; x_wconf 82' lang='lat' dir='ltr'><strong>scindit</strong></span> <span class='ocrx_word' id='word_1_61' title='bbox 554 1281 715 1344; x_wconf 83' lang='lat' dir='ltr'><strong>unitatem</strong></span> <span class='ocrx_word' id='word_1_62' title='bbox 738 1278 968 1346; x_wconf 82' lang='lat' dir='ltr'><strong>universalem.</strong></span> 
     </span>
    </p>

    <p class='ocr_par' dir='ltr' id='par_1_3' title="bbox 242 1373 1368 3312">
     <span class='ocr_line' id='line_1_10' title="bbox 335 1373 1368 1464; baseline 0 -28"><span class='ocrx_word' id='word_1_63' title='bbox 335 1375 390 1437; x_wconf 76' lang='lat'><strong>47.</strong></span> <span class='ocrx_word' id='word_1_64' title='bbox 413 1373 557 1438; x_wconf 82' lang='lat' dir='ltr'><strong>Textum</strong></span> <span class='ocrx_word' id='word_1_65' title='bbox 586 1379 800 1464; x_wconf 85' lang='lat' dir='ltr'><strong>praecipuum</strong></span> <span class='ocrx_word' id='word_1_66' title='bbox 824 1377 975 1462; x_wconf 83' lang='lat' dir='ltr'><strong>superius</strong></span> <span class='ocrx_word' id='word_1_67' title='bbox 1006 1373 1142 1440; x_wconf 82' lang='lat' dir='ltr'><strong>allatum</strong></span> <span class='ocrx_word' id='word_1_68' title='bbox 1166 1373 1244 1438; x_wconf 88' lang='lat' dir='ltr'><strong>dein</strong></span> <span class='ocrx_word' id='word_1_69' title='bbox 1270 1373 1368 1438; x_wconf 86' lang='lat' dir='ltr'><strong>Reiu-</strong></span> 
     </span>
     <span class='ocr_line' id='line_1_11' title="bbox 248 1468 1368 1560; baseline 0.001 -27"><span class='ocrx_word' id='word_1_70' title='bbox 248 1471 331 1534; x_wconf 86' lang='lat' dir='ltr'><strong>kens</strong></span> <span class='ocrx_word' id='word_1_71' title='bbox 353 1472 436 1534; x_wconf 88' lang='lat' dir='ltr'><strong>miro</strong></span> <span class='ocrx_word' id='word_1_72' title='bbox 459 1472 557 1538; x_wconf 90' lang='lat' dir='ltr'><strong>modo</strong></span> <span class='ocrx_word' id='word_1_73' title='bbox 578 1484 772 1560; x_wconf 81' lang='lat' dir='ltr'><strong>contorquet</strong></span> <span class='ocrx_word' id='word_1_74' title='bbox 794 1485 827 1540; x_wconf 88' lang='lat' dir='ltr'><strong>et</strong></span> <span class='ocrx_word' id='word_1_75' title='bbox 848 1473 1003 1560; x_wconf 79' lang='lat' dir='ltr'><strong>explicat.</strong></span> <span class='ocrx_word' id='word_1_76' title='bbox 1047 1468 1220 1558; x_wconf 54' lang='grc' dir='ltr'><strong>θηήσαο,</strong></span> <span class='ocrx_word' id='word_1_77' title='bbox 1245 1473 1368 1557; x_wconf 88' lang='lat' dir='ltr'><strong>iuquit,</strong></span> 
     </span>
     <span class='ocr_line' id='line_1_12' title="bbox 249 1570 1367 1655; baseline 0 -21"><span class='ocrx_word' id='word_1_78' title='bbox 249 1570 360 1634; x_wconf 76' lang='lat' dir='ltr'><strong>Petrus</strong></span> <span class='ocrx_word' id='word_1_79' title='bbox 372 1592 436 1634; x_wconf 81' lang='lat' dir='ltr'><strong>eon</strong></span> <span class='ocrx_word' id='word_1_80' title='bbox 450 1581 496 1636; x_wconf 76' lang='lat' dir='ltr'><strong>cst</strong></span> <span class='ocrx_word' id='word_1_81' title='bbox 509 1572 643 1636; x_wconf 70' lang='lat' dir='ltr'><strong>ueritatis</strong></span> <span class='ocrx_word' id='word_1_82' title='bbox 656 1585 804 1652; x_wconf 71' lang='lat' dir='ltr'><strong>meum,</strong></span> <span class='ocrx_word' id='word_1_83' title='bbox 819 1597 857 1636; x_wconf 89' lang='lat' dir='ltr'><strong>ac</strong></span> <span class='ocrx_word' id='word_1_84' title='bbox 868 1571 967 1636; x_wconf 78' lang='lat' dir='ltr'><strong>multo</strong></span> <span class='ocrx_word' id='word_1_85' title='bbox 980 1572 1084 1636; x_wconf 65' lang='lat' dir='ltr'><strong>edam</strong></span> <span class='ocrx_word' id='word_1_86' title='bbox 1097 1571 1234 1634; x_wconf 80' lang='lat' dir='ltr'><strong>oat‘tutr&#39;e</strong></span> <span class='ocrx_word' id='word_1_87' title='bbox 1243 1571 1367 1655; x_wconf 64' lang='lat' dir='ltr'><strong>prioci-</strong></span> 
     </span>
     <span class='ocr_line' id='line_1_13' title="bbox 242 1667 1367 1754; baseline 0.002 -24"><span class='ocrx_word' id='word_1_88' title='bbox 242 1668 344 1753; x_wconf 84' lang='lat' dir='ltr'><strong>pium,</strong></span> <span class='ocrx_word' id='word_1_89' title='bbox 355 1667 410 1731; x_wconf 82' lang='lat' dir='ltr'><strong>aed</strong></span> <span class='ocrx_word' id='word_1_90' title='bbox 419 1667 593 1754; x_wconf 65' lang='lat' dir='ltr'><strong>&#39;efflabolom</strong></span> <span class='ocrx_word' id='word_1_91' title='bbox 604 1669 695 1734; x_wconf 78' lang='lat' dir='ltr'><strong>illius</strong></span> <span class='ocrx_word' id='word_1_92' title='bbox 707 1668 826 1735; x_wconf 59' lang='lat' dir='ltr'><strong>Clrsets‘</strong></span> <span class='ocrx_word' id='word_1_93' title='bbox 839 1670 1012 1747; x_wconf 62' lang='lat' dir='ltr'><strong>docte-im</strong></span> <span class='ocrx_word' id='word_1_94' title='bbox 1022 1667 1367 1753; x_wconf 71' lang='lat' dir='ltr'><strong>eoelesiompoetieulu·</strong></span> 
     </span>
     <span class='ocr_line' id='line_1_14' title="bbox 246 1763 1368 1854; baseline 0.002 -26"><span class='ocrx_word' id='word_1_95' title='bbox 246 1788 312 1828; x_wconf 82' lang='lat' dir='ltr'><strong>rem</strong></span> <span class='ocrx_word' id='word_1_96' title='bbox 321 1787 386 1830; x_wconf 79' lang='lat' dir='ltr'><strong>esec</strong></span> <span class='ocrx_word' id='word_1_97' title='bbox 395 1769 587 1846; x_wconf 73' lang='lat' dir='ltr'><strong>mamistae,</strong></span> <span class='ocrx_word' id='word_1_98' title='bbox 601 1779 693 1854; x_wconf 69' lang='lat' dir='ltr'><strong>ueprae</strong></span> <span class='ocrx_word' id='word_1_99' title='bbox 706 1769 785 1832; x_wconf 76' lang='lat' dir='ltr'><strong>turso</strong></span> <span class='ocrx_word' id='word_1_100' title='bbox 793 1770 946 1832; x_wconf 77' lang='lat' dir='ltr'><strong>unitatem</strong></span> <span class='ocrx_word' id='word_1_101' title='bbox 955 1763 1226 1852; x_wconf 79' lang='lat' dir='ltr'><strong>mum&#39;sestuadum</strong></span> <span class='ocrx_word' id='word_1_102' title='bbox 1235 1788 1304 1830; x_wconf 80' lang='lat' dir='ltr'><strong>esee</strong></span> <span class='ocrx_word' id='word_1_103' title='bbox 1309 1789 1368 1850; x_wconf 80' lang='lat' dir='ltr'><strong>per</strong></span> 
     </span>
     <span class='ocr_line' id='line_1_15' title="bbox 247 1863 1367 1952; baseline -0.004 -24"><span class='ocrx_word' id='word_1_104' title='bbox 247 1887 343 1928; x_wconf 78' lang='lat' dir='ltr'><strong>uuum</strong></span> <span class='ocrx_word' id='word_1_105' title='bbox 357 1865 534 1950; x_wconf 76' lang='lat' dir='ltr'><strong>episcopum</strong></span> <span class='ocrx_word' id='word_1_106' title='bbox 548 1865 682 1952; x_wconf 71' lang='lat' dir='ltr'><strong>lepitime</strong></span> <span class='ocrx_word' id='word_1_107' title='bbox 697 1863 865 1952; x_wconf 73' lang='lat' dir='ltr'><strong>electuro&#39;).</strong></span> <span class='ocrx_word' id='word_1_108' title='bbox 900 1863 1088 1950; x_wconf 74' lang='lat' dir='ltr'><strong>Cyprianus</strong></span> <span class='ocrx_word' id='word_1_109' title='bbox 1101 1863 1203 1946; x_wconf 82' lang='lat' dir='ltr'><strong>igitur</strong></span> <span class='ocrx_word' id='word_1_110' title='bbox 1218 1883 1259 1928; x_wconf 90' lang='lat' dir='ltr'><strong>eo</strong></span> <span class='ocrx_word' id='word_1_111' title='bbox 1274 1871 1367 1926; x_wconf 81' lang='lat' dir='ltr'><strong>textu</strong></span> 
     </span>
     <span class='ocr_line' id='line_1_16' title="bbox 248 1958 1366 2047; baseline 0 -23"><span class='ocrx_word' id='word_1_112' title='bbox 248 1969 377 2025; x_wconf 86' lang='lat' dir='ltr'><strong>tantum</strong></span> <span class='ocrx_word' id='word_1_113' title='bbox 387 1962 514 2047; x_wconf 87' lang='lat' dir='ltr'><strong>probat,</strong></span> <span class='ocrx_word' id='word_1_114' title='bbox 526 1961 695 2028; x_wconf 82' lang='lat' dir='ltr'><strong>Christum</strong></span> <span class='ocrx_word' id='word_1_115' title='bbox 708 1964 869 2044; x_wconf 76' lang='lat' dir='ltr'><strong>docuisse,</strong></span> <span class='ocrx_word' id='word_1_116' title='bbox 881 1964 1043 2027; x_wconf 83' lang='lat' dir='ltr'><strong>unitatem</strong></span> <span class='ocrx_word' id='word_1_117' title='bbox 1053 1958 1213 2024; x_wconf 88' lang='lat' dir='ltr'><strong>ecclesiae</strong></span> <span class='ocrx_word' id='word_1_118' title='bbox 1223 1961 1366 2044; x_wconf 87' lang='lat' dir='ltr'><strong>particu-</strong></span> 
     </span>
     <span class='ocr_line' id='line_1_17' title="bbox 247 2055 1366 2146; baseline -0.002 -24"><span class='ocrx_word' id='word_1_119' title='bbox 247 2058 326 2122; x_wconf 90' lang='lat' dir='ltr'><strong>laris</strong></span> <span class='ocrx_word' id='word_1_120' title='bbox 337 2080 408 2123; x_wconf 87' lang='lat' dir='ltr'><strong>osse</strong></span> <span class='ocrx_word' id='word_1_121' title='bbox 422 2060 640 2144; x_wconf 88' lang='lat' dir='ltr'><strong>essentialem,</strong></span> <span class='ocrx_word' id='word_1_122' title='bbox 655 2061 874 2146; x_wconf 88' lang='lat' dir='ltr'><strong>eumdemque</strong></span> <span class='ocrx_word' id='word_1_123' title='bbox 884 2059 972 2124; x_wconf 84' lang='lat' dir='ltr'><strong>hanc</strong></span> <span class='ocrx_word' id='word_1_124' title='bbox 989 2058 1174 2124; x_wconf 88' lang='lat' dir='ltr'><strong>doctrinam</strong></span> <span class='ocrx_word' id='word_1_125' title='bbox 1184 2055 1366 2122; x_wconf 68' lang='lat' dir='ltr'><strong>illustrasse</strong></span> 
     </span>
     <span class='ocr_line' id='line_1_18' title="bbox 248 2154 1365 2241; baseline -0.004 -21"><span class='ocrx_word' id='word_1_126' title='bbox 248 2177 307 2241; x_wconf 88' lang='lat' dir='ltr'><strong>per</strong></span> <span class='ocrx_word' id='word_1_127' title='bbox 322 2156 425 2221; x_wconf 85' lang='lat' dir='ltr'><strong>verba</strong></span> <span class='ocrx_word' id='word_1_128' title='bbox 438 2158 482 2222; x_wconf 88' lang='lat' dir='ltr'><strong>ad</strong></span> <span class='ocrx_word' id='word_1_129' title='bbox 496 2158 631 2224; x_wconf 86' lang='lat' dir='ltr'><strong>Petrum</strong></span> <span class='ocrx_word' id='word_1_130' title='bbox 645 2159 781 2224; x_wconf 77' lang='lat' dir='ltr'><strong>directa.</strong></span> <span class='ocrx_word' id='word_1_131' title='bbox 792 2193 835 2206; x_wconf 86' lang='lat'>-</span> <span class='ocrx_word' id='word_1_132' title='bbox 846 2157 939 2222; x_wconf 87' lang='lat' dir='ltr'><strong>Haeo</strong></span> <span class='ocrx_word' id='word_1_133' title='bbox 954 2179 1071 2222; x_wconf 85' lang='lat' dir='ltr'><strong>seusus</strong></span> <span class='ocrx_word' id='word_1_134' title='bbox 1086 2155 1253 2220; x_wconf 88' lang='lat' dir='ltr'><strong>contorsio</strong></span> <span class='ocrx_word' id='word_1_135' title='bbox 1270 2154 1365 2240; x_wconf 89' lang='lat' dir='ltr'><strong>plane</strong></span> 
     </span>
     <span class='ocr_line' id='line_1_19' title="bbox 248 2250 1366 2340; baseline -0.004 -22"><span class='ocrx_word' id='word_1_136' title='bbox 248 2264 411 2339; x_wconf 79' lang='lat' dir='ltr'><strong>repugnat</strong></span> <span class='ocrx_word' id='word_1_137' title='bbox 433 2256 512 2340; x_wconf 90' lang='lat' dir='ltr'><strong>ipsis</strong></span> <span class='ocrx_word' id='word_1_138' title='bbox 535 2256 646 2320; x_wconf 85' lang='lat' dir='ltr'><strong>verbis</strong></span> <span class='ocrx_word' id='word_1_139' title='bbox 668 2265 789 2321; x_wconf 81' lang='lat' dir='ltr'><strong>textus.</strong></span> <span class='ocrx_word' id='word_1_140' title='bbox 834 2255 868 2322; x_wconf 86' lang='lat' dir='ltr'><strong>S.</strong></span> <span class='ocrx_word' id='word_1_141' title='bbox 889 2252 1076 2340; x_wconf 83' lang='lat' dir='ltr'><strong>Cyprianus</strong></span> <span class='ocrx_word' id='word_1_142' title='bbox 1100 2250 1227 2317; x_wconf 87' lang='lat' dir='ltr'><strong>ibidem</strong></span> <span class='ocrx_word' id='word_1_143' title='bbox 1251 2251 1366 2316; x_wconf 76' lang='lat' dir='ltr'><strong>adver</strong></span> 
     </span>
     <span class='ocr_line' id='line_1_20' title="bbox 247 2349 1363 2436; baseline 0 -22"><span class='ocrx_word' id='word_1_144' title='bbox 247 2353 297 2432; x_wconf 88' lang='lat' dir='ltr'><strong>tit,</strong></span> <span class='ocrx_word' id='word_1_145' title='bbox 330 2373 444 2416; x_wconf 88' lang='lat' dir='ltr'><strong>omues</strong></span> <span class='ocrx_word' id='word_1_146' title='bbox 474 2353 621 2436; x_wconf 82' lang='lat' dir='ltr'><strong>fallacias</strong></span> <span class='ocrx_word' id='word_1_147' title='bbox 652 2355 864 2418; x_wconf 86' lang='lat' dir='ltr'><strong>sectariorum</strong></span> <span class='ocrx_word' id='word_1_148' title='bbox 886 2351 984 2418; x_wconf 81' lang='lat' dir='ltr'><strong>facile</strong></span> <span class='ocrx_word' id='word_1_149' title='bbox 1016 2361 1050 2416; x_wconf 90' lang='lat' dir='ltr'><strong>et</strong></span> <span class='ocrx_word' id='word_1_150' title='bbox 1079 2350 1195 2436; x_wconf 88' lang='lat' dir='ltr'><strong>paucis</strong></span> <span class='ocrx_word' id='word_1_151' title='bbox 1229 2349 1363 2430; x_wconf 72' lang='lat' dir='ltr'><strong>desum,</strong></span> 
     </span>
     <span class='ocr_line' id='line_1_21' title="bbox 247 2446 1363 2537; baseline -0.001 -24"><span class='ocrx_word' id='word_1_152' title='bbox 247 2451 275 2514; x_wconf 89' lang='lat' dir='ltr'><strong>si</strong></span> <span class='ocrx_word' id='word_1_153' title='bbox 298 2450 487 2515; x_wconf 85' lang='lat' dir='ltr'><strong>attendatur</strong></span> <span class='ocrx_word' id='word_1_154' title='bbox 508 2451 553 2516; x_wconf 91' lang='lat' dir='ltr'><strong>ad</strong></span> <span class='ocrx_word' id='word_1_155' title='bbox 575 2451 610 2515; x_wconf 93' lang='lat' dir='ltr'><strong>id</strong></span> <span class='ocrx_word' id='word_1_156' title='bbox 633 2451 723 2537; x_wconf 90' lang='lat' dir='ltr'><strong>quod</strong></span> <span class='ocrx_word' id='word_1_157' title='bbox 737 2449 888 2516; x_wconf 85' lang='lat' dir='ltr'><strong>Christus</strong></span> <span class='ocrx_word' id='word_1_158' title='bbox 909 2450 1025 2514; x_wconf 89' lang='lat' dir='ltr'><strong>fecerit</strong></span> <span class='ocrx_word' id='word_1_159' title='bbox 1047 2457 1080 2512; x_wconf 92' lang='lat' dir='ltr'><strong>et</strong></span> <span class='ocrx_word' id='word_1_160' title='bbox 1102 2446 1266 2514; x_wconf 77' lang='lat' dir='ltr'><strong>docuerit</strong></span> <span class='ocrx_word' id='word_1_161' title='bbox 1290 2447 1363 2514; x_wconf 86' lang='lat' dir='ltr'><strong>Jam</strong></span> 
     </span>
     <span class='ocr_line' id='line_1_22' title="bbox 248 2543 1364 2632; baseline 0.001 -23"><span class='ocrx_word' id='word_1_162' title='bbox 248 2569 325 2610; x_wconf 88' lang='lat' dir='ltr'><strong>vero</strong></span> <span class='ocrx_word' id='word_1_163' title='bbox 350 2545 501 2612; x_wconf 87' lang='lat' dir='ltr'><strong>Christus</strong></span> <span class='ocrx_word' id='word_1_164' title='bbox 520 2548 655 2614; x_wconf 89' lang='lat' dir='ltr'><strong>Petrum</strong></span> <span class='ocrx_word' id='word_1_165' title='bbox 679 2550 848 2614; x_wconf 86' lang='lat' dir='ltr'><strong>constituit</strong></span> <span class='ocrx_word' id='word_1_166' title='bbox 869 2559 905 2612; x_wconf 79' lang='lat' dir='ltr'><strong>ut</strong></span> <span class='ocrx_word' id='word_1_167' title='bbox 919 2546 1166 2632; x_wconf 75' lang='lat' dir='ltr'><strong>fimdumcatum</strong></span> <span class='ocrx_word' id='word_1_168' title='bbox 1188 2543 1364 2622; x_wconf 48' lang='grc' dir='ltr'><strong>ΜΨ</strong></span> 
     </span>
     <span class='ocr_line' id='line_1_23' title="bbox 247 2639 1365 2730; baseline -0.004 -23"><span class='ocrx_word' id='word_1_169' title='bbox 247 2654 280 2708; x_wconf 90' lang='lat' dir='ltr'><strong>et</strong></span> <span class='ocrx_word' id='word_1_170' title='bbox 311 2653 348 2708; x_wconf 89' lang='lat' dir='ltr'><strong>ut</strong></span> <span class='ocrx_word' id='word_1_171' title='bbox 379 2645 539 2709; x_wconf 85' lang='lat' dir='ltr'><strong>unitatem</strong></span> <span class='ocrx_word' id='word_1_172' title='bbox 562 2646 797 2728; x_wconf 80' lang='lat' dir='ltr'><strong>manifestaret,</strong></span> <span class='ocrx_word' id='word_1_173' title='bbox 821 2655 858 2710; x_wconf 90' lang='lat' dir='ltr'><strong>ut</strong></span> <span class='ocrx_word' id='word_1_174' title='bbox 879 2652 1097 2730; x_wconf 73' lang='lat' dir='ltr'><strong>exequeretur</strong></span> <span class='ocrx_word' id='word_1_175' title='bbox 1119 2651 1153 2706; x_wconf 90' lang='lat' dir='ltr'><strong>et</strong></span> <span class='ocrx_word' id='word_1_176' title='bbox 1178 2639 1365 2708; x_wconf 78' lang='lat' dir='ltr'><strong>ostenderet</strong></span> 
     </span>
     <span class='ocr_line' id='line_1_24' title="bbox 248 2737 1365 2824; baseline -0.004 -18"><span class='ocrx_word' id='word_1_177' title='bbox 248 2741 416 2808; x_wconf 87' lang='lat' dir='ltr'><strong>decretum</strong></span> <span class='ocrx_word' id='word_1_178' title='bbox 439 2765 535 2808; x_wconf 85' lang='lat' dir='ltr'><strong>suum</strong></span> <span class='ocrx_word' id='word_1_179' title='bbox 559 2743 600 2808; x_wconf 91' lang='lat' dir='ltr'><strong>de</strong></span> <span class='ocrx_word' id='word_1_180' title='bbox 623 2745 750 2810; x_wconf 78' lang='lat' dir='ltr'><strong>unitate</strong></span> <span class='ocrx_word' id='word_1_181' title='bbox 769 2742 948 2822; x_wconf 80' lang='lat' dir='ltr'><strong>Ecclesiae,</strong></span> <span class='ocrx_word' id='word_1_182' title='bbox 973 2741 1109 2806; x_wconf 82' lang='lat' dir='ltr'><strong>unitatis</strong></span> <span class='ocrx_word' id='word_1_183' title='bbox 1131 2737 1286 2824; x_wconf 84' lang='lat' dir='ltr'><strong>ejusdem</strong></span> <span class='ocrx_word' id='word_1_184' title='bbox 1309 2739 1365 2802; x_wconf 90' lang='lat' dir='ltr'><strong>ori·</strong></span> 
     </span>
     <span class='ocr_line' id='line_1_25' title="bbox 246 2837 1366 2928; baseline -0.006 -24"><span class='ocrx_word' id='word_1_185' title='bbox 246 2841 358 2924; x_wconf 83' lang='lat' dir='ltr'><strong>ginem</strong></span> <span class='ocrx_word' id='word_1_186' title='bbox 381 2841 425 2906; x_wconf 91' lang='lat' dir='ltr'><strong>ab</strong></span> <span class='ocrx_word' id='word_1_187' title='bbox 448 2863 514 2906; x_wconf 92' lang='lat' dir='ltr'><strong>uuo</strong></span> <span class='ocrx_word' id='word_1_188' title='bbox 538 2843 753 2928; x_wconf 89' lang='lat' dir='ltr'><strong>incipientem</strong></span> <span class='ocrx_word' id='word_1_189' title='bbox 775 2863 835 2906; x_wconf 86' lang='lat' dir='ltr'><strong>sua</strong></span> <span class='ocrx_word' id='word_1_190' title='bbox 858 2839 1052 2905; x_wconf 83' lang='lat' dir='ltr'><strong>auctoritate</strong></span> <span class='ocrx_word' id='word_1_191' title='bbox 1075 2837 1250 2923; x_wconf 84' lang='lat' dir='ltr'><strong>disposuit.</strong></span> <span class='ocrx_word' id='word_1_192' title='bbox 1274 2837 1366 2902; x_wconf 87' lang='lat' dir='ltr'><strong>Patet</strong></span> 
     </span>
     <span class='ocr_line' id='line_1_26' title="bbox 246 2933 1365 3024; baseline -0.002 -24"><span class='ocrx_word' id='word_1_193' title='bbox 246 2937 452 3023; x_wconf 77' lang='lat' dir='ltr'><strong>utueifeetore</strong></span> <span class='ocrx_word' id='word_1_194' title='bbox 484 2940 645 3003; x_wconf 79' lang='lat' dir='ltr'><strong>unitatem</strong></span> <span class='ocrx_word' id='word_1_195' title='bbox 667 2939 723 3003; x_wconf 85' lang='lat' dir='ltr'><strong>hie</strong></span> <span class='ocrx_word' id='word_1_196' title='bbox 755 2937 957 3024; x_wconf 76' lang='lat' dir='ltr'><strong>significare,</strong></span> <span class='ocrx_word' id='word_1_197' title='bbox 982 2933 1150 3000; x_wconf 77' lang='lat' dir='ltr'><strong>Christum</strong></span> <span class='ocrx_word' id='word_1_198' title='bbox 1173 2933 1365 3010; x_wconf 75' lang='lat' dir='ltr'><strong>ostendisse,</strong></span> 
     </span>
     <span class='ocr_line' id='line_1_27' title="bbox 247 3031 1364 3121; baseline 0.003 -23"><span class='ocrx_word' id='word_1_199' title='bbox 247 3057 279 3098; x_wconf 82' lang='lat' dir='ltr'><strong>oe</strong></span> <span class='ocrx_word' id='word_1_200' title='bbox 300 3033 379 3098; x_wconf 81' lang='lat' dir='ltr'><strong>velle</strong></span> <span class='ocrx_word' id='word_1_201' title='bbox 401 3037 555 3100; x_wconf 63' lang='lat' dir='ltr'><strong>emtotem</strong></span> <span class='ocrx_word' id='word_1_202' title='bbox 585 3036 755 3116; x_wconf 64' lang='lat' dir='ltr'><strong>Meam,</strong></span> <span class='ocrx_word' id='word_1_203' title='bbox 782 3058 844 3121; x_wconf 85' lang='lat' dir='ltr'><strong>per</strong></span> <span class='ocrx_word' id='word_1_204' title='bbox 874 3035 978 3121; x_wconf 75' lang='lat' dir='ltr'><strong>ipsum</strong></span> <span class='ocrx_word' id='word_1_205' title='bbox 1008 3032 1239 3096; x_wconf 73' lang='lat' dir='ltr'><strong>iustitutionem</strong></span> <span class='ocrx_word' id='word_1_206' title='bbox 1262 3031 1364 3101; x_wconf 75' lang='lat' dir='ltr'><strong>urtice</strong></span> 
     </span>
     <span class='ocr_line' id='line_1_28' title="bbox 247 3133 1364 3220; baseline -0.007 -24"><span class='ocrx_word' id='word_1_207' title='bbox 247 3133 302 3218; x_wconf 76' lang='lat' dir='ltr'><strong>qui</strong></span> <span class='ocrx_word' id='word_1_208' title='bbox 324 3143 402 3196; x_wconf 81' lang='lat' dir='ltr'><strong>esset</strong></span> <span class='ocrx_word' id='word_1_209' title='bbox 428 3135 563 3198; x_wconf 77' lang='lat' dir='ltr'><strong>unitatis</strong></span> <span class='ocrx_word' id='word_1_210' title='bbox 589 3135 786 3220; x_wconf 69' lang='lat' dir='ltr'><strong>principium</strong></span> <span class='ocrx_word' id='word_1_211' title='bbox 815 3143 845 3196; x_wconf 85' lang='lat' dir='ltr'><strong>et</strong></span> <span class='ocrx_word' id='word_1_212' title='bbox 868 3133 956 3218; x_wconf 79' lang='lat' dir='ltr'><strong>on&#39;po</strong></span> <span class='ocrx_word' id='word_1_213' title='bbox 986 3151 1045 3216; x_wconf 89' lang='lat' dir='ltr'><strong>per</strong></span> <span class='ocrx_word' id='word_1_214' title='bbox 1069 3147 1232 3196; x_wconf 87' lang='lat' dir='ltr'><strong>summam</strong></span> <span class='ocrx_word' id='word_1_215' title='bbox 1257 3135 1364 3192; x_wconf 87' lang='lat' dir='ltr'><strong>auoto-</strong></span> 
     </span>
     <span class='ocr_line' id='line_1_29' title="bbox 247 3221 1365 3312; baseline -0.006 -20"><span class='ocrx_word' id='word_1_216' title='bbox 247 3230 378 3295; x_wconf 86' lang='lat' dir='ltr'><strong>ritatem</strong></span> <span class='ocrx_word' id='word_1_217' title='bbox 402 3231 431 3294; x_wconf 89' lang='lat' dir='ltr'><strong>ei</strong></span> <span class='ocrx_word' id='word_1_218' title='bbox 456 3233 676 3296; x_wconf 81' lang='lat' dir='ltr'><strong>commissam.</strong></span> <span class='ocrx_word' id='word_1_219' title='bbox 722 3231 773 3294; x_wconf 85' lang='lat' dir='ltr'><strong>Ita</strong></span> <span class='ocrx_word' id='word_1_220' title='bbox 804 3229 904 3292; x_wconf 88' lang='lat' dir='ltr'><strong>etiam</strong></span> <span class='ocrx_word' id='word_1_221' title='bbox 935 3229 970 3291; x_wconf 90' lang='lat' dir='ltr'><strong>in</strong></span> <span class='ocrx_word' id='word_1_222' title='bbox 993 3228 1088 3312; x_wconf 88' lang='lat' dir='ltr'><strong>epist.</strong></span> <span class='ocrx_word' id='word_1_223' title='bbox 1112 3225 1153 3288; x_wconf 81' lang='lat'><strong>73</strong></span> <span class='ocrx_word' id='word_1_224' title='bbox 1177 3221 1365 3308; x_wconf 85' lang='lat' dir='ltr'><strong>Cyprianus</strong></span> 
     </span>
    </p>
   </div>
   <div class='ocr_carea' id='block_1_3' title="bbox 248 3319 1365 3708">
    <p class='ocr_par' dir='ltr' id='par_1_4' title="bbox 248 3319 1365 3708">
     <span class='ocr_line' id='line_1_30' title="bbox 249 3319 1364 3414; baseline -0.006 -24"><span class='ocrx_word' id='word_1_225' title='bbox 249 3326 330 3391; x_wconf 90' lang='lat' dir='ltr'><strong>dicit</strong></span> <span class='ocrx_word' id='word_1_226' title='bbox 353 3327 394 3392; x_wconf 88' lang='lat' dir='ltr'><strong>de</strong></span> <span class='ocrx_word' id='word_1_227' title='bbox 410 3329 522 3392; x_wconf 88' lang='lat' dir='ltr'><strong>Petro:</strong></span> <span class='ocrx_word' id='word_1_228' title='bbox 546 3351 641 3414; x_wconf 76' lang='lat' dir='ltr'><strong>cuper</strong></span> <span class='ocrx_word' id='word_1_229' title='bbox 658 3351 747 3414; x_wconf 76' lang='lat' dir='ltr'><strong>quem</strong></span> <span class='ocrx_word' id='word_1_230' title='bbox 762 3325 917 3390; x_wconf 77' lang='lat' dir='ltr'><strong>Dominus</strong></span> <span class='ocrx_word' id='word_1_231' title='bbox 938 3322 1117 3408; x_wconf 80' lang='lat' dir='ltr'><strong>aedificavit</strong></span> <span class='ocrx_word' id='word_1_232' title='bbox 1132 3319 1320 3399; x_wconf 69' lang='lat' dir='ltr'><strong>Ecclesiaste,</strong></span> <span class='ocrx_word' id='word_1_233' title='bbox 1339 3333 1364 3384; x_wconf 83' lang='lat' dir='ltr'><strong>et</strong></span> 
     </span>
     <span class='ocr_line' id='line_1_31' title="bbox 248 3417 1364 3512; baseline -0.01 -22"><span class='ocrx_word' id='word_1_234' title='bbox 248 3421 479 3490; x_wconf 73' lang='lat' dir='ltr'><strong>msde&#39;ueitacis</strong></span> <span class='ocrx_word' id='word_1_235' title='bbox 494 3428 644 3512; x_wconf 58' lang='lat' dir='ltr'><strong>ofipiuem</strong></span> <span class='ocrx_word' id='word_1_236' title='bbox 661 3426 835 3490; x_wconf 76' lang='lat' dir='ltr'><strong>instituit</strong></span> <span class='ocrx_word' id='word_1_237' title='bbox 853 3435 884 3487; x_wconf 85' lang='lat' dir='ltr'><strong>et</strong></span> <span class='ocrx_word' id='word_1_238' title='bbox 898 3421 1044 3488; x_wconf 75' lang='lat' dir='ltr'><strong>oetmdit.</strong></span> <span class='ocrx_word' id='word_1_239' title='bbox 1067 3420 1215 3484; x_wconf 81' lang='lat' dir='ltr'><strong>Eatenus</strong></span> <span class='ocrx_word' id='word_1_240' title='bbox 1229 3417 1364 3504; x_wconf 86' lang='lat' dir='ltr'><strong>quidem</strong></span> 
     </span>
     <span class='ocr_line' id='line_1_32' title="bbox 248 3513 1364 3610; baseline -0.01 -22"><span class='ocrx_word' id='word_1_241' title='bbox 248 3523 365 3588; x_wconf 86' lang='lat' dir='ltr'><strong>Petrus</strong></span> <span class='ocrx_word' id='word_1_242' title='bbox 382 3524 510 3610; x_wconf 70' lang='lat' dir='ltr'><strong>physice</strong></span> <span class='ocrx_word' id='word_1_243' title='bbox 533 3546 624 3604; x_wconf 82' lang='lat' dir='ltr'><strong>unae,</strong></span> <span class='ocrx_word' id='word_1_244' title='bbox 649 3531 755 3608; x_wconf 89' lang='lat' dir='ltr'><strong>potest</strong></span> <span class='ocrx_word' id='word_1_245' title='bbox 777 3520 893 3585; x_wconf 88' lang='lat' dir='ltr'><strong>haberi</strong></span> <span class='ocrx_word' id='word_1_246' title='bbox 917 3521 1017 3583; x_wconf 87' lang='lat' dir='ltr'><strong>etiam</strong></span> <span class='ocrx_word' id='word_1_247' title='bbox 1040 3527 1077 3582; x_wconf 87' lang='lat' dir='ltr'><strong>ut</strong></span> <span class='ocrx_word' id='word_1_248' title='bbox 1100 3513 1293 3602; x_wconf 88' lang='lat' dir='ltr'><strong>symbolum</strong></span> <span class='ocrx_word' id='word_1_249' title='bbox 1316 3513 1364 3578; x_wconf 81' lang='lat' dir='ltr'><strong>vel</strong></span> 
     </span>
     <span class='ocr_line' id='line_1_33' title="bbox 249 3615 1365 3708; baseline -0.008 -24"><span class='ocrx_word' id='word_1_250' title='bbox 249 3630 477 3708; x_wconf 84' lang='lat' dir='ltr'><strong>representans</strong></span> <span class='ocrx_word' id='word_1_251' title='bbox 500 3622 635 3684; x_wconf 77' lang='lat' dir='ltr'><strong>unitatis</strong></span> <span class='ocrx_word' id='word_1_252' title='bbox 650 3619 781 3684; x_wconf 82' lang='lat' dir='ltr'><strong>morulis</strong></span> <span class='ocrx_word' id='word_1_253' title='bbox 793 3619 893 3682; x_wconf 89' lang='lat' dir='ltr'><strong>totius</strong></span> <span class='ocrx_word' id='word_1_254' title='bbox 906 3615 1087 3698; x_wconf 80' lang='lat' dir='ltr'><strong>Ecclesiae,</strong></span> <span class='ocrx_word' id='word_1_255' title='bbox 1111 3621 1277 3701; x_wconf 85' lang='lat' dir='ltr'><strong>quatenus</strong></span> <span class='ocrx_word' id='word_1_256' title='bbox 1300 3615 1365 3698; x_wconf 80' lang='lat' dir='ltr'><strong>ipse</strong></span> 
     </span>
    </p>
   </div>
   <div class='ocr_carea' id='block_1_4' title="bbox 249 3894 1364 4292">
    <p class='ocr_par' dir='ltr' id='par_1_5' title="bbox 249 3894 1364 4292">
     <span class='ocr_line' id='line_1_34' title="bbox 326 3894 1363 3972; baseline -0.014 -13"><span class='ocrx_word' id='word_1_257' title='bbox 326 3905 346 3972; x_wconf 90' lang='lat'><strong>¹)</strong></span> <span class='ocrx_word' id='word_1_258' title='bbox 365 3901 446 3958; x_wconf 87' lang='lat' dir='ltr'><strong>Nicht</strong></span> <span class='ocrx_word' id='word_1_259' title='bbox 463 3903 512 3958; x_wconf 85' lang='lat' dir='ltr'><strong>dos</strong></span> <span class='ocrx_word' id='word_1_260' title='bbox 530 3903 667 3967; x_wconf 84' lang='lat' dir='ltr'><strong>Centrum,</strong></span> <span class='ocrx_word' id='word_1_261' title='bbox 685 3901 740 3956; x_wconf 88' lang='lat' dir='ltr'><strong>und</strong></span> <span class='ocrx_word' id='word_1_262' title='bbox 766 3899 834 3955; x_wconf 88' lang='lat' dir='ltr'><strong>noch</strong></span> <span class='ocrx_word' id='word_1_263' title='bbox 852 3898 973 3968; x_wconf 81' lang='lat' dir='ltr'><strong>wauiger</strong></span> <span class='ocrx_word' id='word_1_264' title='bbox 994 3899 1042 3952; x_wconf 85' lang='lat' dir='ltr'><strong>dae</strong></span> <span class='ocrx_word' id='word_1_265' title='bbox 1060 3895 1171 3964; x_wconf 85' lang='lat' dir='ltr'><strong>Princip</strong></span> <span class='ocrx_word' id='word_1_266' title='bbox 1189 3896 1236 3950; x_wconf 86' lang='lat' dir='ltr'><strong>der</strong></span> <span class='ocrx_word' id='word_1_267' title='bbox 1255 3894 1363 3952; x_wconf 84' lang='lat' dir='ltr'><strong>Einheit</strong></span> 
     </span>
     <span class='ocr_line' id='line_1_35' title="bbox 250 3973 1364 4052; baseline -0.009 -14"><span class='ocrx_word' id='word_1_268' title='bbox 250 3983 297 4038; x_wconf 89' lang='lat' dir='ltr'><strong>der</strong></span> <span class='ocrx_word' id='word_1_269' title='bbox 315 3997 421 4052; x_wconf 79' lang='lat' dir='ltr'><strong>genuen</strong></span> <span class='ocrx_word' id='word_1_270' title='bbox 438 3981 539 4038; x_wconf 86' lang='lat' dir='ltr'><strong>Kirche</strong></span> <span class='ocrx_word' id='word_1_271' title='bbox 557 3983 594 4037; x_wconf 86' lang='lat' dir='ltr'><strong>iet</strong></span> <span class='ocrx_word' id='word_1_272' title='bbox 611 3982 710 4036; x_wconf 89' lang='lat' dir='ltr'><strong>Petrus</strong></span> <span class='ocrx_word' id='word_1_273' title='bbox 729 3979 774 4034; x_wconf 80' lang='lat' dir='ltr'><strong>fur</strong></span> <span class='ocrx_word' id='word_1_274' title='bbox 792 3977 917 4048; x_wconf 84' lang='lat' dir='ltr'><strong>Cypriau,</strong></span> <span class='ocrx_word' id='word_1_275' title='bbox 935 3978 1052 4034; x_wconf 82' lang='lat' dir='ltr'><strong>sonderu</strong></span> <span class='ocrx_word' id='word_1_276' title='bbox 1068 3975 1117 4030; x_wconf 84' lang='lat' dir='ltr'><strong>das</strong></span> <span class='ocrx_word' id='word_1_277' title='bbox 1136 3974 1243 4044; x_wconf 86' lang='lat' dir='ltr'><strong>Symbol</strong></span> <span class='ocrx_word' id='word_1_278' title='bbox 1263 3973 1309 4030; x_wconf 76' lang='lat' dir='ltr'><strong>fur</strong></span> <span class='ocrx_word' id='word_1_279' title='bbox 1325 3973 1364 4028; x_wconf 82' lang='lat' dir='ltr'><strong>lie</strong></span> 
     </span>
     <span class='ocr_line' id='line_1_36' title="bbox 249 4055 1363 4128; baseline -0.008 -9"><span class='ocrx_word' id='word_1_280' title='bbox 249 4061 544 4128; x_wconf 71' lang='lat' dir='ltr'><strong>hehmchrirtidass</strong></span> <span class='ocrx_word' id='word_1_281' title='bbox 574 4059 825 4116; x_wconf 81' lang='lat' dir='ltr'><strong>disEinnelkirche</strong></span> <span class='ocrx_word' id='word_1_282' title='bbox 853 4057 882 4114; x_wconf 90' lang='lat' dir='ltr'><strong>iu</strong></span> <span class='ocrx_word' id='word_1_283' title='bbox 907 4058 964 4114; x_wconf 80' lang='lat' dir='ltr'><strong>sich</strong></span> <span class='ocrx_word' id='word_1_284' title='bbox 988 4055 1363 4122; x_wconf 74' lang='lat' dir='ltr'><strong>Eimseiuuddieaeffiu·</strong></span> 
     </span>
     <span class='ocr_line' id='line_1_37' title="bbox 250 4135 1362 4210; baseline -0.006 -14"><span class='ocrx_word' id='word_1_285' title='bbox 250 4142 308 4196; x_wconf 79' lang='lat' dir='ltr'><strong>lelt</strong></span> <span class='ocrx_word' id='word_1_286' title='bbox 334 4141 417 4196; x_wconf 83' lang='lat' dir='ltr'><strong>durch</strong></span> <span class='ocrx_word' id='word_1_287' title='bbox 445 4142 522 4198; x_wconf 87' lang='lat' dir='ltr'><strong>ihren</strong></span> <span class='ocrx_word' id='word_1_288' title='bbox 550 4141 639 4196; x_wconf 82' lang='lat' dir='ltr'><strong>Eiron</strong></span> <span class='ocrx_word' id='word_1_289' title='bbox 665 4140 773 4210; x_wconf 79' lang='lat' dir='ltr'><strong>legitim</strong></span> <span class='ocrx_word' id='word_1_290' title='bbox 793 4138 950 4208; x_wconf 72' lang='lat' dir='ltr'><strong>geuthlteu</strong></span> <span class='ocrx_word' id='word_1_291' title='bbox 972 4136 1084 4194; x_wconf 80' lang='lat' dir='ltr'><strong>Bisohos</strong></span> <span class='ocrx_word' id='word_1_292' title='bbox 1105 4151 1157 4190; x_wconf 78' lang='lat' dir='ltr'><strong>zur</strong></span> <span class='ocrx_word' id='word_1_293' title='bbox 1183 4135 1362 4202; x_wconf 62' lang='lat' dir='ltr'><strong>Ansmauuug</strong></span> 
     </span>
     <span class='ocr_line' id='line_1_38' title="bbox 250 4219 532 4292; baseline 0 -16"><span class='ocrx_word' id='word_1_294' title='bbox 250 4220 353 4292; x_wconf 69' lang='lat' dir='ltr'><strong>brings.</strong></span> <span class='ocrx_word' id='word_1_295' title='bbox 372 4219 404 4278; x_wconf 78' lang='lat' dir='ltr'><strong>L.</strong></span> <span class='ocrx_word' id='word_1_296' title='bbox 423 4238 445 4276; x_wconf 84' lang='lat' dir='ltr'><strong>e.</strong></span> <span class='ocrx_word' id='word_1_297' title='bbox 463 4222 489 4276; x_wconf 77' lang='lat'><strong>8.</strong></span> <span class='ocrx_word' id='word_1_298' title='bbox 508 4223 532 4276; x_wconf 86' lang='grc'><strong>9.</strong></span> 
     </span>
    </p>
   </div>
   <div class='ocr_carea' id='block_1_5' title="bbox 0 0 1442 4812">
    <p class='ocr_par' dir='ltr' id='par_1_6' title="bbox 0 0 1442 4812">
     <span class='ocr_line' id='line_1_39' title="bbox 0 0 1442 4812; baseline 0 0"><span class='ocrx_word' id='word_1_299' title='bbox 0 0 1442 4812; x_wconf 95' lang='lat' dir='ltr'><strong> </strong></span> 
     </span>
    </p>
   </div>
  </div>
 </body>
</html>
