2924 4818
259 477 312 533 tls
502 481 543 535 De
561 481 636 536 Rom,
657 479 735 536 Pont.
755 480 854 536 sacculi
873 477 952 549 primi
972 485 999 534 et
1017 477 1133 533 secundi.

260 621 389 686 illoram
420 633 529 688 tamen
561 627 799 689 institutionem
831 645 870 688 ac
889 624 966 709 jura
996 641 1067 685 csse
1097 622 1259 684 anteriora
1290 618 1367 683 Gon-

259 710 335 774 cilio
359 712 505 776 Nicacno
536 714 562 794 I,
593 715 682 799 quod
712 714 862 778 habitum
895 721 945 776 ost
975 733 1004 775 a.
1035 711 1111 791 325,
1143 710 1309 773 evincitur
1329 729 1367 770 ex

260 806 394 874 Canonc
419 810 467 873 Vl
490 811 577 874 illius
602 811 752 876 Concilii.
798 811 883 874 Nam
915 811 949 873 in
981 809 1044 872 hoc
1076 827 1202 870 canone
1219 805 1297 891 jura
1319 827 1367 889 pa·

259 905 435 971 triarchica
449 908 614 994 Episcopo
638 908 876 988 Alexandrino,
908 907 1004 970 sicuti
1033 906 1181 969 Romano
1205 914 1238 967 et
1260 903 1367 968 Antio·

259 1001 374 1084 cheno,
413 1005 650 1070 confirmantur
695 1007 863 1070 secandam
909 1005 1071 1088 cuiquam
1112 1001 1366 1066 comitatadinem

260 1100 370 1180 Quum
386 1101 484 1187 hujus
508 1106 663 1188 antiquae
687 1103 943 1182 consuetudinis,
968 1121 1067 1186 quam
1092 1102 1249 1163 invocant
1263 1099 1369 1161 Patres

259 1199 408 1275 Nicaeui,
433 1200 524 1280 origo
550 1223 712 1287 nusquam
728 1203 926 1278 inveniatur,
951 1197 1122 1282 dignitatis
1146 1193 1369 1282 patriarchalis

251 1297 497 1382 fimdornentam
528 1301 642 1362 merito
676 1301 835 1384 repetitur
864 1297 906 1361 ab
932 1295 1108 1380 Apostolis.
1139 1295 1262 1358 Notum
1287 1291 1369 1356 vida·

258 1393 335 1456 licet
349 1405 407 1469 est,
432 1398 584 1479 primitus
607 1407 673 1460 trcs
688 1398 788 1461 fuisse
803 1396 897 1459 sedas
921 1392 1166 1479 patriarchales,
1182 1392 1368 1462 Romanam,

259 1490 519 1556 Alexandrinam
545 1505 578 1556 et
602 1493 854 1558 Antiochenam.
901 1493 970 1556 Has
1002 1500 1067 1554 tres
1091 1489 1185 1553 sedes
1208 1489 1322 1552 Patres
1343 1497 1370 1548 et
1443 1541 1444 1556 ,

261 1599 386 1652 veteres
410 1591 584 1674 scriptores
608 1590 821 1654 ecclesiastici
847 1588 982 1675 speciali
1006 1586 1129 1650 honore
1154 1607 1284 1672 scmpcr
1306 1607 1369 1670 prc-

260 1688 363 1748 secuti
388 1697 473 1763 sunt,
499 1689 587 1772 quod
611 1711 631 1752 a
646 1689 678 1753 S.
696 1690 791 1751 Petro
816 1689 967 1773 principe
982 1683 1214 1770 Apostolorum
1239 1685 1370 1748 fuissent

259 1781 426 1848 fundatae.
453 1785 630 1870 Quumque
655 1787 736 1850 haec
761 1788 832 1870 ipsa
846 1787 929 1848 ratio
954 1785 996 1846 sit
1020 1784 1219 1868 principium
1245 1779 1371 1844 honoris

259 1903 298 1944 ac
317 1881 403 1966 juris
427 1884 655 1966 patriarchalis
680 1883 744 1946 illis
759 1883 894 1946 sedibus
918 1882 1051 1960 annexi,
1077 1882 1184 1964 prima
1207 1877 1371 1960 dignitatis

258 1981 498 2065 patriarchicae
528 1983 618 2060 origo
649 1981 691 2045 ed
723 1979 897 2066 Apostolos
927 1979 1076 2042 refertur.
1125 1977 1176 2040 Dc
1204 1975 1257 2038 his
1281 1973 1369 2059 patri·

259 2076 367 2140 archis
391 2079 539 2142 Romana
570 2079 725 2161 synodus
755 2101 784 2142 a.
809 2079 875 2140 494
899 2077 1012 2141 habita
1043 2075 1104 2138 sub
1136 2073 1169 2138 S.
1194 2073 1325 2136 Gelasio
1347 2069 1369 2142 Ι,

260 2197 290 2238 n.
317 2177 354 2237 11
382 2175 541 2240 declarat:
573 2179 630 2239 liat
653 2199 724 2262 erpo
743 2179 852 2262 prima
877 2175 963 2238 Petri
994 2173 1090 2251 aedes,
1117 2175 1265 2234 Romana
1288 2167 1370 2233 ecch·

259 2273 308 2334 sia
324 2321 330 2334 .
349 2319 379 2334 ..
406 2273 551 2336 Secriasda
575 2285 678 2338 (scetem
702 2275 789 2337 sedes
813 2273 900 2358 apsari
924 2271 1157 2335 Alexandriam
1180 2269 1276 2333 Beati
1293 2267 1372 2331 Part

259 2371 381 2434 nomiae
406 2395 427 2434 a
452 2373 560 2436 Marco
585 2377 653 2461 ejas
677 2371 832 2457 discipulo
848 2383 877 2433 et
901 2369 1095 2456 evaapelista
1118 2378 1301 2430 consecrato
1322 2374 1369 2428 cst

264 2467 372 2531 Tertia
396 2493 465 2532 ivero
490 2471 578 2533 sedes
601 2471 689 2555 opud
712 2470 911 2533 Antiochiam
938 2467 1075 2556 ejusdem
1098 2462 1192 2528 Beati
1215 2465 1305 2528 Petri
1324 2483 1370 2526 ao·

259 2566 494 2632 minitabatur
523 2568 727 2642 lirinorabilis,
759 2591 793 2630 co
824 2567 907 2651 qaod
937 2564 1004 2628 illic
1030 2565 1219 2648 priusquam
1247 2565 1370 2626 Romam

261 2664 392 2726 ricalcasi
414 2665 577 2744 habitavit,
602 2677 631 2728 et
654 2665 722 2728 illie
747 2667 886 2749 primam
913 2685 1023 2724 nioman
1051 2659 1304 2722 Christianos-ran
1325 2677 1370 2718 no·

260 2759 357 2822 ceilae
380 2765 482 2846 peritis
505 2775 647 2826 saaraim
671 2764 760 2846 cst.¹)

351 2859 399 2922 15.
425 2857 522 2924 Auno
556 2861 598 2923 64
632 2883 662 2946 p.
698 2859 734 2923 (i.
766 2860 940 2944 persecutio
976 2857 1115 2920 Neronis
1148 2867 1262 2919 contra
1288 2852 1370 2917 Ohri-

259 2957 381 3018 stianos
413 2968 527 3020 exorta
561 2970 609 3021 est
641 2961 812 3021 occasione
846 2955 991 3018 incendii
1018 2953 1127 3027 Urbis,
1162 2952 1250 3038 quod
1275 2951 1373 3014 fusius

260 3063 371 3116 narrat
403 3055 538 3118 Tacitus
571 3056 753 3120 Annalium
787 3055 825 3117 L.
859 3053 935 3117 XV.
961 3052 1074 3114 Mense
1107 3049 1197 3114 Julio
1222 3049 1372 3113 videlicet

260 3147 347 3212 illias
379 3153 457 3216 anni
491 3153 615 3236 ingenti
646 3153 801 3216 incendio
832 3173 874 3214 ex
905 3149 1154 3236 quatuordecim
1188 3145 1372 3232 regionibus

260 3246 350 3310 urbia
374 3248 487 3312 decem
513 3251 698 3314 destructae
722 3259 808 3313 sunt.
869 3249 1017 3334 Sequitur
1040 3246 1155 3324 clades,
1180 3245 1296 3309 scribit
1318 3243 1372 3306 Ts-

260 3345 353 3415 citus‚
371 3346 469 3430 forto.
496 3372 535 3410 ari
561 3349 634 3411 dolo
645 3350 812 3433 principia,
833 3349 1001 3409 incertam:
1025 3367 1100 3408 narn
1122 3355 1286 3428 romanique
1309 3363 1371 3404 msc·

260 3452 342 3504 tores
364 3445 555 3527 prodidere,
580 3447 635 3508 sed
659 3446 799 3508 omraibaa
829 3467 907 3528 quiec
931 3445 1001 3506 haic
1025 3443 1096 3504 arii
1115 3465 1176 3527 per
1197 3440 1372 3505 molestiam

259 3541 377 3625 ipsium
399 3544 581 3608 acciderant
594 3546 720 3629 praetor
745 3555 835 3628 atque
860 3544 1005 3604 atrocior.
1032 3589 1039 3602 .
1066 3589 1072 3602 .
1100 3587 1106 3602 .
1135 3541 1202 3602 Nec
1216 3541 1372 3624 quispiam

259 3637 426 3722 (lesendam
456 3639 607 3720 credebat,
636 3642 752 3704 areima
784 3640 951 3703 moritorum
973 3641 1067 3701 orinia
1095 3639 1285 3722 reilinquere
1308 3655 1371 3720 pro·

258 3734 436 3814 libentium,
462 3751 490 3801 et
514 3742 590 3824 qaia
614 3739 674 3802 alii
689 3738 902 3823 palamfaces
919 3737 1094 3825 jaciebant,
1115 3747 1206 3820 atqae
1230 3731 1373 3798 asscribi

259 3845 414 3898 auctorem
440 3837 705 3922 vociferabantur,
736 3839 799 3898 siae
822 3847 857 3898 at
888 3846 1000 3920 raptas
1024 3835 1169 3898 licentias
1192 3839 1370 3897 exarmat.

260 3953 313 3991 eeu
329 3935 424 4018 jussa
448 3935 489 4020 (c.
516 3933 726 4019 XXXVHl).
766 3935 812 3997 Eo
838 3935 873 3996 io
898 3944 1032 4018 tempore
1058 3933 1144 3995 Nero
1169 3932 1261 3996 Antii
1285 3949 1372 4016 apem

260 4047 322 4088 non
351 4043 423 4096 anta
448 4033 610 4096 inardere
635 4055 791 4116 repressas
815 4043 875 4108 eat,
890 4054 984 4115 paam
1008 4029 1115 4094 domai
1137 4033 1214 4117 ejus,
1238 4053 1300 4114 qca
1318 4048 1369 4112 po

335 4244 355 4311 ι)
374 4241 428 4296 cn.
449 4241 576 4296 anuas
595 4242 707 4296 nmen.
727 4247 747 4295 t.
766 4241 787 4294 1.
806 4241 876 4294 nis.
896 4239 996 4294 mv.
