2806 4848
455 487 585 544 Doctrina
602 487 735 558 Origenis.
1098 488 1149 544 165

57 634 226 716 commisse,
250 633 522 716 transgressiones
544 630 693 716 leviores,
710 631 763 698 vel
787 641 880 698 extre
903 654 1015 698 cesum
1039 653 1147 698 neccs-

57 733 145 796 sitstis
168 740 401 816 supponuntur
423 729 619 794 confessioni
638 731 821 816 jungenda.

128 829 184 894 36.
209 827 454 892 Confessioncm
486 848 564 892 vero
597 830 695 892 etism
733 829 776 892 ad
802 840 936 914 peccata
963 829 1090 894 interna
1121 837 1150 891 et
1178 847 1287 888 Centenio

56 927 161 990 motta
195 947 229 990 sc
261 923 436 990 extendere
461 924 588 1006 debere,
622 925 708 991 clerc
732 926 827 991 docet
850 925 1009 1010 Origenes
1032 925 1066 988 in
1089 924 1145 987 Le·
1168 909 1301 1010 ffiffl

57 1026 181 1088 nusum
195 1023 293 1090 Hom.
316 1024 350 1086 3·
372 1045 404 1088 11.
430 1030 449 1086 4
480 1022 639 1088 scn'bens:
673 1021 711 1088 Si
729 1025 914 1110 peccaverit,
938 1024 1040 1108 inquit
1063 1021 1148 1108 (Leo.

54 1123 112 1205 543)
135 1145 231 1186 unum
254 1121 377 1208 aliquid
408 1121 446 1184 de
478 1122 559 1200 istis,
586 1123 772 1207 pronuntiet
795 1133 958 1208 peccatum
980 1119 1062 1206 quod
1078 1144 1150 1206 pec-

55 1221 131 1284 moit.
179 1219 240 1284 Est
262 1217 391 1304 aliquod
405 1220 439 1282 in
453 1217 508 1282 too
530 1219 671 1282 mirabile
689 1229 845 1300 secretum,
870 1217 952 1304 quod
966 1219 1058 1308 jubet
1074 1239 1149 1304 pro·

55 1319 189 1380 mntiare
211 1327 380 1401 peccatum
425 1315 549 1380 Etenim
572 1318 656 1380 omni
676 1339 785 1403 qenes-e
803 1315 1045 1402 pronuntianda
1068 1326 1149 1392 ment,

55 1427 77 1476 et
95 1417 126 1478 in
143 1413 310 1501 publicum
326 1413 523 1499 proferenda
546 1425 655 1478 moneta
678 1437 757 1500 quae
778 1417 921 1500 perimus.
959 1411 997 1478 Si
1018 1412 1094 1498 quid
1116 1412 1152 1476 in

55 1512 157 1576 tstulto
180 1512 327 1598 perimus,
350 1512 379 1576 si
409 1511 485 1596 quid
506 1535 643 1576 sermione
676 1511 751 1590 solo,
775 1511 824 1576 vel
846 1513 941 1576 etiam
962 1512 1050 1574 intra
1072 1510 1150 1595 copi·

56 1611 197 1674 tatianum
229 1619 346 1674 nerem
378 1609 590 1688 commisimus,
624 1621 735 1674 cuncta
764 1633 884 1676 necesse
917 1620 963 1672 est
979 1606 1149 1696 publicari,

55 1717 149 1770 runata
178 1705 339 1791 proferri:
365 1705 509 1791 profani
540 1717 641 1772 autem
674 1707 712 1772 ab
744 1708 811 1786 ilio,
843 1709 898 1793 qui
928 1718 958 1773 et
989 1715 1152 1770 accusator

53 1805 160 1886 peccati
199 1814 246 1868 est
276 1814 306 1868 et
341 1805 482 1866 incentor
518 1803 705 1891 (diabolus).
762 1807 831 1892 Ipse
864 1807 944 1870 enim
976 1827 1057 1868 nunc
1094 1825 1151 1866 nos

56 1911 80 1964 u
102 1921 264 1986 peccemus
295 1901 436 1986 insipat,
467 1902 534 1986 ipse
558 1903 652 1966 enam
681 1927 748 1966 cum
765 1904 995 1990 peccaverimus
1017 1902 1148 1964 incusat

56 1995 82 2060 Si
100 2021 170 2084 erpo
195 1999 232 2060 in
253 1999 319 2062 rita
336 1999 578 2084 praeveniamus
597 2023 673 2081 eum,
698 2011 728 2064 et
749 2002 813 2086 ipsi
834 2001 936 2076 nostri
957 2008 1151 2064 accusatores

55 2097 143 2174 simus,
167 2096 343 2180 neptitiam
364 2094 487 2158 diaboli
507 2097 628 2162 inimici
649 2099 751 2162 nostri
782 2109 811 2162 et
833 2097 1023 2166 crematoris
1046 2091 1150 2180 effugi-

56 2217 115 2256 mus.
151 2192 211 2256 Sic
242 2193 324 2256 enim
356 2201 385 2256 et
417 2191 498 2256 atati
513 2195 669 2280 propheta
691 2195 787 2260 dicit:
827 2195 890 2258 Dic
914 2203 946 2258 tu
969 2193 1151 2276 iniquitates

53 2293 146 2373 prior,
168 2302 207 2354 ut
223 2289 414 2380 justificeris.
453 2329 495 2338 -—
529 2290 672 2356 Omnino
696 2301 794 2378 patet,
819 2291 995 2376 Origenem
1019 2291 1073 2354 hic
1097 2287 1150 2354 do·

57 2409 124 2468 cere,
147 2408 230 2452 vere
253 2389 473 2472 poenitentem
504 2411 569 2454 non
589 2389 780 2456 erubescere
804 2389 922 2456 debere
946 2390 1056 2454 omnis
1078 2409 1151 2474 pec·

57 2495 116 2547 ests
144 2507 207 2550 sua
236 2486 334 2548 etiem
366 2485 510 2568 occulte,
535 2509 600 2550 non
624 2487 729 2552 solum
751 2487 823 2554 Deo
847 2487 904 2552 sed
928 2488 1025 2552 etiem
1050 2507 1152 2550 secer·

57 2579 111 2644 doti
134 2582 294 2662 indicare,
319 2591 351 2646 et
374 2583 572 2648 medicinam
595 2583 637 2648 eb
662 2607 698 2648 eo
722 2607 887 2670 quaerere.

129 2681 185 2746 38.
212 2679 333 2744 Fusius
356 2679 465 2745 adbuc
496 2681 537 2746 de
568 2683 769 2768 poenitentis
799 2693 831 2745 ot
860 2683 1063 2748 confessione
1085 2681 1155 2764 egit
1176 2707 1264 2749 nunu
1283 2709 1305 2748 u

58 2774 205 2860 Origenes
233 2777 378 2844 Homilis
411 2779 444 2842 2·
475 2781 509 2844 in
532 2779 651 2845 Psslm.
676 2781 728 2862 37,
753 2780 809 2844 nbi
833 2790 903 2846 tum
926 2781 1152 2846 necessitatem
1193 2768 1285 2820 pnsum.

58 2875 270 2956 confessionis,
293 2883 363 2940 tum
379 2878 538 2942 rationem
556 2878 767 2944 confessionis
786 2880 935 2963 privatae
947 2887 979 2940 et
1000 2875 1153 2962 publicae

58 2975 188 3056 exponit.
213 2971 414 3038 Adversa:
440 2973 627 3056 „Quoniam
651 2975 859 3060 iniquitatem
882 2996 988 3040 mcsm
1012 2995 1152 3058 pronun-

58 3069 120 3150 tio·,
138 3071 433 3156 pronuntiationem
455 3073 644 3156 iniquitatis,
660 3073 782 3155 scribit,
806 3074 841 3138 id
863 3084 908 3136 est
930 3071 1155 3157 confessionem

55 3171 163 3247 pcccati
173 3167 535 3255 frequentissimum.
567 3169 644 3234 Vide
660 3195 740 3256 erpo,
764 3171 840 3257 quid
862 3170 966 3234 edocet
979 3191 1035 3232 nos
1048 3165 1149 3252 Scrip-

58 3272 132 3342 tura,
168 3267 246 3350 quia
274 3276 393 3352 oportet
420 3277 582 3351 peccatum
613 3291 676 3331 non
709 3268 810 3332 celare
839 3269 1032 3332 intrinsecus.
1079 3265 1154 3328 For·

59 3365 139 3426 teins
161 3365 244 3428 enim
277 3365 355 3428 sicut
385 3364 412 3428 ii
443 3365 497 3448 qui
522 3363 633 3428 satem
659 3367 744 3430 intem
775 3366 927 3432 inclusam
950 3385 1049 3430 escam
1071 3363 1153 3426 indi-

57 3471 170 3540 qestam,
195 3472 253 3526 aut
275 3461 410 3526 humoris
432 3460 481 3524 cel
497 3459 685 3548 piispmatis
708 3465 859 3527 stomacho
880 3463 1019 3548 praviter
1041 3473 1070 3524 st
1092 3483 1154 3524 mo·

59 3555 119 3620 teus
140 3560 342 3624 immanentis
365 3559 602 3640 momontum,
627 3561 656 3624 si
678 3563 865 3640 vomuerint,
889 3558 1082 3624 relevantur:
1105 3559 1153 3622 ita

58 3656 139 3718 etiam
160 3658 193 3722 tu'
207 3658 263 3742 aui
276 3667 492 3742 peccauerunt,
509 3658 674 3743 siquidem
690 3658 846 3722 occultant
864 3667 894 3722 et
908 3658 1043 3722 retinent
1065 3657 1153 3720 intra

58 3775 82 3814 se
100 3765 260 3838 peccatum
282 3753 477 3834 intrinsecus,
493 3767 642 3842 arqentor
662 3766 692 3818 et
714 3755 940 3842 propemodum
962 3752 1154 3839 suffocantur

59 3852 261 3938 aptleqmase
283 3851 333 3918 aei
354 3853 613 3938 humorapeccati.
646 3853 683 3918 Si
705 3863 808 3918 autem
830 3853 897 3938 epse
921 3853 970 3914 sui
993 3862 1155 3916 accusator

60 3947 112 4026 iet,
134 3950 208 4014 dum
241 3961 367 4014 nomem
398 3953 593 4036 semtiposrtm
626 3962 655 4014 et
677 3950 853 4032 confitetur,
878 3947 971 4012 mmai
993 3949 1103 4012 evomit
1126 3959 1155 4012 et

60 4043 192 4112 ἀιῑίοωπι
215 4059 307 4134 atque
330 4059 448 4112 omnem
478 4047 578 4114 morbi
608 4049 723 4136 digerit
744 4071 879 4112 causam.
931 4045 1154 4111 Tantummodo

60 4145 245 4232 arcumspice
275 4145 468 4230 ds‘iipentius,
491 4148 542 4212 cui
572 4147 685 4212 debeas
719 4145 857 4228 confiteri
873 4155 1037 4230 peccatum
1060 4155 1154 4209 tuum

62 4237 152 4308 Proba
167 4244 264 4331 psius
286 4243 511 4324 medicamini
532 4244 645 4312 debeas
660 4265 786 4308 causam
809 4241 970 4329 lanpsoris
992 4263 1155 4329 exponere,
