2874 4812
424 517 449 573 ἃ
467 503 612 587 Dionysius
629 519 835 576 Alexandrinus.
1131 520 1184 574 363

82 665 285 727 seirenes-am
300 683 364 726 esse
380 665 510 726 anitum.
539 662 677 751 Quippe:
696 667 795 752 „qu
809 667 922 751 inquit,
937 677 967 728 et
981 668 1076 730 Pater
1091 687 1186 729 enam

82 767 215 840 mnus&
239 771 267 824 et
287 761 377 847 „qu
400 762 435 824 in
450 762 545 826 Patre
569 774 599 827 et
612 763 709 826 Pater
730 765 766 827 in
778 785 825 826 me
840 767 917 829 eat“.
943 763 994 828 Ita
1008 763 1126 827 seilicet
1139 763 1185 826 di·

82 860 146 920 rino
173 858 316 922 Trinitas
338 869 368 922 et
391 869 502 922 senaa
532 861 730 924 monarchiae
754 861 957 946 praedicatio
980 863 1103 947 intepro
1125 884 1187 924 ser-

82 954 241 1042 cuhibffl).

161 1056 192 1120 7.
217 1055 397 1139 Dionysius
430 1053 679 1120 Alexandrinus
711 1055 789 1119 dein
821 1065 892 1120 tum
922 1056 966 1120 ad
989 1057 1189 1140 Dionysium
1212 1060 1261 1111 ΕΝ
1275 1058 1353 1128 ,ΛΜΨ

81 1153 266 1216 Pontificem
290 1151 464 1238 epistolam
488 1154 634 1239 scripsit,
659 1163 729 1217 tum
754 1163 895 1240 quatuor
916 1153 1018 1218 libros
1041 1153 1189 1240 apologe-

1258 1129 1301 1170 818.

81 1253 153 1313 ticos
185 1249 248 1314 sub
278 1249 376 1314 titulo
399 1249 560 1337 Apoiopia
591 1263 684 1337 etque
712 1253 868 1316 Elerwhua
900 1249 1094 1339 (convictio)
1124 1251 1189 1315 edi-

81 1349 131 1428 dit
155 1369 254 1432 seque
278 1347 321 1411 ab
345 1349 435 1412 omni
459 1351 577 1412 erroris
601 1351 788 1435 suspicione
811 1348 1001 1435 plenissime
1024 1351 1188 1436 purgavit.

82 1485 117 1492 —
138 1445 226 1508 Illud
248 1455 359 1510 autem
382 1445 540 1511 hocloco
570 1447 904 1511 animadvertendum
928 1456 991 1530 est,
1016 1447 1057 1511 de
1081 1457 1190 1512 mente

81 1555 108 1604 et
129 1543 279 1607 doctriua
293 1544 328 1610 S.
342 1545 497 1629 Dionysii
515 1545 734 1609 Alexandrini
758 1544 926 1630 theologos
949 1567 1016 1610 uon
1039 1546 1189 1611 eamdem

81 1641 156 1703 ferre
188 1643 395 1708 sententiam.
449 1641 582 1707 Etenim
615 1644 807 1729 pracsertim
838 1645 1012 1708 recentiori
1045 1652 1190 1730 tempore

82 1739 156 1801 rarii
179 1747 331 1802 auctores
357 1740 570 1824 judicarunt,
594 1749 665 1803 tum
689 1739 770 1804 alios
792 1741 907 1804 Patres
930 1743 1095 1827 antiquos,
1119 1751 1190 1805 tum

83 1835 273 1920 Dionysium
297 1835 562 1902 Alexandrinum
585 1859 700 1902 revera
727 1839 973 1924 inferioritatem
996 1848 1028 1902 et
1051 1839 1190 1903 subordi-

83 1935 231 1998 noemam
263 1935 442 2020 quemdam
476 1935 553 1999 Filii
587 1938 793 2022 concepisse,
827 1937 1012 2000 distincione
1043 1947 1192 2000 aeteram

82 2031 232 2111 darom,
267 2033 483 2120 notionesquc
516 2043 549 2098 et
584 2035 755 2120 opiniones
787 2032 942 2097 habuisse
975 2033 1128 2098 confusas
1160 2043 1193 2096 et

83 2151 239 2212 erroneas,
264 2151 348 2215 quas
380 2123 479 2194 ctiam
504 2133 674 2195 sententiis
697 2132 764 2195 suis
788 2133 1016 2216 expresserint.
1067 2132 1192 2216 Diony-

84 2227 157 2290 sium
181 2249 270 2310 vero,
296 2229 496 2311 existimant,
522 2228 598 2292 dein
614 2238 687 2314 post
710 2229 894 2292 doctrinam
917 2229 1191 2292 aRomanoPon·

84 2324 160 2388 tihce
200 2325 339 2411 ejusque
373 2325 498 2410 synodo
531 2328 733 2413 propositam
770 2349 845 2390 suas
878 2327 1050 2413 opiniones
1072 2327 1191 2390 minus

84 2431 177 2487 rectas
201 2425 391 2502 comeaeisse,
416 2432 514 2510 atquc
538 2445 674 2509 eaquae
691 2433 789 2488 autea
812 2425 1003 2510 scripserat,
1028 2424 1192 2488 studuisse

85 2541 153 2583 sano
176 2539 277 2584 sensu
300 2521 518 2606 interpretari.
566 2520 634 2585 Alii
658 2543 736 2584 vero
756 2520 919 2606 judicant,
944 2523 1097 2607 antiquos
1120 2521 1192 2586 illos

84 2615 186 2682 Patres
220 2617 261 2682 de
294 2617 507 2704 opinionibus
540 2619 630 2683 falsis
663 2618 850 2683 nullatenus
883 2621 975 2702 argui
1005 2639 1110 2703 posse,
1135 2619 1191 2683 sed

84 2736 174 2798 quum
207 2717 440 2800 mysteriorum
474 2715 691 2800 intelligentie
724 2717 834 2781 minus
866 2716 1021 2780 distincte
1053 2724 1138 2780 esset
1161 2725 1193 2780 et

84 2811 215 2894 evoluta,
240 2835 302 2878 neo
326 2815 458 2877 termini
482 2813 626 2878 techniei
642 2813 762 2900 quibus
786 2814 908 2878 veritas
931 2813 1009 2876 fidei
1033 2814 1198 2898 exprime

84 2919 162 2973 retur
183 2920 295 2974 essent
320 2911 539 2992 determinati,
573 2913 605 2975 in
638 2913 705 2975 suis
729 2909 992 2996 expositionibus
1015 2931 1070 2982 eos
1094 2911 1192 2974 etiam

85 3006 255 3072 identidem
270 3007 360 3094 loqui
378 3007 476 3071 modo
499 3010 609 3072 miuus
633 3008 798 3092 distincto,
824 3008 999 3094 verbisque
1021 3009 1068 3070 uti
1084 3009 1193 3071 miuus

84 3107 173 3190 aptis,
206 3105 460 3190 durioribusque
490 3105 772 3192 expressionibns3
808 3115 974 3170 caeterum
1003 3105 1075 3169 ilios
1106 3113 1193 3168 recte

85 3205 226 3267 sensisse.
273 3201 430 3283 Quaestio
465 3203 546 3267 haec
580 3206 699 3268 summi
731 3207 889 3268 momenti
922 3213 971 3267 est
1002 3205 1192 3288 praesertim

85 3297 173 3363 relate
207 3298 251 3363 nd
283 3298 445 3365 haeresim
478 3300 658 3384 Arionem,
700 3325 740 3365 ac
776 3302 816 3366 de
851 3301 967 3366 eadem
1004 3301 1194 3386 quaestione

85 3395 213 3462 iuferius
228 3398 348 3460 iterum
372 3416 517 3482 agemus.
563 3399 663 3464 Modo
687 3409 798 3463 autem
822 3401 980 3462 convenit
994 3399 1192 3478 examinare,

86 3494 223 3576 quidde
245 3494 408 3579 Dionysio
433 3495 661 3560 Alexandrino
686 3496 889 3562 censendum
912 3497 963 3561 sit.

162 3593 194 3657 8.
220 3589 336 3677 Itaque
363 3593 400 3655 1⁰
418 3592 659 3658 advertendum
683 3603 741 3676 est,
758 3595 959 3678 Dionysium
983 3596 1018 3657 iu
1033 3615 1092 3656 sue
1109 3591 1195 3677 Apo·
1209 3607 1319 3678 vindiciae
1331 3607 1367 3646 ni-

87 3685 161 3770 logie
194 3697 230 3751 et
253 3687 486 3755 Confutatione
520 3691 708 3756 nuliatenus
740 3689 924 3773 admittere,
950 3713 983 3755 sc
1016 3689 1194 3776 aliquando
1247 3679 1323 3718 Μ’

87 3788 256 3872 ancipitem
286 3785 439 3869 haesisse,
473 3788 526 3852 vcl
550 3791 722 3876 opiniones
746 3791 855 3853 minus
886 3797 1018 3852 exactas
1041 3789 1193 3869 tenuisse,

88 3884 208 3948 easdem
234 3902 312 3947 vero
337 3887 527 3952 correxisse.
574 3887 640 3952 Sed
674 3889 743 3974 ipse
767 3889 984 3972 peremptorie
1007 3906 1120 3949 omues
1144 3907 1195 3948 ac·

87 3983 263 4046 commones
286 3987 323 4045 ut
346 3983 587 4069 sycophantam
619 3983 802 4048 calumnias
826 3985 942 4070 rejicit.
989 3981 1195 4049 Orthodoxia

89 4079 146 4162 ejus
178 4081 215 4144 iu
250 4078 390 4142 dubium
422 4080 464 4145 ab
498 4081 563 4146 illis
586 4091 775 4147 revocatam
798 4103 878 4165 esse,
912 4081 1132 4167 conqueritur,
1156 4103 1196 4144 ac

151 4291 170 4358 ¹)
189 4289 242 4358 Ap.
263 4287 404 4346 Constant.
423 4291 458 4346 sd
476 4292 592 4363 Dionys.
