2874 4812
232 454 286 506 360
514 453 555 506 De
574 453 725 508 Arianimo
743 469 775 508 ac
792 455 826 508 de
843 453 921 509 (lonc.
938 455 1064 509 Nicaeae.

238 597 343 674 Nicia,
376 596 490 659 Revue
524 595 641 660 cathol.
678 597 778 678 18543
810 597 971 662 Schwane
994 598 1356 684 Deprecer-Gordiclttrf

235 693 430 778 Hagemann
442 695 503 756 Die
513 703 587 758 ro'm.
599 695 729 775 Kirclre;
746 693 883 760 Schrod]
898 693 1075 759 Gereliclrto
1084 695 1142 759 der
1152 698 1271 783 lupae
1282 718 1337 760 aa
1344 719 1356 776 ‚·

234 793 416 856 Newmann
447 793 509 854 Tire
541 791 662 855 Ardeae
693 793 733 878 of
760 793 807 856 tlte
831 793 928 878 fourt
962 791 1118 879 Centum
1153 793 1356 880 Tleoloqicol

241 891 365 954 Tracts:
389 889 559 954 Doctrieol
575 914 683 954 caeses
701 891 741 976 of
754 891 920 954 Arioniam
935 890 1076 955 London
1094 891 1213 970 1874.‚·
1238 890 1355 954 Hefele

238 987 328 1052 Coae.
359 987 464 1052 Gcsclr.
490 987 527 1051 B.
552 989 577 1051 I.
589 1010 601 1068 ;
627 989 817 1074 Eeteteltarrp
843 990 910 1052 arrd
937 985 1106 1052 Clrereeter
1128 989 1184 1052 des
1208 990 1355 1052 Adana

236 1109 319 1163 ritas,
352 1085 498 1168 Tubing.
538 1084 791 1165 Qtrartalsehrift
832 1086 936 1168 18513
976 1085 1168 1166 Franzelin,
1201 1087 1252 1149 De
1286 1087 1355 1151 Deo

235 1184 317 1246 trino
357 1207 414 1246 see.
451 1206 615 1268 personas.
626 1207 638 1264 ;
678 1182 797 1266 Gamo,
837 1185 1139 1274 Kirdteapesciriohte
1175 1205 1236 1248 aori
1274 1185 1356 1273 Spe-

233 1283 317 1359 at'ea,
341 1281 379 1344 B.
404 1283 445 1344 II.

772 1606 808 1669 1.

285 1739 550 1818 Pontifices
574 1741 783 1804 Remeat
805 1744 847 1802 et
870 1741 1113 1804 Ecclesiae
1135 1743 1309 1804 statua.

61 1877 83 1918 δ’-
106 1881 221 1930 Dionysius
325 1871 355 1934 3.
381 1869 412 1934 S.
438 1870 732 1954 Dionysius
755 1870 799 1956 (a.
824 1869 1025 1954 259-269).
1059 1907 1102 1916 ——
1131 1870 1208 1933 Post
1233 1881 1357 1956 marty·

128 1942 150 1981 ¹'·
235 1970 321 2032 rrum
346 1969 378 2032 s.
403 1967 499 2048 sixti,
525 1967 613 2053 quod
636 1967 759 2031 acciat
789 1967 843 2031 aa
872 1969 902 2032 e.
927 1967 1123 2051 Augusta.
1148 1967 1223 2047 ese,
1252 1967 1357 2032 sedes

237 2065 428 2150 Apostolioa
453 2067 551 2151 juxta
585 2064 779 2149 Catalogum
802 2065 1049 2129 Bucherianum
1082 2065 1166 2128 ultre
1196 2065 1356 2130 undecim
1424 2099 1425 2128 1

237 2185 366 2226 menses
388 2165 615 2248 persecutione
639 2162 779 2226 durante
803 2164 955 2242 vacavit3
979 2162 1102 2225 electus
1125 2162 1202 2226 dein
1226 2173 1282 2226 est
1305 2163 1357 2228 die

237 2261 279 2324 22
303 2260 325 2324 J
327 2258 384 2322 ulii
409 2283 437 2324 a.
464 2261 528 2325 259
552 2263 588 2324 in
610 2260 805 2324 Pontificem
821 2260 854 2325 S.
871 2261 1064 2344 Dionysius,
1088 2261 1145 2345 qui
1162 2259 1260 2324 Sixto
1274 2261 1358 2325 Pon·

237 2357 325 2420 tifioe
348 2359 434 2421 inter
456 2358 624 2422 Romanae
647 2357 817 2422 Ecclesiae
848 2356 1056 2444 presbyteros
1079 2356 1258 2423 eminebat.
1309 2359 1358 2422 De
1425 2401 1426 2442 3

238 2457 308 2539 ipso
333 2456 367 2518 in
392 2453 548 2539 Catalogo
565 2454 733 2518 Feliciano
757 2454 897 2519 dicitur:
928 2456 989 2518 Hic
998 2455 1193 2540 preobsseris
1208 2455 1359 2520 walerios
1425 2457 1426 2462 ’

238 2552 340 2630 dedit,
365 2564 395 2616 et
424 2555 605 2616 coemeterio
635 2563 665 2616 et
688 2554 861 2638 parochias
882 2553 1032 2616 dioececis
1055 2554 1225 2616 comtitait
1277 2553 1358 2617 Eru-

239 2651 373 2714 ditionis
397 2649 572 2734 singularis
595 2649 728 2713 laudem
753 2652 815 2734 ipsi
830 2649 946 2714 tribuit
959 2649 1132 2732 Eusebius,
1158 2671 1358 2715 commemo-

239 2769 314 2812 rans
348 2757 498 2833 quartam
531 2746 703 2832 epistolam
738 2747 778 2811 de
810 2747 990 2832 Baptism0‚
1024 2770 1124 2833 quam
1157 2749 1220 2833 ipsi
1245 2748 1359 2812 adhuc

239 2845 429 2931 presbytero
461 2845 636 2929 scripserat
665 2845 847 2929 Dionysius
885 2845 1142 2910 Alexandrinus.
1199 2847 1253 2909 Fa
1287 2871 1359 2933 que,

240 2945 348 3028 inquit
370 2943 413 3006 ΙΙ.
437 2943 476 3006 Ε.
498 2943 573 3006 VH.
600 2942 629 3023 l,
653 2942 732 3005 leae
754 2944 858 3027 iparm
881 2945 1058 3007 Irenaeum
1076 2943 1269 3028 Dionysium
1293 2967 1359 3006 errr-

239 3041 428 3104 ditissimom
436 3039 594 3126 placaque
607 3040 829 3102 admirandam
845 3040 1068 3125 raramfoirse,
1090 3042 1269 3106 testimonio
1281 3043 1359 3106 Dio-

239 3140 324 3225 nysii
347 3138 563 3202 Aleaeoadrt'ai
586 3137 658 3201 licet
680 3159 868 3224 eoprrosoero.
888 3177 928 3185 -
945 3137 1039 3202 Idem
1059 3141 1273 3224 caeteroquin
1299 3139 1359 3203 eol·

239 3237 352 3320 ligitur
383 3259 425 3298 ex
457 3237 641 3320 fragmento
674 3237 869 3320 scriptorum
902 3234 973 3320 ejus
1001 3237 1090 3321 quod
1113 3246 1273 3321 superest.
1321 3238 1358 3301 ln

241 3356 278 3397 eo
312 3333 391 3397 dum
416 3332 604 3398 Sabelliana
631 3333 807 3418 profligare
840 3333 949 3397 studet
982 3343 1178 3415 commenta,
1203 3335 1304 3399 simul
1329 3345 1359 3398 et

241 3432 313 3496 Arii
338 3441 371 3494 et
392 3431 634 3496 Tritheitarum·
652 3431 775 3516 placite
798 3432 978 3517 praevertit
1000 3441 1099 3516 atque
1127 3431 1297 3514 convellit,
1321 3455 1359 3496 ac

240 3531 407 3593 Nicaenae
431 3529 575 3614 Synodo‚
607 3551 704 3615 quam
734 3538 848 3615 postea
871 3537 1063 3614 sequeretur
1085 3530 1292 3614 caeterisque
1316 3553 1355 3594 sc·

242 3627 408 3713 quendam
433 3627 624 3690 decerneret
655 3625 754 3690 fidem
784 3629 1071 3711 praemonstravit.
1118 3627 1157 3691 In
1181 3625 1246 3690 hoc
1269 3650 1359 3713 prae·

242 3737 330 3789 terea
352 3725 563 3809 prudentiam
585 3723 742 3810 patefecit
765 3745 868 3806 suam,
893 3723 981 3809 quod
1005 3725 1040 3788 in
1063 3725 1266 3808 Dionysium
1286 3725 1359 3790 Ale-

242 3822 443 3886 xandrinum
481 3824 695 3908 quantumvis
727 3823 873 3906 graviter
909 3831 1101 3886 accusatum
1134 3821 1217 3887 nihil
1251 3827 1358 3908 asperi

242 3920 295 3984 vel
320 3919 406 3983 dixit
428 3920 481 3984 vel
504 3921 623 4004 gessit3
657 3941 783 4001 verum,
807 3940 874 3983 non
899 3918 1111 3984 dissimulans
1134 3941 1235 4006 quam
1258 3941 1358 4004 grave

243 4027 328 4082 esset
351 4017 439 4082 unde
463 4027 681 4098 accusaretur,
703 4019 867 4102 patienter
883 4018 1048 4099 sustinuit,
1068 4015 1177 4102 quoad
1192 4017 1256 4080 iste
1270 4039 1358 4103 prae

243 4115 293 4179 sul
325 4114 458 4178 abunde
491 4115 694 4180 satisfaceret
734 4116 960 4200 ingestamque
994 4115 1034 4179 de
1070 4137 1103 4178 se
1138 4114 1359 4199 suspicionem

244 4215 375 4298 penitus
408 4213 594 4300 depelleret.
655 4214 732 4278 Jam
772 4213 813 4276 de
850 4212 914 4276 hac
945 4211 1101 4296 Dionysii
1138 4209 1357 4276 Alexandrini
