2810 4846
325 484 467 539 Nestorius
485 486 629 540 damustm
646 503 663 539 a
681 487 832 542 Caelestino
849 487 882 540 R.
901 486 932 540 P.
1127 487 1179 538 238

67 633 131 692 tiae
162 651 182 692 a
214 627 400 692 Caelestino
433 628 690 716 committitur).
747 633 896 709 Nostrae,
929 632 1054 718 inquit,
1087 628 1180 694 Sedis

68 729 255 790 anteritate
268 727 402 804 adscita,
414 738 585 813 nostraque
608 729 673 792 eice
687 739 718 792 ct
740 729 805 793 laco
829 753 897 793 mm
913 739 1071 816 potestate
1094 753 1178 808 nens,

67 825 219 912 ejusnsodi
241 845 305 888 non
329 823 442 909 absque
469 828 627 910 eaqnisita
659 828 822 891 severitate
846 830 1030 892 sententiam
1053 849 1179 914 eaeque-

66 926 119 998 ris,
144 945 253 1008 nempe
275 933 312 984 nt
332 923 398 985 nisi
420 922 522 985 decem
545 923 666 986 danem
686 925 852 989 intewallo
877 927 916 989 ah
939 927 1031 1015 hujus
1052 937 1178 989 nostrae

3 1019 4 1024 ’
66 1020 294 1084 admonitionis
326 1019 377 1082 die
409 1020 687 1100 numerandonnm,
711 1022 870 1108 nefariam
892 1024 1068 1088 doctrinam
1091 1045 1180 1087 enam

66 1120 220 1203 mnaeptis
243 1117 346 1180 vatis
370 1117 618 1195 anathematizet,
643 1141 768 1204 eampse
791 1121 828 1184 de
855 1117 972 1184 Christi
994 1121 1057 1184 Dei
1078 1124 1181 1186 nostri

3 1275 4 1278 ,
64 1217 264 1300 amantiores
283 1213 378 1299 fidam
400 1217 435 1278 in
443 1226 606 1301 posterum
614 1212 833 1301 professurum
846 1239 878 1280 se
902 1219 1064 1303 spondent,
1088 1243 1180 1304 mam

3 1375 4 1396 2
66 1325 93 1375 st
116 1315 265 1377 Romana
297 1323 328 1375 et
360 1324 431 1375 tuae
463 1313 643 1376 sanctitatis
666 1314 794 1378 ecclesia
826 1326 856 1377 et
878 1317 1026 1380 uniuersa
1049 1318 1179 1404 deniqne

3 1407 4 1410 ’
66 1411 173 1498 eelipio
197 1412 373 1474 almadana
391 1411 571 1496 praedicat,
595 1413 624 1474 is
646 1433 717 1476 aero
741 1413 842 1477 modis
865 1414 1006 1478 amnibus
1029 1437 1060 1477 sc
1083 1437 1104 1478 a
1126 1439 1175 1480 no·

65 1520 128 1571 stro
151 1531 282 1594 corpore
306 1519 497 1594 asprenatum
520 1531 584 1572 esse
608 1509 776 1596 intellipat.
800 1551 819 1560 ·-
850 1511 889 1574 In
914 1511 1030 1575 eadem
1054 1511 1178 1595 synodo

67 1607 214 1670 llamana
231 1607 266 1669 iu
282 1607 547 1691 communionem
562 1606 729 1670 Ecclesiae
744 1611 885 1672 restituti
901 1619 986 1690 sunt,
1005 1611 1060 1694 qui
1084 1631 1179 1695 prap-

65 1717 111 1767 ter
135 1703 332 1767 catholicam
358 1703 456 1766 fidem
481 1704 663 1767 allectoria
686 1702 741 1768 illa
764 1707 894 1768 fuerant
917 1706 1022 1791 ejecti.
1046 1707 1180 1771 Praeter

67 1802 220 1888 epistolas
244 1801 287 1865 ad
311 1801 497 1866 Nestorium
522 1813 554 1864 et
576 1801 618 1866 ad
634 1801 796 1886 Cyrillum
811 1802 1084 1886 Alexandrinum,
1101 1803 1179 1870 Coe·

66 1899 200 1964 lestinus
224 1899 316 1984 Papa
339 1899 419 1962 alias
443 1899 595 1984 epistolas
628 1902 757 1985 scripsit
784 1901 826 1966 ad
851 1901 974 1965 clerum
999 1900 1178 1976 CPtanum‚

67 2010 97 2060 nt
122 2008 278 2061 canemus
302 1997 336 2060 in
359 1996 424 2060 fide
447 2007 662 2082 pennanoret,
687 1995 729 2061 ad
744 1997 908 2063 Jaaunem
923 1998 1178 2080 Antiochenam,

64 2096 103 2159 sd
128 2095 253 2158 Rufum
284 2093 621 2172 Thessalonicensem,
646 2095 688 2158 ad
717 2094 915 2160 Juvenalem
946 2095 1179 2180 Hierosolymi-

64 2209 188 2275 tanum,
213 2192 257 2256 ad
281 2191 480 2256 Flavianum
492 2191 746 2278 Philippensem,
772 2193 939 2278 majorum·
957 2194 1085 2256 sedium
1107 2194 1178 2259 Ori·

3 2319 5 2372 3
65 2293 146 2353 entis
171 2291 352 2374 episcopos,
378 2300 413 2352 ut
436 2311 568 2354 causam
592 2291 670 2354 fidei
694 2300 824 2354 strenue
848 2300 993 2375 agerent.

3 2381 4 2388 ἵ
150 2387 207 2453 58.
233 2385 265 2452 S.
291 2385 433 2472 Cyl-illus
457 2398 494 2450 ut
508 2387 677 2472 delegatus
691 2411 711 2452 a
732 2388 892 2452 Pontifice
916 2387 958 2452 ad
983 2391 1178 2454 seutentiam
1196 2397 1217 2439 Β·
1234 2397 1334 2449 cyanus.

63 2485 303 2572 exequendam,
337 2507 423 2549 anuo
456 2486 522 2550 430
555 2486 719 2570 synodum
752 2485 975 2551 Alexandriae
1009 2490 1116 2570 coligit
1138 2509 1180 2551 ex

65 2587 219 2648 universa
234 2581 396 2668 Aegypta.
443 2583 596 2667 Synadus
620 2582 790 2670 epistolam
814 2585 903 2648 misit
925 2584 968 2648 ad
982 2583 1179 2667 Nestorium,

65 2703 146 2765 quae
187 2681 377 2744 confluebat
413 2681 695 2745 denuntiationem
729 2685 910 2746 sententiae
942 2705 962 2745 a
996 2681 1179 2746 Caelestino

68 2779 152 2864 Papa
178 2787 293 2842 contre
316 2801 391 2842 eum
415 2779 510 2860 latae,
536 2790 568 2843 et
592 2779 766 2843 duodecim
790 2779 1080 2844 anathematismos
1103 2801 1123 2843 a
1146 2781 1178 2845 S.

3 2883 5 2900 ¹
67 2875 190 2960 l'yrilla
222 2886 336 2940 contra
365 2877 553 2940 Nestorium
584 2877 704 2958 editas,
737 2877 857 2962 quibus
886 2879 913 2940 is
943 2877 1179 2958 subscriberet3

66 2995 158 3038 secus
193 2975 292 3037 sciret
324 2995 358 3036 se
391 2974 571 3038 seeundum
604 2973 815 3059 Apostolicae
847 2975 942 3039 Sedis
984 2978 1179 3039 seutentiam

67 3071 297 3155 plectendum:
333 3071 542 3158 Appulemunt
575 3074 675 3156 igitur
699 3072 1016 3158 Constantinopolim
1042 3082 1181 3158 quatuor

67 3171 211 3254 episcopi
244 3191 264 3232 a
296 3169 421 3253 synoda
455 3171 559 3250 missi3
594 3170 794 3234 consuetudo
825 3169 981 3234 videlicet
1015 3181 1084 3234 erat
1107 3191 1180 3234 oon·

66 3265 221 3331 seniendi
252 3267 420 3352 episcopos
450 3268 611 3352 majarum
645 3268 790 3349 sedium,
824 3269 851 3330 si
882 3268 1014 3352 quanda
1039 3269 1180 3332 vocandi

67 3375 171 3428 essent
204 3366 239 3428 in
267 3365 452 3451 judicium,
486 3387 545 3451 per
567 3375 632 3429 tres
656 3365 768 3429 saltem
803 3367 981 3450 episcopas.
1038 3366 1181 3430 Litteras

70 3461 263 3547 apostolicas
277 3459 451 3526 Caelestini
477 3473 509 3525 et
533 3460 648 3546 Cyrilli
672 3464 788 3526 vicarii
814 3463 892 3548 ejus,
918 3463 1181 3527 solemniterNe-

70 3564 163 3624 storia
189 3561 243 3624 die
267 3559 370 3624 XXX
393 3559 591 3624 Novembris
614 3583 643 3625 a.
667 3561 733 3624 430
756 3559 973 3642 tradiderunt,
998 3563 1046 3625 uti
1071 3573 1181 3626 narrat

69 3657 433 3743 Theapemptus‚1mus
464 3679 507 3721 ex
534 3657 658 3742 legatis,
691 3658 844 3722 Patribus
876 3657 1063 3744 Ephesinis.
1118 3660 1180 3724 Die

71 3755 237 3835 dominica,
262 3757 378 3840 inquit,
397 3767 473 3841 post
496 3757 642 3842 synnadm
663 3768 829 3842 peractam
859 3758 895 3820 in
918 3759 1108 3842 episcopiam
1131 3780 1179 3819 as·

70 3855 234 3934 sendimus,
268 3851 441 3938 ibidensqne
474 3863 538 3918 toto
564 3865 731 3940 praesente
768 3853 875 3931 Clerc,
908 3855 1082 3939 cunctisque
1106 3854 1180 3940 sere

75 3949 249 4014 illustribus
273 3949 484 4029 adstantibus,
509 3949 632 4016 litteras
656 3953 693 4015 de
718 3951 827 4038 quihus
851 3975 947 4016 sermo
972 3961 1017 4015 est
1033 3953 1180 4015 Nestoris

143 4246 161 4295 1’)
181 4241 210 4295 L.
231 4259 253 4297 c.
272 4259 297 4310 p.
317 4244 377 4295 345.
