2874 4812
472 492 621 548 Diluuntur
638 493 822 549 difficultates.
1152 497 1205 554 307

101 634 144 698 de
163 659 252 703 causa
275 648 306 700 et
323 637 484 722 pducapic
508 637 644 702 unitatis
667 636 721 702 hic
745 639 809 721 agi.
853 637 1039 704 illustratur
1068 662 1147 704 sane
1170 640 1204 706 S.

100 730 250 817 Cypriani
282 734 446 800 sententia
478 755 521 798 ex
553 735 665 800 verbis
693 737 728 799 in
760 735 899 820 epistola
930 737 974 804 ad
1005 737 1204 804 ianuarium

92 831 162 914 jam
184 831 304 894 citatis:
340 830 412 896 Uua
433 831 576 896 &lesia
608 857 629 896 a
656 829 778 898 Chr-isto
801 833 938 898 Domirw
962 857 1056 921 asper
1079 835 1206 900 Petrum

96 929 210 1012 onam
230 929 368 992 cretatis
390 939 420 991 et
440 931 565 994 ratione
580 930 737 1016 fundata.
761 930 857 996 Patet
875 933 974 1014 enim,
1000 930 1204 1017 Cyprianum

96 1023 151 1088 hic
178 1045 309 1090 causam
340 1027 539 1092 efficientem
569 1037 603 1092 et
631 1029 792 1092 rationem
822 1029 1045 1093 continentem
1069 1031 1205 1094 unitatis

95 1120 257 1186 Faeclesiae
281 1125 316 1188 in
339 1145 378 1188 eo
401 1145 533 1209 ponere,
558 1124 647 1210 quod
678 1127 749 1211 ipsa
779 1148 878 1212 super
899 1127 1035 1192 Petrum
1066 1127 1206 1192 fundata

93 1219 173 1306 sit.¹)

175 1317 227 1384 52.
252 1317 323 1384 Vix
346 1322 623 1406 operaepretium
647 1331 695 1385 est
715 1321 928 1407 respondere,
960 1321 1039 1386 dum
1062 1323 1205 1408 Neopro·

93 1425 243 1481 testantes
273 1437 316 1480 ex
348 1417 454 1482 forma
480 1417 637 1504 loquendi
661 1417 826 1502 familiari,
851 1441 917 1504 qua
949 1418 982 1484 S.
1016 1418 1205 1506 Cyprianus

91 1513 282 1578 Pontificem
306 1513 493 1580 Romanum
508 1517 649 1602 fratrem
667 1527 701 1582 et
723 1516 872 1604 collepam
894 1517 1048 1603 appellat,
1074 1540 1205 1604 quaque
1299 1521 1335 1550 ¹¹⁸·

90 1613 268 1694 generatim
293 1614 329 1678 in
352 1612 497 1698 epistolis
520 1613 563 1680 ad
589 1613 778 1680 Cornelium
807 1624 839 1679 et
862 1614 1068 1700 Stephanum
1092 1617 1203 1698 utitur,

90 1709 205 1774 inferre
238 1709 367 1791 volunt,
401 1709 525 1776 nullam
558 1733 597 1776 ea
619 1721 727 1778 aetate
751 1713 920 1797 potestatis
944 1721 977 1776 et
999 1714 1204 1778 auctoritatis

89 1805 308 1872 diffmentiam
342 1808 452 1894 quoad
484 1811 655 1896 episcopos
688 1812 835 1896 agnitam
867 1810 978 1874 fuisse.
1034 1808 1130 1874 Talia
1163 1831 1204 1874 ex

89 1925 146 1968 usn
159 1905 370 1990 antiquitatis
387 1905 596 1989 christianas,
621 1916 653 1971 et
673 1929 714 1972 ex
732 1928 900 1994 moreque
918 1915 1079 1991 tanquam
1104 1929 1204 1972 unam

88 2023 240 2087 magnam
256 2003 427 2089 familiam
459 2025 529 2068 sese
559 2004 673 2070 fideles
698 2003 960 2086 considerabant,
986 2004 1203 2089 explicantur.

87 2099 165 2166 Inde
197 2101 329 2165 formae
359 2100 517 2186 loquendi
550 2104 698 2168 caritatis
730 2105 836 2187 magis
869 2125 968 2188 quam
1001 2103 1205 2167 auctoritatis

86 2221 159 2282 prae
183 2221 221 2264 se
244 2199 358 2264 ferunt
380 2198 613 2283 characterem,
645 2202 815 2287 magisque
838 2200 895 2266 illa
917 2201 1115 2281 fraternitas,
1140 2221 1205 2284 qua

86 2299 232 2384 epimopi
264 2305 302 2364 ut
332 2296 415 2362 tales
445 2299 531 2362 inter
552 2320 587 2362 se
612 2298 849 2384 jungebantur,
874 2299 1080 2384 exprimitur,
1105 2317 1204 2382 quam

85 2394 315 2460 subordinatio
348 2404 382 2458 et
413 2398 600 2462 auctoritas.
651 2395 703 2460 Ita
735 2397 908 2483 episcopus
933 2411 1072 2482 'quoque
1103 2395 1205 2460 relate

84 2491 124 2555 ad
146 2491 289 2572 clerum,
324 2493 389 2556 imo
413 2494 513 2558 etiam
537 2494 648 2579 quoad
669 2493 781 2576 laicos,
813 2517 847 2560 se
871 2496 906 2558 in
921 2495 1034 2580 forma
1057 2493 1206 2579 loquendi

83 2592 193 2674 potius
226 2587 365 2654 exhibet
396 2599 433 2654 ιιι
459 2601 586 2676 patrem
610 2591 772 2677 familias,
805 2613 905 2678 quam
937 2601 974 2654 ut
1003 2592 1204 2674 superiorem

82 2687 309 2752 obedientiam
342 2688 539 2773 exigentem.
599 2688 786 2774 Appellatio
811 2689 956 2775 fratrum
988 2689 1087 2750 etiam
1120 2689 1206 2751 inter

82 2787 258 2870 episcopos
281 2795 314 2850 et
335 2783 544 2871 presbyteros
566 2785 760 2868 adhibetur3
784 2788 850 2852 imo
875 2785 1062 2870 Cyprianus
1087 2786 1122 2848 in
1145 2806 1205 2850 sua

81 2882 224 2968 epistola
249 2881 294 2946 ad
322 2882 528 2950 Florentium
551 2883 740 2969 Pupienum
765 2883 820 2972 (de
845 2879 1129 2950 Obtrectatoribus
1153 2903 1204 2968 ep.

82 2981 139 3067 66)
163 2981 258 3044 hunc
282 2982 390 3046 virum
414 2979 556 3062 laicum,
584 2981 755 3048 hominem
777 2982 886 3046 levem
916 2982 978 3066 ipsi
1007 2980 1204 3064 oppositum,

80 3079 221 3142 fratrem
254 3077 408 3164 appellat.
456 3077 554 3158 Quod
587 3101 665 3143 vero
697 3079 739 3144 ad
762 3103 827 3143 rem
850 3080 977 3159 attinet,
1002 3079 1029 3140 si
1054 3076 1094 3140 de
1117 3086 1205 3161 pote-

81 3186 165 3240 state
198 3185 234 3238 et
260 3175 337 3260 jure
365 3177 510 3262 episcopi
541 3179 660 3260 agitur,
693 3175 881 3262 Cyprianus
911 3177 1140 3241 auctoritatem
1173 3183 1205 3238 et

77 3275 156 3358 jura
180 3295 242 3337 sua
266 3294 333 3337 non
347 3281 477 3340 tantum
501 3276 656 3356 suaviter,
672 3274 730 3339 scd
744 3274 872 3338 fortiter
894 3283 926 3338 et
949 3293 1068 3358 magno
1092 3273 1206 3357 vigore

83 3369 246 3436 defendit
292 3370 495 3457 Episcopum
518 3373 743 3458 praepositum
775 3393 845 3436 esse
870 3372 1025 3436 omnibus
1048 3369 1205 3435 ecclesiae

83 3468 251 3550 fidelibus,
285 3491 324 3532 ac
356 3470 481 3536 nemini
515 3491 627 3535 eorum
652 3469 710 3534 sed
741 3469 799 3534 soli
825 3468 955 3534 Christo
979 3470 1141 3532 rationem
1165 3467 1205 3532 de

83 3569 151 3630 suis
174 3567 261 3631 actis
284 3566 414 3648 debere,
440 3566 626 3652 Cyprianus
657 3567 839 3632 identidem
870 3569 995 3647 asserit,
1020 3574 1120 3650 atque
1143 3564 1206 3630 hoc

84 3663 138 3728 rel
161 3667 274 3750 ipsum
301 3665 619 3751 pseudoepiscopum
648 3665 817 3730 Reinkens
847 3666 894 3728 ita
923 3665 1050 3749 pungit,
1078 3670 1115 3724 ut
1138 3664 1204 3727 des-

82 3765 254 3848 potinmm
278 3762 453 3828 mactatam
475 3761 527 3828 his
551 3763 724 3848 principiis
748 3764 910 3827 contineri
934 3758 1094 3846 clamer).

173 3859 230 3924 53.
254 3857 321 3924 Sed
349 3859 460 3925 multis
496 3859 722 3942 adversarius,
747 3869 783 3924 ιιι
814 3860 1024 3945 disciplinam
1057 3858 1206 3923 ecclesia·

84 3959 203 4022 ericam
227 3959 332 4022 nostri
360 3959 517 4044 temporis
549 3958 710 4039 traducat,
744 3957 856 4024 evehit
873 3959 1154 4044 participationem
1177 3968 1207 4020 et

160 4101 181 4168 ¹)
201 4097 440 4165 videmiae,
463 4098 584 4153 Laacher
601 4097 732 4152 Stimmcn
751 4097 767 4152 l
787 4114 809 4152 c
828 4128 861 4138 -
881 4099 924 4152 Ex
942 4096 1021 4152 dictis
1044 4095 1207 4154 refelluntur

84 4179 180 4233 e‘tiam
200 4193 234 4232 ea
252 4193 324 4246 qnae
341 4177 424 4233 hebet
441 4177 569 4244 Dodwelh
589 4177 702 4232 Dissert
721 4177 848 4246 Cypriam
866 4177 929 4233 vm

159 4257 392 4328 phuam

1048 4346 1101 4398 20·
