2810 4846
399 485 551 554 Appellatio
571 486 605 539 ad
623 485 728 541 sixtum
745 485 797 540 111.
1099 489 1152 540 255

58 639 112 692 tato
142 627 288 710 consilio,
319 627 361 692 ad
391 631 545 694 unionem
579 649 654 693 cum
678 627 800 714 Cyrillo
831 630 1011 696 accederet.
1057 629 1152 695 Tunc

58 727 196 792 videlicet
219 725 254 788 hi
278 727 433 812 episcopi,
450 726 570 814 quibus
593 726 648 790 alii
671 727 781 812 plures
795 726 965 792 Praesides
990 749 1059 791 sese
1077 728 1153 814 jun-

57 835 169 907 xerunt,
201 823 454 910 appellationem
486 826 645 888 miserunt
672 825 714 890 ad
739 825 869 890 Sixtum
882 823 944 888 -ΠΙ
967 825 1152 890 Romanum

56 923 246 1003 Pontificem,
271 924 327 1008 qui
351 943 380 986 a.
404 921 470 985 432
495 920 678 986 Caelestino
709 933 919 988 successerat.
965 923 1005 987 In
1028 945 1087 987 sua
1110 924 1153 989 ad

56 1019 171 1083 Sixtum
197 1018 369 1105 epistola¹)
388 1019 567 1083 Eutherius
590 1031 622 1083 et
637 1019 808 1084 Helladius
831 1023 924 1084 varia
948 1023 982 1084 in
1006 1021 1152 1086 medium

10 1119 11 1140 ¹
56 1117 213 1182 adducunt
236 1117 395 1182 adversus
419 1115 579 1201 Cyrillum
604 1127 636 1181 et
659 1118 729 1204 ejus
753 1117 906 1203 capitula,
931 1141 1014 1204 quae
1038 1118 1153 1184 dicunt

56 1213 269 1299 blasphemam
292 1235 411 1278 vocum
427 1217 607 1278 novitatem
627 1217 811 1298 continere,
837 1214 996 1298 Cyrillurn
1015 1217 1153 1302 jussisse

56 1333 86 1373 ca
114 1311 277 1376 subscribi
310 1333 330 1375 a
361 1312 510 1376 Nestorio
544 1311 689 1398 alioquin
722 1312 933 1398 deponend03
966 1315 1152 1379 Nestorium

56 1409 216 1474 haereticis
250 1409 333 1473 dolis
366 1411 550 1473 consentire
582 1409 735 1490 noluisse,
769 1421 800 1473 ct
832 1410 874 1476 ob
908 1411 941 1476 id
974 1411 1077 1477 solum
1110 1413 1152 1476 ab

10 1515 11 1520 ’
58 1506 212 1592 Ephesius
236 1506 370 1591 Synodo
405 1507 614 1590 damnatum,
649 1517 681 1570 et
712 1507 845 1592 quidem
878 1519 954 1572 ante
977 1508 1153 1574 multorum

56 1607 100 1689 qui
123 1605 401 1690 exspectabantur
425 1606 651 1694 episcoporum
677 1606 867 1686 adventum,
892 1615 990 1691 atque
1014 1609 1060 1670 ite
1084 1609 1153 1671 sine

56 1703 186 1786 Synodo.
244 1703 346 1766 Varis
383 1725 512 1789 quoque
545 1706 577 1766 in
616 1705 761 1768 medium
794 1704 964 1768 adducunt
996 1704 1154 1768 adversus

56 1801 206 1867 loannem
222 1800 476 1880 Antiochenam,
492 1803 693 1886 praesertim,
718 1801 806 1886 quod
830 1823 913 1886 quae
931 1802 1020 1887 juste
1044 1813 1155 1886 egerat

56 1913 154 1982 postea
178 1900 364 1962 retractarit
386 1921 426 1962 ac
448 1898 560 1984 lapsus
593 1900 635 1962 sit
663 1901 697 1963 in
721 1899 928 1963 manifestam
951 1902 1154 1985 praevarica-

56 1999 177 2076 tionem,
203 1995 366 2080 Gyrillum
399 1999 469 2060 sine
502 1998 703 2082 poenitentia
735 2007 767 2060 et
790 1997 998 2060 anathemate
1021 2019 1153 2061 suorum

56 2095 263 2180 capitulorum
286 2097 321 2159 in
345 2097 608 2158 communionem
641 2092 826 2159 admittens.
874 2093 995 2159 Contra
1018 2095 1154 2181 Ephesi-

56 2215 120 2256 nsm
142 2192 319 2275 Synodum
342 2193 438 2278 plura
460 2194 559 2256 etiam
591 2192 742 2274 afferunt,
765 2195 955 2278 praesertim
979 2193 1067 2278 quod
1092 2192 1155 2276 Cy-

56 2288 163 2372 rillum,
189 2291 246 2375 qui
276 2311 350 2354 reus
380 2299 459 2371 erat,
490 2292 524 2353 in
547 2289 735 2354 Praesidem
765 2290 944 2372 admiserit,
967 2291 1154 2356 Nestorium

56 2389 113 2452 sine
137 2390 292 2452 examine
325 2398 357 2452 et
386 2397 462 2452 ante
491 2397 746 2451 convocatorum
779 2391 1006 2473 episcoporum
1034 2389 1156 2453 adven-

54 2495 112 2549 tum
135 2486 355 2568 damnaverit,
380 2486 467 2571 quod
490 2485 771 2571 promissionibus,
795 2487 894 2550 minis
918 2495 950 2549 et
972 2485 1154 2567 fraudibus,

10 2635 11 2660 ,
55 2593 83 2645 ut
102 2586 284 2648 sententiae
309 2594 421 2648 contra
436 2584 623 2648 Nestorium
643 2582 896 2665 subscriberent,
921 2585 1030 2647 varios
1053 2584 1154 2649 addu-

10 2671 11 2700 ¹
55 2684 141 2763 uerit3
167 2681 256 2767 quod
280 2684 449 2768 episcopos
473 2683 570 2746 etiam
595 2680 802 2745 damnaverit
826 2690 858 2744 et
880 2679 961 2744 alios
984 2683 1019 2744 in
1042 2703 1154 2746 eorum

55 2775 150 2842 locum
176 2780 363 2844 instituerit.
388 2780 541 2864 Denique
556 2777 758 2863 appellentes
774 2799 838 2840 non
863 2777 1045 2842 detrectant
1067 2779 1155 2842 dam·

55 2897 121 2940 nare
143 2877 344 2959 Nestorium,
369 2878 427 2941 sed
440 2876 557 2940 volunt
565 2875 717 2961 judiciali
738 2875 852 2939 ordine
876 2885 908 2939 et
925 2876 1023 2960 juxta
1046 2899 1155 2940 sacros

55 2994 186 3038 canones
210 2973 244 3036 id
267 2975 348 3040 fieri.
395 2978 562 3059 Ropumus,
587 2975 752 3059 inquiunt,
781 2984 811 3036 ct
833 2977 951 3036 sanans
975 2985 1045 3038 tuac
1069 2973 1155 3039 licli-

54 3073 202 3153 p'ositatis
218 3073 434 3159 provolvimur
451 3073 596 3159 pedibas,
619 3083 654 3136 ut
671 3093 796 3135 manum
812 3072 963 3158 porr-ipos
986 3071 1157 3135 salutarem

56 3172 229 3258 clauseras
251 3171 360 3235 mundi
390 3171 609 3256 naufrapium,
639 3171 830 3254 omniumque
852 3171 958 3232 borum
981 3171 1156 3254 inquisitio-

55 3291 113 3332 scm
127 3270 245 3359 judeum
258 3269 348 3354 fieri,
381 3280 412 3332 ct
442 3270 490 3332 his
521 3267 644 3332 illicitis
672 3265 830 3331 coelestem
853 3267 1019 3353 superduci
1041 3291 1155 3332 correc-

57 3368 169 3432 tionem.
221 3367 262 3430 Ut
292 3378 473 3432 reuocentur
503 3365 628 3452 quidem
659 3367 763 3428 sancti
784 3366 940 3444 Pastorcs,
965 3367 1019 3451 qui
1041 3368 1155 3456 injuste

56 3475 117 3528 utut
140 3489 160 3529 a
185 3467 250 3529 stris
273 3465 380 3529 ouibus
403 3463 539 3550 effnpati,
564 3475 594 3527 ct
615 3463 770 3527 reddatur
783 3463 925 3547 prepibus
948 3463 1024 3525 ordo
1048 3473 1078 3526 et
1101 3487 1155 3526 an-

58 3563 135 3645 tipas
164 3563 342 3626 concordia.
389 3562 533 3646 Rogant,
565 3583 599 3624 se
633 3569 665 3624 et
693 3560 774 3625 alios
812 3560 955 3645 dejectos
987 3562 1157 3646 episcopos

57 3659 84 3722 in
107 3662 269 3745 integrum
293 3661 430 3742 restitui,
454 3681 514 3745 per
527 3661 652 3744 Papam
669 3661 778 3722 omnia
801 3660 970 3722 retractari
994 3680 1033 3722 ac
1057 3660 1156 3722 etiam

56 3755 187 3823 definiri.
233 3759 318 3822 Tum
349 3767 504 3844 pergunt:
546 3757 627 3821 Olim
656 3757 779 3842 puidam
810 3760 1068 3821 concurrissemus
1099 3777 1157 3821 nos

57 3854 93 3916 ud
114 3855 320 3920 Securitatem
355 3857 463 3932 Tuam,
497 3857 550 3940 pui
581 3879 596 3918 e
629 3855 762 3918 diuersis
785 3855 961 3940 ropionibus
985 3877 1097 3934 sumus,
1121 3855 1157 3917 id

57 3963 93 4014 ut
114 3977 153 4018 etc
176 3955 397 4040 Euphratesia,
422 3963 613 4038 corrasaque
640 3950 763 4030 Cilicia,
788 3953 924 4016 sumunda
942 3951 1155 4038 Cappadocia,

57 4047 206 4132 Bithynia,
246 4050 410 4116 illessalia
442 4061 472 4114 et
504 4052 635 4129 tliocsia,
668 4052 733 4114 nisi
755 4049 907 4113 detineret
933 4071 990 4112 nos
1013 4047 1157 4134 ltrporum

122 4255 141 4326 ¹)
159 4257 191 4330 V„
213 4256 352 4318 Constant,
372 4255 457 4322 Epist.
477 4253 534 4308 RB.
554 4253 606 4307 PP.
626 4253 674 4307 sub
693 4251 768 4308 Sixto
787 4253 838 4306 III.
