2900 4800
425 425 562 480 Judiriuur
578 425 701 480 criticum
720 427 752 482 de
770 426 880 496 vigilio.
1157 427 1211 483 376

94 581 166 633 tur:
190 571 234 634 m
256 591 324 634 cam
344 569 420 634 iaec
443 591 464 632 a
485 568 576 633 nobis
599 570 749 649 audisset,
772 571 859 633 mitit
881 569 1063 636 Sewartdei
1085 571 1211 637 addia-

94 689 214 745 eoaam,
237 669 293 754 qui
315 676 475 752 respectat
496 677 617 731 oeatme
641 667 821 732 monimus
842 689 1033 754 responsum.
1070 707 1111 716 -
1146 670 1213 734 Hic

94 763 328 846 subdiaconus,
364 773 524 849 quantum
565 786 608 827 ex
646 764 804 830 relatione
838 763 1017 850 colligitur,
1063 767 1211 833 nondum

93 863 213 926 missus
245 870 317 926 erat
346 862 496 927 deferens
525 864 634 947 ipsum
658 861 889 944 Constitutum,
923 863 981 927 sed
1012 873 1049 928 ut
1071 864 1211 944 audiret,

94 981 137 1024 an
160 959 348 1044 Imperator
369 981 429 1044 per
452 959 608 1024 diaconos
631 959 684 1023 vel
698 959 762 1024 alio
787 959 884 1024 modo
908 959 1143 1028 documentum
1166 983 1213 1026 re·

16 1113 17 1128 ,
94 1059 206 1143 cipere
229 1056 345 1138 velletr
369 1059 572 1123 transmissio
603 1059 691 1122 enim
719 1079 798 1122 eane
826 1057 1012 1124 solemniori
1041 1060 1141 1125 modo
1168 1061 1214 1124 fa·

94 1155 213 1220 cienda
243 1165 323 1220 erat.
368 1155 578 1220 lastinianus
606 1175 685 1219 vero
713 1177 791 1220 cum
814 1155 1017 1222 subdiacone
1055 1157 1212 1222 Scrvodei

93 1254 183 1318 baud
207 1252 398 1336 collocutus,
428 1274 621 1338 responsum
650 1255 681 1317 ei
714 1253 786 1320 dari
805 1253 906 1339 jussit
928 1275 1045 1340 parum
1068 1253 1212 1319 benevo-

93 1351 161 1416 lum
185 1361 219 1415 et
242 1351 460 1416 honorificum
476 1349 646 1430 Pontifici,
669 1373 732 1436 qno
749 1353 1011 1437 acceptationem
1036 1349 1216 1417 Constituti

94 1449 287 1516 declinavit
320 1485 362 1496 -
395 1447 541 1513 Additur
564 1458 675 1512 autem
709 1449 743 1512 in
767 1449 879 1512 Actis:
927 1449 972 1512 Et
993 1451 1048 1513 boc
1071 1449 1153 1514 dato·
1169 1471 1216 1513 re-

94 1569 208 1634 apomao
244 1571 266 1612 a
294 1547 441 1632 piissimo
475 1546 669 1636 Imperatore
697 1569 755 1631 per
779 1547 917 1610 cumdem
940 1547 1117 1626 diaconam,
1142 1571 1162 1610 α
1185 1569 1217 1610 ae

92 1648 247 1732 scriptam
268 1645 408 1712 chartam
423 1649 496 1734 jam
515 1667 580 1708 ιιοιι
602 1645 782 1708 destinarit.

182 1743 238 1808 85.
262 1743 316 1807 Ex
339 1741 391 1806 bis
414 1740 617 1826 colligimus,
652 1741 810 1826 Vigilium
848 1742 1028 1806 consultius
1051 1741 1216 1824 habuisse,
1286 1780 1332 1822 q„

93 1853 129 1906 ut
152 1840 343 1906 consectum
368 1839 591 1904 Constitutum
610 1861 676 1903 non
692 1839 889 1924 publicaret,
913 1861 956 1904 ne
979 1839 1098 1904 turbae
1118 1841 1218 1904 etiam
1237 1841 1376 1894 ΝΜ·

94 1939 200 2025 magis
223 1947 431 2022 augerentur.
478 1936 822 2001 Animadvertendum
855 1946 1053 2020 anteneri,
1079 1937 1121 2002 ad
1144 1939 1215 2002 vim

93 2047 193 2123 etque
217 2034 363 2100 valorem
387 2034 594 2100 definitivam
618 2033 823 2098 decretorum
848 2043 880 2097 et
903 2034 1136 2099 definitionum
1151 2035 1212 2098 Ro-

94 2137 185 2200 mani
211 2133 384 2198 Pontificis
415 2131 603 2198 nullatenus
626 2132 761 2218 quidem
791 2133 924 2218 requiri,
948 2141 985 2196 ut
1007 2139 1220 2218 acceptentur

99 2234 144 2298 ab
171 2229 238 2298 illis
262 2231 384 2317 quibus
407 2231 533 2295 directa
552 2239 645 2311 sunt3
670 2232 847 2315 requiritur
869 2241 981 2297 tamen
1005 2251 1117 2296 corum
1139 2230 1220 2315 pub·

99 2331 224 2411 licatio,
250 2351 336 2415 quae
351 2351 409 2414 pro
426 2328 561 2394 arbitrio
573 2327 743 2392 Pontifieis
759 2329 861 2391 variis
877 2328 984 2393 modis
1006 2328 1077 2393 fieri
1103 2338 1220 2415 potest.

101 2427 257 2514 Vigilius,
282 2428 310 2492 si
334 2448 449 2492 censes
472 2447 548 2490 enm
563 2425 707 2489 voluisse
723 2424 907 2490 Oonstituto
931 2447 989 2492 suo
1012 2427 1219 2504 definitivam

102 2527 233 2592 edicere
258 2526 464 2605 sententiam,
489 2545 562 2588 eam
587 2521 821 2608 publicationis
844 2524 934 2586 viam
958 2523 1065 2608 elegit,
1091 2534 1127 2586 ut
1138 2522 1221 2588 Gon-

100 2626 251 2688 stitutnm
275 2624 418 2686 mitteret
429 2621 473 2686 ad
487 2621 736 2706 Imperatorem,
756 2629 789 2684 et
811 2619 852 2684 de
875 2623 1122 2686 transmissione
1145 2641 1221 2684 cnm

101 2723 170 2809 ipso
196 2721 274 2805 egit.
320 2719 386 2784 Sed
402 2719 586 2804 Imperator
608 2717 791 2782 declinavit
808 2716 890 2780 illud
912 2721 1068 2804 recipere.
1092 2719 1217 2782 Potuis-

101 2829 150 2885 set
172 2839 253 2884 sene
267 2818 434 2896 Pontifex,
449 2839 516 2881 non
540 2825 664 2880 attento
684 2835 838 2900 responso
853 2813 1044 2895 Justiniani,
1068 2813 1219 2880 adhibita

101 2919 208 2982 forma
231 2937 294 2980 usu
306 2925 439 3000 recepta
454 2935 579 2994 curare,
594 2923 631 2976 nt
645 2911 864 2998 deponeretur
876 2911 1097 2976 Constitutum
1121 2911 1218 2976 modo

99 3014 247 3102 juridico
271 3015 306 3078 iu
330 3011 453 3098 palatio
482 3011 694 3097 Imperatoris
716 3009 770 3074 vel
798 3011 832 3074 in
858 3009 1024 3092 Concili03
1064 3011 1223 3096 potuisset

103 3115 203 3177 etiam
227 3109 291 3174 alio
315 3110 412 3175 modo
437 3109 519 3173 illud
542 3117 657 3173 contra
678 3105 882 3171 voluntatem
907 3107 1118 3192 Imperatoris
1141 3105 1222 3191 pub-

103 3210 215 3290 licare,
230 3210 279 3272 uti
293 3209 418 3272 fecerat
433 3205 543 3292 quoad
556 3207 802 3270 Damnationem
820 3205 991 3284 Theodora·
1011 3205 1068 3269 sed
1083 3202 1221 3284 nullum,

16 3341 17 3348 ι
105 3308 274 3373 invenitur
286 3303 641 3390 vestigium,Vigilium
650 3301 936 3368 voluisseulterius
944 3305 1066 3367 instare
1074 3300 1219 3387 publica·

105 3405 189 3470 tioni
205 3403 305 3489 hujus
320 3402 508 3468 Constituti.
533 3401 632 3467 Unde
646 3399 910 3465 concludendum
923 3409 981 3480 est,
995 3402 1103 3484 ipsum
1113 3399 1222 3462 Ponti-

106 3503 204 3566 ficem
217 3523 260 3565 ex
274 3501 430 3587 prudenti
445 3499 637 3563 oeconomia
651 3519 672 3562 a
694 3496 920 3584 publicatione
934 3496 1110 3576 destitisse,
1125 3505 1224 3581 atque

106 3602 151 3666 ita
165 3599 309 3665 Decreta
324 3599 377 3662 isti
391 3599 462 3661 vim
476 3597 682 3662 definitivam
693 3605 726 3659 et
737 3597 990 3680 peremptoriam
1002 3615 1067 3659 non
1084 3593 1224 3658 dedisse.

107 3697 196 3761 Hine
227 3717 269 3760 ex
302 3695 356 3760 illo
382 3694 568 3759 Constituto
601 3693 750 3779 conquiri
784 3713 850 3756 nen
873 3703 1009 3777 possunt
1031 3700 1226 3776 argumenta

108 3804 225 3858 eontra
256 3792 526 3857 infallibilitatem
560 3793 699 3856 Romani
733 3791 921 3870 Pontificio,
956 3811 1057 3875 quum
1080 3791 1152 3875 jam
1182 3788 1225 3853 ob

109 3891 273 3974 deiectum
307 3890 542 3976 publicationis
578 3911 643 3954 non
671 3889 835 3976 pertineat
871 3886 914 3950 ad
946 3907 986 3951 ea
1017 3887 1225 3970 documento,

109 4011 192 4076 quac
227 3987 467 4053 characterem
491 3987 698 4052 definitivum
736 3995 767 4050 et
803 3987 1060 4072 peremptorium
1093 3983 1225 4068 habent,

109 4109 259 4173 quaeque
283 4088 381 4152 unice
405 4085 606 4150 considerari
641 4085 772 4166 debent,
802 4085 882 4150 dum
906 4084 947 4149 de
971 4084 1149 4148 inerrantie
1172 4082 1226 4148 Sc·

16 4257 17 4282 3
110 4185 160 4250 die
184 4184 394 4270 Apostolicae
417 4185 536 4267 agitur.
