<?xml version="1.0" encoding="UTF-8"?>
<!DOCTYPE html PUBLIC "-//W3C//DTD XHTML 1.0 Transitional//EN"
    "http://www.w3.org/TR/xhtml1/DTD/xhtml1-transitional.dtd">
<html xmlns="http://www.w3.org/1999/xhtml" xml:lang="en" lang="en">
 <head>
  <title>
</title>
<meta http-equiv="Content-Type" content="text/html;charset=utf-8" />
  <meta name='ocr-system' content='tesseract 3.04.00' />
  <meta name='ocr-capabilities' content='ocr_page ocr_carea ocr_par ocr_line ocrx_word'/>
</head>
<body>
  <div class='ocr_page' id='page_1' title='image "./dissertationess02junggoog_0825.png"; bbox 0 0 2836 4804; ppageno 0'>
   <div class='ocr_carea' id='block_1_1' title="bbox 222 433 939 502">
    <p class='ocr_par' dir='ltr' id='par_1_1' title="bbox 222 433 939 502">
     <span class='ocr_line' id='line_1_1' title="bbox 222 433 939 502; baseline -0.007 -7"><span class='ocrx_word' id='word_1_1' title='bbox 222 441 276 495; x_wconf 75' lang='lat'><strong>360</strong></span> <span class='ocrx_word' id='word_1_2' title='bbox 629 435 670 490; x_wconf 86' lang='lat' dir='ltr'><strong>De</strong></span> <span class='ocrx_word' id='word_1_3' title='bbox 689 434 777 488; x_wconf 86' lang='lat' dir='ltr'><strong>tribua</strong></span> <span class='ocrx_word' id='word_1_4' title='bbox 795 433 939 502; x_wconf 76' lang='lat' dir='ltr'><strong>Capitulis.</strong></span> 
     </span>
    </p>
   </div>
   <div class='ocr_carea' id='block_1_2' title="bbox 222 577 1333 1057">
    <p class='ocr_par' dir='ltr' id='par_1_2' title="bbox 222 577 1333 1057">
     <span class='ocr_line' id='line_1_2' title="bbox 311 577 1328 664; baseline -0.003 -19"><span class='ocrx_word' id='word_1_5' title='bbox 311 581 364 645; x_wconf 77' lang='lat'><strong>54.</strong></span> <span class='ocrx_word' id='word_1_6' title='bbox 388 581 502 644; x_wconf 86' lang='lat' dir='ltr'><strong>Patres</strong></span> <span class='ocrx_word' id='word_1_7' title='bbox 520 577 661 664; x_wconf 65' lang='lat' dir='ltr'><strong>„Synodi</strong></span> <span class='ocrx_word' id='word_1_8' title='bbox 694 579 772 642; x_wconf 90' lang='lat' dir='ltr'><strong>dein</strong></span> <span class='ocrx_word' id='word_1_9' title='bbox 802 579 904 642; x_wconf 85' lang='lat' dir='ltr'><strong>variis</strong></span> <span class='ocrx_word' id='word_1_10' title='bbox 944 578 1067 643; x_wconf 86' lang='lat' dir='ltr'><strong>habitis</strong></span> <span class='ocrx_word' id='word_1_11' title='bbox 1101 577 1328 644; x_wconf 70' lang='lat' dir='ltr'><strong>collationibus</strong></span> 
     </span>
     <span class='ocr_line' id='line_1_3' title="bbox 224 673 1331 764; baseline -0.002 -22"><span class='ocrx_word' id='word_1_12' title='bbox 224 678 478 743; x_wconf 75' lang='lat' dir='ltr'><strong>celebrationem</strong></span> <span class='ocrx_word' id='word_1_13' title='bbox 503 675 643 740; x_wconf 82' lang='lat' dir='ltr'><strong>Concilii</strong></span> <span class='ocrx_word' id='word_1_14' title='bbox 668 685 701 739; x_wconf 84' lang='lat' dir='ltr'><strong>ot</strong></span> <span class='ocrx_word' id='word_1_15' title='bbox 723 697 864 739; x_wconf 78' lang='lat' dir='ltr'><strong>examen</strong></span> <span class='ocrx_word' id='word_1_16' title='bbox 888 673 930 740; x_wconf 87' lang='lat' dir='ltr'><strong>de</strong></span> <span class='ocrx_word' id='word_1_17' title='bbox 952 675 1060 740; x_wconf 84' lang='lat' dir='ltr'><strong>tribus</strong></span> <span class='ocrx_word' id='word_1_18' title='bbox 1084 677 1244 764; x_wconf 85' lang='lat' dir='ltr'><strong>Capitulis</strong></span> <span class='ocrx_word' id='word_1_19' title='bbox 1266 699 1331 742; x_wconf 89' lang='lat' dir='ltr'><strong>con-</strong></span> 
     </span>
     <span class='ocr_line' id='line_1_4' title="bbox 222 772 1331 861; baseline -0.002 -20"><span class='ocrx_word' id='word_1_20' title='bbox 222 779 403 841; x_wconf 86' lang='lat' dir='ltr'><strong>tinuarunt.</strong></span> <span class='ocrx_word' id='word_1_21' title='bbox 427 774 552 839; x_wconf 84' lang='lat' dir='ltr'><strong>[lltima</strong></span> <span class='ocrx_word' id='word_1_22' title='bbox 567 772 712 861; x_wconf 87' lang='lat' dir='ltr'><strong>(octava)</strong></span> <span class='ocrx_word' id='word_1_23' title='bbox 728 775 830 837; x_wconf 81' lang='lat' dir='ltr'><strong>sessio</strong></span> <span class='ocrx_word' id='word_1_24' title='bbox 847 773 962 838; x_wconf 88' lang='lat' dir='ltr'><strong>habita</strong></span> <span class='ocrx_word' id='word_1_25' title='bbox 976 773 1090 838; x_wconf 87' lang='lat' dir='ltr'><strong>estdie</strong></span> <span class='ocrx_word' id='word_1_26' title='bbox 1114 777 1161 840; x_wconf 70' lang='grc' dir='ltr'><strong>2*ο</strong></span> <span class='ocrx_word' id='word_1_27' title='bbox 1186 777 1286 858; x_wconf 87' lang='lat' dir='ltr'><strong>Junii,</strong></span> <span class='ocrx_word' id='word_1_28' title='bbox 1301 778 1331 839; x_wconf 94' lang='lat' dir='ltr'><strong>in</strong></span> 
     </span>
     <span class='ocr_line' id='line_1_5' title="bbox 222 868 1332 960; baseline -0.003 -22"><span class='ocrx_word' id='word_1_29' title='bbox 222 896 326 960; x_wconf 88' lang='lat' dir='ltr'><strong>eaque</strong></span> <span class='ocrx_word' id='word_1_30' title='bbox 343 872 589 938; x_wconf 80' lang='lat' dir='ltr'><strong>damnationem</strong></span> <span class='ocrx_word' id='word_1_31' title='bbox 607 873 708 935; x_wconf 89' lang='lat' dir='ltr'><strong>trium</strong></span> <span class='ocrx_word' id='word_1_32' title='bbox 723 868 953 956; x_wconf 81' lang='lat' dir='ltr'><strong>Capitulornm</strong></span> <span class='ocrx_word' id='word_1_33' title='bbox 963 874 1274 958; x_wconf 85' lang='lat' dir='ltr'><strong>pronuntiaverunt.</strong></span> <span class='ocrx_word' id='word_1_34' title='bbox 1295 909 1332 918; x_wconf 90' lang='lat'><strong>-—</strong></span> 
     </span>
     <span class='ocr_line' id='line_1_6' title="bbox 224 968 1333 1057; baseline -0.003 -20"><span class='ocrx_word' id='word_1_35' title='bbox 224 971 291 1038; x_wconf 88' lang='lat' dir='ltr'><strong>Sed</strong></span> <span class='ocrx_word' id='word_1_36' title='bbox 313 981 490 1057; x_wconf 84' lang='lat' dir='ltr'><strong>antequam</strong></span> <span class='ocrx_word' id='word_1_37' title='bbox 515 968 556 1034; x_wconf 89' lang='lat' dir='ltr'><strong>de</strong></span> <span class='ocrx_word' id='word_1_38' title='bbox 569 968 632 1034; x_wconf 90' lang='lat' dir='ltr'><strong>hac</strong></span> <span class='ocrx_word' id='word_1_39' title='bbox 651 969 863 1033; x_wconf 85' lang='lat' dir='ltr'><strong>damnatione</strong></span> <span class='ocrx_word' id='word_1_40' title='bbox 885 968 1069 1055; x_wconf 85' lang='lat' dir='ltr'><strong>loquamur,</strong></span> <span class='ocrx_word' id='word_1_41' title='bbox 1094 969 1136 1033; x_wconf 88' lang='lat' dir='ltr'><strong>de</strong></span> <span class='ocrx_word' id='word_1_42' title='bbox 1160 968 1333 1046; x_wconf 73' lang='lat' dir='ltr'><strong>Constituto,</strong></span> 
     </span>
    </p>
   </div>
   <div class='ocr_carea' id='block_1_3' title="bbox 54 1047 1329 1156">
    <p class='ocr_par' dir='ltr' id='par_1_3' title="bbox 54 1047 1329 1156">
     <span class='ocr_line' id='line_1_7' title="bbox 54 1047 1329 1156; baseline -0.002 -23"><span class='ocrx_word' id='word_1_43' title='bbox 54 1047 207 1148; x_wconf 53' lang='lat' dir='ltr'><strong>„wllfillm</strong></span> <span class='ocrx_word' id='word_1_44' title='bbox 223 1069 312 1156; x_wconf 90' lang='lat' dir='ltr'><strong>quod</strong></span> <span class='ocrx_word' id='word_1_45' title='bbox 338 1070 464 1132; x_wconf 87' lang='lat' dir='ltr'><strong>interea</strong></span> <span class='ocrx_word' id='word_1_46' title='bbox 491 1065 635 1150; x_wconf 83' lang='lat' dir='ltr'><strong>Vigilius</strong></span> <span class='ocrx_word' id='word_1_47' title='bbox 662 1066 816 1130; x_wconf 86' lang='lat' dir='ltr'><strong>Pontifex</strong></span> <span class='ocrx_word' id='word_1_48' title='bbox 843 1066 1038 1152; x_wconf 87' lang='lat' dir='ltr'><strong>Imperatori</strong></span> <span class='ocrx_word' id='word_1_49' title='bbox 1080 1067 1200 1132; x_wconf 87' lang='lat' dir='ltr'><strong>obtulit</strong></span> <span class='ocrx_word' id='word_1_50' title='bbox 1234 1089 1329 1154; x_wconf 85' lang='lat' dir='ltr'><strong>pauca</strong></span> 
     </span>
    </p>
   </div>
   <div class='ocr_carea' id='block_1_4' title="bbox 226 1163 1401 4278">
    <p class='ocr_par' dir='ltr' id='par_1_4' title="bbox 226 1163 1401 3380">
     <span class='ocr_line' id='line_1_8' title="bbox 226 1163 1332 1251; baseline -0.003 -19"><span class='ocrx_word' id='word_1_51' title='bbox 226 1167 368 1232; x_wconf 90' lang='lat' dir='ltr'><strong>dicenda</strong></span> <span class='ocrx_word' id='word_1_52' title='bbox 391 1173 476 1232; x_wconf 87' lang='lat' dir='ltr'><strong>sunt.</strong></span> <span class='ocrx_word' id='word_1_53' title='bbox 513 1163 667 1228; x_wconf 88' lang='lat' dir='ltr'><strong>Pontifex</strong></span> <span class='ocrx_word' id='word_1_54' title='bbox 691 1163 855 1228; x_wconf 88' lang='lat' dir='ltr'><strong>videlicet·</strong></span> <span class='ocrx_word' id='word_1_55' title='bbox 870 1164 924 1228; x_wconf 87' lang='lat' dir='ltr'><strong>die</strong></span> <span class='ocrx_word' id='word_1_56' title='bbox 961 1167 1019 1228; x_wconf 82' lang='lat'><strong>14⁰</strong></span> <span class='ocrx_word' id='word_1_57' title='bbox 1038 1166 1117 1251; x_wconf 86' lang='lat' dir='ltr'><strong>llaji</strong></span> <span class='ocrx_word' id='word_1_58' title='bbox 1143 1165 1236 1231; x_wconf 91' lang='lat' dir='ltr'><strong>dedit</strong></span> <span class='ocrx_word' id='word_1_59' title='bbox 1264 1165 1332 1230; x_wconf 86' lang='lat' dir='ltr'><strong>Con-</strong></span> 
     </span>
     <span class='ocr_line' id='line_1_9' title="bbox 226 1263 1336 1350; baseline -0.001 -21"><span class='ocrx_word' id='word_1_60' title='bbox 226 1266 377 1341; x_wconf 79' lang='lat' dir='ltr'><strong>atitatam,</strong></span> <span class='ocrx_word' id='word_1_61' title='bbox 401 1264 436 1327; x_wconf 91' lang='lat' dir='ltr'><strong>in</strong></span> <span class='ocrx_word' id='word_1_62' title='bbox 460 1283 524 1348; x_wconf 89' lang='lat' dir='ltr'><strong>quo</strong></span> <span class='ocrx_word' id='word_1_63' title='bbox 548 1263 634 1326; x_wconf 88' lang='lat' dir='ltr'><strong>sicut</strong></span> <span class='ocrx_word' id='word_1_64' title='bbox 651 1263 845 1347; x_wconf 82' lang='lat' dir='ltr'><strong>promiserat</strong></span> <span class='ocrx_word' id='word_1_65' title='bbox 869 1283 963 1326; x_wconf 89' lang='lat' dir='ltr'><strong>suam</strong></span> <span class='ocrx_word' id='word_1_66' title='bbox 991 1263 1033 1327; x_wconf 89' lang='lat' dir='ltr'><strong>de</strong></span> <span class='ocrx_word' id='word_1_67' title='bbox 1055 1263 1162 1329; x_wconf 87' lang='lat' dir='ltr'><strong>tribus</strong></span> <span class='ocrx_word' id='word_1_68' title='bbox 1186 1263 1336 1350; x_wconf 85' lang='lat' dir='ltr'><strong>Capitulis</strong></span> 
     </span>
     <span class='ocr_line' id='line_1_10' title="bbox 227 1359 1338 1446; baseline -0.002 -20"><span class='ocrx_word' id='word_1_69' title='bbox 227 1363 424 1427; x_wconf 84' lang='lat' dir='ltr'><strong>sententiam</strong></span> <span class='ocrx_word' id='word_1_70' title='bbox 451 1359 535 1426; x_wconf 78' lang='lat' dir='ltr'><strong>tulit</strong></span> <span class='ocrx_word' id='word_1_71' title='bbox 581 1360 622 1424; x_wconf 91' lang='lat' dir='ltr'><strong>In</strong></span> <span class='ocrx_word' id='word_1_72' title='bbox 655 1381 692 1424; x_wconf 90' lang='lat' dir='ltr'><strong>eo</strong></span> <span class='ocrx_word' id='word_1_73' title='bbox 723 1361 870 1445; x_wconf 88' lang='lat' dir='ltr'><strong>queritur</strong></span> <span class='ocrx_word' id='word_1_74' title='bbox 902 1362 1066 1446; x_wconf 80' lang='lat' dir='ltr'><strong>imprimis</strong></span> <span class='ocrx_word' id='word_1_75' title='bbox 1098 1362 1265 1446; x_wconf 83' lang='lat' dir='ltr'><strong>Pontifex,</strong></span> <span class='ocrx_word' id='word_1_76' title='bbox 1287 1360 1338 1446; x_wconf 77' lang='lat' dir='ltr'><strong>Sy-</strong></span> 
     </span>
     <span class='ocr_line' id='line_1_11' title="bbox 228 1458 1339 1543; baseline -0.002 -19"><span class='ocrx_word' id='word_1_77' title='bbox 228 1460 352 1524; x_wconf 89' lang='lat' dir='ltr'><strong>nodum</strong></span> <span class='ocrx_word' id='word_1_78' title='bbox 377 1467 491 1524; x_wconf 89' lang='lat' dir='ltr'><strong>contra</strong></span> <span class='ocrx_word' id='word_1_79' title='bbox 514 1467 630 1543; x_wconf 87' lang='lat' dir='ltr'><strong>pactas</strong></span> <span class='ocrx_word' id='word_1_80' title='bbox 653 1458 858 1523; x_wconf 87' lang='lat' dir='ltr'><strong>conditiones</strong></span> <span class='ocrx_word' id='word_1_81' title='bbox 886 1481 957 1522; x_wconf 87' lang='lat' dir='ltr'><strong>esse</strong></span> <span class='ocrx_word' id='word_1_82' title='bbox 982 1469 1140 1524; x_wconf 87' lang='lat' dir='ltr'><strong>coactam.</strong></span> <span class='ocrx_word' id='word_1_83' title='bbox 1189 1460 1272 1524; x_wconf 85' lang='lat' dir='ltr'><strong>Turn</strong></span> <span class='ocrx_word' id='word_1_84' title='bbox 1293 1481 1339 1543; x_wconf 84' lang='lat' dir='ltr'><strong>ag-</strong></span> 
     </span>
     <span class='ocr_line' id='line_1_12' title="bbox 228 1555 1339 1644; baseline -0.002 -22"><span class='ocrx_word' id='word_1_85' title='bbox 228 1558 378 1643; x_wconf 87' lang='lat' dir='ltr'><strong>greditur</strong></span> <span class='ocrx_word' id='word_1_86' title='bbox 399 1555 655 1640; x_wconf 84' lang='lat' dir='ltr'><strong>disputationem</strong></span> <span class='ocrx_word' id='word_1_87' title='bbox 679 1555 872 1640; x_wconf 88' lang='lat' dir='ltr'><strong>ampliorem</strong></span> <span class='ocrx_word' id='word_1_88' title='bbox 896 1557 937 1620; x_wconf 89' lang='lat' dir='ltr'><strong>de</strong></span> <span class='ocrx_word' id='word_1_89' title='bbox 961 1558 1099 1642; x_wconf 83' lang='lat' dir='ltr'><strong>singulis</strong></span> <span class='ocrx_word' id='word_1_90' title='bbox 1121 1557 1291 1644; x_wconf 81' lang='lat' dir='ltr'><strong>Capitulis,</strong></span> <span class='ocrx_word' id='word_1_91' title='bbox 1312 1568 1339 1621; x_wconf 85' lang='lat' dir='ltr'><strong>ot</strong></span> 
     </span>
     <span class='ocr_line' id='line_1_13' title="bbox 230 1652 1340 1741; baseline -0.003 -20"><span class='ocrx_word' id='word_1_92' title='bbox 230 1656 404 1738; x_wconf 83' lang='lat' dir='ltr'><strong>sexaginta</strong></span> <span class='ocrx_word' id='word_1_93' title='bbox 426 1655 605 1720; x_wconf 85' lang='lat' dir='ltr'><strong>sententias</strong></span> <span class='ocrx_word' id='word_1_94' title='bbox 637 1675 695 1718; x_wconf 89' lang='lat' dir='ltr'><strong>seu</strong></span> <span class='ocrx_word' id='word_1_95' title='bbox 719 1652 874 1738; x_wconf 84' lang='lat' dir='ltr'><strong>dogmata</strong></span> <span class='ocrx_word' id='word_1_96' title='bbox 906 1675 990 1740; x_wconf 89' lang='lat' dir='ltr'><strong>quae</strong></span> <span class='ocrx_word' id='word_1_97' title='bbox 1014 1654 1179 1720; x_wconf 85' lang='lat' dir='ltr'><strong>Theodori</strong></span> <span class='ocrx_word' id='word_1_98' title='bbox 1204 1655 1340 1741; x_wconf 85' lang='lat' dir='ltr'><strong>Mopsue-</strong></span> 
     </span>
     <span class='ocr_line' id='line_1_14' title="bbox 231 1750 1401 1839; baseline -0.003 -21"><span class='ocrx_word' id='word_1_99' title='bbox 231 1755 315 1818; x_wconf 84' lang='lat' dir='ltr'><strong>steni</strong></span> <span class='ocrx_word' id='word_1_100' title='bbox 343 1751 550 1832; x_wconf 81' lang='lat' dir='ltr'><strong>dicebantur,</strong></span> <span class='ocrx_word' id='word_1_101' title='bbox 574 1750 616 1814; x_wconf 89' lang='lat' dir='ltr'><strong>ab</strong></span> <span class='ocrx_word' id='word_1_102' title='bbox 633 1751 835 1836; x_wconf 87' lang='lat' dir='ltr'><strong>Imperatore</strong></span> <span class='ocrx_word' id='word_1_103' title='bbox 859 1773 918 1836; x_wconf 90' lang='lat' dir='ltr'><strong>per</strong></span> <span class='ocrx_word' id='word_1_104' title='bbox 940 1752 1128 1837; x_wconf 86' lang='lat' dir='ltr'><strong>Benignum</strong></span> <span class='ocrx_word' id='word_1_105' title='bbox 1163 1756 1340 1839; x_wconf 86' lang='lat' dir='ltr'><strong>episcopum</strong></span> <span class='ocrx_word' id='word_1_106' title='bbox 1400 1757 1401 1770; x_wconf 63' lang='lat'>¹</span> 
     </span>
     <span class='ocr_line' id='line_1_15' title="bbox 231 1849 1401 1930; baseline 0.002 -14"><span class='ocrx_word' id='word_1_107' title='bbox 231 1851 413 1916; x_wconf 81' lang='lat' dir='ltr'><strong>Heracleae</strong></span> <span class='ocrx_word' id='word_1_108' title='bbox 447 1849 490 1914; x_wconf 90' lang='lat' dir='ltr'><strong>ad</strong></span> <span class='ocrx_word' id='word_1_109' title='bbox 528 1870 562 1913; x_wconf 88' lang='lat' dir='ltr'><strong>se</strong></span> <span class='ocrx_word' id='word_1_110' title='bbox 592 1850 792 1930; x_wconf 87' lang='lat' dir='ltr'><strong>transmissa,</strong></span> <span class='ocrx_word' id='word_1_111' title='bbox 837 1849 973 1913; x_wconf 90' lang='lat' dir='ltr'><strong>damnat</strong></span> <span class='ocrx_word' id='word_1_112' title='bbox 1016 1859 1049 1913; x_wconf 90' lang='lat' dir='ltr'><strong>et</strong></span> <span class='ocrx_word' id='word_1_113' title='bbox 1086 1851 1340 1914; x_wconf 77' lang='lat' dir='ltr'><strong>anathematizat.</strong></span> <span class='ocrx_word' id='word_1_114' title='bbox 1400 1911 1401 1918; x_wconf 72' lang='grc'>,</span> 
     </span>
     <span class='ocr_line' id='line_1_16' title="bbox 232 1945 1401 2034; baseline -0.003 -22"><span class='ocrx_word' id='word_1_115' title='bbox 232 1949 320 2012; x_wconf 89' lang='lat' dir='ltr'><strong>Dein</strong></span> <span class='ocrx_word' id='word_1_116' title='bbox 344 1950 413 2032; x_wconf 86' lang='lat' dir='ltr'><strong>agit</strong></span> <span class='ocrx_word' id='word_1_117' title='bbox 443 1946 484 2012; x_wconf 90' lang='lat' dir='ltr'><strong>de</strong></span> <span class='ocrx_word' id='word_1_118' title='bbox 507 1948 721 2034; x_wconf 86' lang='lat' dir='ltr'><strong>quaestione,</strong></span> <span class='ocrx_word' id='word_1_119' title='bbox 746 1969 789 2010; x_wconf 87' lang='lat' dir='ltr'><strong>an</strong></span> <span class='ocrx_word' id='word_1_120' title='bbox 812 1945 977 2012; x_wconf 85' lang='lat' dir='ltr'><strong>Theodori</strong></span> <span class='ocrx_word' id='word_1_121' title='bbox 1001 1967 1141 2033; x_wconf 85' lang='lat' dir='ltr'><strong>persona</strong></span> <span class='ocrx_word' id='word_1_122' title='bbox 1167 1947 1341 2013; x_wconf 87' lang='lat' dir='ltr'><strong>damnanda</strong></span> <span class='ocrx_word' id='word_1_123' title='bbox 1400 1949 1401 1988; x_wconf 70' lang='lat'><em>³</em></span> 
     </span>
     <span class='ocr_line' id='line_1_17' title="bbox 233 2043 1401 2134; baseline 0 -24"><span class='ocrx_word' id='word_1_124' title='bbox 233 2044 292 2134; x_wconf 58' lang='lat' dir='ltr'><strong>sitf,</strong></span> <span class='ocrx_word' id='word_1_125' title='bbox 335 2056 367 2109; x_wconf 80' lang='lat' dir='ltr'><strong>et</strong></span> <span class='ocrx_word' id='word_1_126' title='bbox 405 2067 448 2108; x_wconf 88' lang='lat' dir='ltr'><strong>ex</strong></span> <span class='ocrx_word' id='word_1_127' title='bbox 485 2043 644 2129; x_wconf 88' lang='lat' dir='ltr'><strong>exemplis</strong></span> <span class='ocrx_word' id='word_1_128' title='bbox 685 2053 784 2129; x_wconf 82' lang='lat' dir='ltr'><strong>atque</strong></span> <span class='ocrx_word' id='word_1_129' title='bbox 825 2044 975 2108; x_wconf 88' lang='lat' dir='ltr'><strong>doctrina</strong></span> <span class='ocrx_word' id='word_1_130' title='bbox 1015 2046 1179 2132; x_wconf 88' lang='lat' dir='ltr'><strong>majorum</strong></span> <span class='ocrx_word' id='word_1_131' title='bbox 1217 2045 1341 2132; x_wconf 89' lang='lat' dir='ltr'><strong>probare</strong></span> <span class='ocrx_word' id='word_1_132' title='bbox 1400 2089 1401 2110; x_wconf 48' lang='lat' dir='ltr'><strong>i</strong></span> 
     </span>
     <span class='ocr_line' id='line_1_18' title="bbox 238 2141 1401 2225; baseline -0.003 -16"><span class='ocrx_word' id='word_1_133' title='bbox 238 2145 363 2225; x_wconf 89' lang='lat' dir='ltr'><strong>nititur,</strong></span> <span class='ocrx_word' id='word_1_134' title='bbox 397 2165 494 2207; x_wconf 89' lang='lat' dir='ltr'><strong>usum</strong></span> <span class='ocrx_word' id='word_1_135' title='bbox 517 2141 687 2206; x_wconf 86' lang='lat' dir='ltr'><strong>Ecclesiae</strong></span> <span class='ocrx_word' id='word_1_136' title='bbox 720 2163 803 2223; x_wconf 87' lang='lat' dir='ltr'><strong>ease,</strong></span> <span class='ocrx_word' id='word_1_137' title='bbox 828 2151 866 2204; x_wconf 86' lang='lat' dir='ltr'><strong>ut</strong></span> <span class='ocrx_word' id='word_1_138' title='bbox 897 2143 1122 2207; x_wconf 86' lang='lat' dir='ltr'><strong>sacerdotibus</strong></span> <span class='ocrx_word' id='word_1_139' title='bbox 1146 2146 1181 2207; x_wconf 94' lang='lat' dir='ltr'><strong>in</strong></span> <span class='ocrx_word' id='word_1_140' title='bbox 1215 2163 1341 2207; x_wconf 89' lang='lat' dir='ltr'><strong>commu·</strong></span> <span class='ocrx_word' id='word_1_141' title='bbox 1400 2191 1401 2206; x_wconf 40' lang='lat' dir='ltr'><strong>i</strong></span> 
     </span>
     <span class='ocr_line' id='line_1_19' title="bbox 239 2238 1341 2326; baseline -0.005 -20"><span class='ocrx_word' id='word_1_142' title='bbox 239 2243 337 2306; x_wconf 86' lang='lat' dir='ltr'><strong>nione</strong></span> <span class='ocrx_word' id='word_1_143' title='bbox 360 2239 530 2305; x_wconf 85' lang='lat' dir='ltr'><strong>Ecclesiae</strong></span> <span class='ocrx_word' id='word_1_144' title='bbox 554 2239 720 2304; x_wconf 88' lang='lat' dir='ltr'><strong>defunctis</strong></span> <span class='ocrx_word' id='word_1_145' title='bbox 743 2249 908 2326; x_wconf 87' lang='lat' dir='ltr'><strong>parcatur.</strong></span> <span class='ocrx_word' id='word_1_146' title='bbox 964 2239 1083 2314; x_wconf 75' lang='lat' dir='ltr'><strong>Quibus</strong></span> <span class='ocrx_word' id='word_1_147' title='bbox 1113 2241 1255 2305; x_wconf 79' lang='lat' dir='ltr'><strong>omnibns</strong></span> <span class='ocrx_word' id='word_1_148' title='bbox 1280 2238 1341 2302; x_wconf 74' lang='lat' dir='ltr'><strong>otti-</strong></span> 
     </span>
     <span class='ocr_line' id='line_1_20' title="bbox 238 2336 1343 2425; baseline -0.004 -23"><span class='ocrx_word' id='word_1_149' title='bbox 238 2349 344 2425; x_wconf 79' lang='lat' dir='ltr'><strong>9enter</strong></span> <span class='ocrx_word' id='word_1_150' title='bbox 373 2339 538 2423; x_wconf 80' lang='lat' dir='ltr'><strong>inspectis,</strong></span> <span class='ocrx_word' id='word_1_151' title='bbox 579 2337 708 2418; x_wconf 88' lang='lat' dir='ltr'><strong>scribit,</strong></span> <span class='ocrx_word' id='word_1_152' title='bbox 742 2339 819 2422; x_wconf 78' lang='lat' dir='ltr'><strong>quin</strong></span> <span class='ocrx_word' id='word_1_153' title='bbox 850 2336 923 2401; x_wconf 81' lang='lat' dir='ltr'><strong>licet</strong></span> <span class='ocrx_word' id='word_1_154' title='bbox 956 2338 1078 2402; x_wconf 59' lang='lat' dir='ltr'><strong>divano</strong></span> <span class='ocrx_word' id='word_1_155' title='bbox 1107 2351 1223 2424; x_wconf 81' lang='lat' dir='ltr'><strong>patrea</strong></span> <span class='ocrx_word' id='word_1_156' title='bbox 1255 2337 1343 2401; x_wconf 74' lang='lat' dir='ltr'><strong>nostri</strong></span> 
     </span>
     <span class='ocr_line' id='line_1_21' title="bbox 238 2433 1342 2522; baseline -0.004 -22"><span class='ocrx_word' id='word_1_157' title='bbox 238 2434 400 2500; x_wconf 72' lang='lat' dir='ltr'><strong>corbanan</strong></span> <span class='ocrx_word' id='word_1_158' title='bbox 423 2436 523 2514; x_wconf 85' lang='lat' dir='ltr'><strong>modo,</strong></span> <span class='ocrx_word' id='word_1_159' title='bbox 548 2437 643 2500; x_wconf 78' lang='lat' dir='ltr'><strong>anina</strong></span> <span class='ocrx_word' id='word_1_160' title='bbox 667 2445 769 2498; x_wconf 78' lang='lat' dir='ltr'><strong>tanuen</strong></span> <span class='ocrx_word' id='word_1_161' title='bbox 793 2435 888 2499; x_wconf 79' lang='lat' dir='ltr'><strong>docta</strong></span> <span class='ocrx_word' id='word_1_162' title='bbox 910 2433 1137 2522; x_wconf 71' lang='lat' dir='ltr'><strong>intellipontiae</strong></span> <span class='ocrx_word' id='word_1_163' title='bbox 1162 2438 1342 2508; x_wconf 75' lang='lat' dir='ltr'><strong>disserentes,</strong></span> 
     </span>
     <span class='ocr_line' id='line_1_22' title="bbox 238 2531 1343 2619; baseline -0.001 -22"><span class='ocrx_word' id='word_1_164' title='bbox 238 2533 370 2598; x_wconf 80' lang='lat' dir='ltr'><strong>illaesos</strong></span> <span class='ocrx_word' id='word_1_165' title='bbox 394 2534 590 2598; x_wconf 81' lang='lat' dir='ltr'><strong>sacerdotum</strong></span> <span class='ocrx_word' id='word_1_166' title='bbox 611 2535 647 2596; x_wconf 82' lang='lat' dir='ltr'><strong>in</strong></span> <span class='ocrx_word' id='word_1_167' title='bbox 672 2555 756 2619; x_wconf 82' lang='lat' dir='ltr'><strong>poca</strong></span> <span class='ocrx_word' id='word_1_168' title='bbox 784 2531 996 2596; x_wconf 67' lang='lat' dir='ltr'><strong>sennanim</strong></span> <span class='ocrx_word' id='word_1_169' title='bbox 1018 2533 1235 2619; x_wconf 74' lang='lat' dir='ltr'><strong>defunctos-nna</strong></span> <span class='ocrx_word' id='word_1_170' title='bbox 1257 2553 1343 2596; x_wconf 68' lang='lat' dir='ltr'><strong>seron</strong></span> 
     </span>
     <span class='ocr_line' id='line_1_23' title="bbox 239 2629 1341 2717; baseline -0.002 -22"><span class='ocrx_word' id='word_1_171' title='bbox 239 2653 309 2695; x_wconf 81' lang='lat' dir='ltr'><strong>aare</strong></span> <span class='ocrx_word' id='word_1_172' title='bbox 336 2653 512 2717; x_wconf 81' lang='lat' dir='ltr'><strong>poraonas;</strong></span> <span class='ocrx_word' id='word_1_173' title='bbox 534 2631 675 2716; x_wconf 76' lang='lat' dir='ltr'><strong>idemque</strong></span> <span class='ocrx_word' id='word_1_174' title='bbox 706 2630 894 2716; x_wconf 58' lang='lat' dir='ltr'><strong>reputantes·</strong></span> <span class='ocrx_word' id='word_1_175' title='bbox 929 2630 1119 2716; x_wconf 80' lang='lat' dir='ltr'><strong>apostolicas</strong></span> <span class='ocrx_word' id='word_1_176' title='bbox 1150 2629 1243 2696; x_wconf 69' lang='lat' dir='ltr'><strong>Sedit</strong></span> <span class='ocrx_word' id='word_1_177' title='bbox 1275 2649 1341 2715; x_wconf 78' lang='lat' dir='ltr'><strong>qnae</strong></span> 
     </span>
     <span class='ocr_line' id='line_1_24' title="bbox 241 2721 1342 2815; baseline -0.007 -22"><span class='ocrx_word' id='word_1_178' title='bbox 241 2753 341 2815; x_wconf 79' lang='lat' dir='ltr'><strong>snpra</strong></span> <span class='ocrx_word' id='word_1_179' title='bbox 364 2729 503 2793; x_wconf 76' lang='lat' dir='ltr'><strong>dioeimos</strong></span> <span class='ocrx_word' id='word_1_180' title='bbox 525 2728 680 2812; x_wconf 75' lang='lat' dir='ltr'><strong>dejiciant</strong></span> <span class='ocrx_word' id='word_1_181' title='bbox 702 2729 890 2792; x_wconf 74' lang='lat' dir='ltr'><strong>constibrta:</strong></span> <span class='ocrx_word' id='word_1_182' title='bbox 922 2727 1017 2790; x_wconf 67' lang='lat' dir='ltr'><strong>Natta·</strong></span> <span class='ocrx_word' id='word_1_183' title='bbox 1040 2726 1132 2790; x_wconf 76' lang='lat' dir='ltr'><strong>licere</strong></span> <span class='ocrx_word' id='word_1_184' title='bbox 1155 2729 1273 2792; x_wconf 58' lang='lat' dir='ltr'><strong>nomm</strong></span> <span class='ocrx_word' id='word_1_185' title='bbox 1293 2721 1342 2788; x_wconf 79' lang='lat' dir='ltr'><strong>uti-</strong></span> 
     </span>
     <span class='ocr_line' id='line_1_25' title="bbox 241 2823 1342 2914; baseline -0.007 -22"><span class='ocrx_word' id='word_1_186' title='bbox 241 2827 318 2913; x_wconf 80' lang='lat' dir='ltr'><strong>qnid</strong></span> <span class='ocrx_word' id='word_1_187' title='bbox 341 2827 379 2890; x_wconf 81' lang='lat' dir='ltr'><strong>dc</strong></span> <span class='ocrx_word' id='word_1_188' title='bbox 391 2837 582 2890; x_wconf 78' lang='lat' dir='ltr'><strong>mortuorum</strong></span> <span class='ocrx_word' id='word_1_189' title='bbox 597 2826 746 2914; x_wconf 73' lang='lat' dir='ltr'><strong>judicor-a</strong></span> <span class='ocrx_word' id='word_1_190' title='bbox 755 2828 919 2911; x_wconf 77' lang='lat' dir='ltr'><strong>personis,</strong></span> <span class='ocrx_word' id='word_1_191' title='bbox 944 2825 999 2889; x_wconf 80' lang='lat' dir='ltr'><strong>aad</strong></span> <span class='ocrx_word' id='word_1_192' title='bbox 1020 2826 1056 2889; x_wconf 84' lang='lat' dir='ltr'><strong>s&#39;n</strong></span> <span class='ocrx_word' id='word_1_193' title='bbox 1077 2825 1132 2888; x_wconf 82' lang='lat' dir='ltr'><strong>boc</strong></span> <span class='ocrx_word' id='word_1_194' title='bbox 1153 2826 1295 2911; x_wconf 73' lang='lat' dir='ltr'><strong>relinqui,</strong></span> <span class='ocrx_word' id='word_1_195' title='bbox 1315 2823 1342 2884; x_wconf 82' lang='lat' dir='ltr'><strong>in</strong></span> 
     </span>
     <span class='ocr_line' id='line_1_26' title="bbox 242 2917 1342 3010; baseline -0.007 -22"><span class='ocrx_word' id='word_1_196' title='bbox 242 2947 302 3008; x_wconf 81' lang='lat' dir='ltr'><strong>quo</strong></span> <span class='ocrx_word' id='word_1_197' title='bbox 333 2945 574 3010; x_wconf 72' lang='lat' dir='ltr'><strong>numquamque</strong></span> <span class='ocrx_word' id='word_1_198' title='bbox 607 2925 674 2986; x_wconf 81' lang='lat' dir='ltr'><strong>dieo</strong></span> <span class='ocrx_word' id='word_1_199' title='bbox 707 2945 869 3010; x_wconf 75' lang='lat' dir='ltr'><strong>capranna</strong></span> <span class='ocrx_word' id='word_1_200' title='bbox 891 2923 1032 3002; x_wconf 79' lang='lat' dir='ltr'><strong>inoenft;</strong></span> <span class='ocrx_word' id='word_1_201' title='bbox 1066 2934 1096 2986; x_wconf 82' lang='lat' dir='ltr'><strong>et</strong></span> <span class='ocrx_word' id='word_1_202' title='bbox 1118 2917 1342 3008; x_wconf 61' lang='lat' dir='ltr'><strong>specialiter&amp;</strong></span> 
     </span>
     <span class='ocr_line' id='line_1_27' title="bbox 246 3015 1343 3107; baseline -0.007 -21"><span class='ocrx_word' id='word_1_203' title='bbox 246 3023 276 3085; x_wconf 90' lang='lat' dir='ltr'><em>T</em></span> <span class='ocrx_word' id='word_1_204' title='bbox 274 3021 402 3086; x_wconf 71' lang='lat' dir='ltr'><strong>teodori</strong></span> <span class='ocrx_word' id='word_1_205' title='bbox 425 3023 641 3107; x_wconf 77' lang='lat' dir='ltr'><strong>Mopsuesteni</strong></span> <span class='ocrx_word' id='word_1_206' title='bbox 661 3023 794 3098; x_wconf 80' lang='lat' dir='ltr'><strong>nornine,</strong></span> <span class='ocrx_word' id='word_1_207' title='bbox 818 3019 896 3106; x_wconf 80' lang='lat' dir='ltr'><strong>qaid</strong></span> <span class='ocrx_word' id='word_1_208' title='bbox 917 3021 1022 3084; x_wconf 83' lang='lat' dir='ltr'><strong>sancti</strong></span> <span class='ocrx_word' id='word_1_209' title='bbox 1038 3031 1151 3106; x_wconf 84' lang='lat' dir='ltr'><strong>potres</strong></span> <span class='ocrx_word' id='word_1_210' title='bbox 1174 3020 1273 3084; x_wconf 80' lang='lat' dir='ltr'><strong>nostri</strong></span> <span class='ocrx_word' id='word_1_211' title='bbox 1292 3015 1343 3078; x_wconf 78' lang='lat' dir='ltr'><strong>an-</strong></span> 
     </span>
     <span class='ocr_line' id='line_1_28' title="bbox 237 3119 1344 3206; baseline -0.007 -22"><span class='ocrx_word' id='word_1_212' title='bbox 237 3120 416 3206; x_wconf 70' lang='lat' dir='ltr'><strong>poaoerint,</strong></span> <span class='ocrx_word' id='word_1_213' title='bbox 439 3121 584 3205; x_wconf 69' lang='lat' dir='ltr'><strong>saperius</strong></span> <span class='ocrx_word' id='word_1_214' title='bbox 607 3119 766 3184; x_wconf 80' lang='lat' dir='ltr'><strong>evidenter</strong></span> <span class='ocrx_word' id='word_1_215' title='bbox 784 3139 964 3205; x_wconf 65' lang='lat' dir='ltr'><strong>capreosam</strong></span> <span class='ocrx_word' id='word_1_216' title='bbox 987 3127 1053 3181; x_wconf 81' lang='lat' dir='ltr'><strong>art:</strong></span> <span class='ocrx_word' id='word_1_217' title='bbox 1076 3139 1143 3182; x_wconf 81' lang='lat' dir='ltr'><strong>corn</strong></span> <span class='ocrx_word' id='word_1_218' title='bbox 1166 3128 1274 3182; x_wconf 82' lang='lat' dir='ltr'><strong>nostro</strong></span> <span class='ocrx_word' id='word_1_219' title='bbox 1293 3135 1344 3176; x_wconf 85' lang='lat' dir='ltr'><strong>non</strong></span> 
     </span>
     <span class='ocr_line' id='line_1_29' title="bbox 245 3214 1343 3302; baseline -0.006 -20"><span class='ocrx_word' id='word_1_220' title='bbox 245 3217 394 3282; x_wconf 74' lang='lat' dir='ltr'><strong>audemus</strong></span> <span class='ocrx_word' id='word_1_221' title='bbox 417 3217 569 3281; x_wconf 82' lang='lat' dir='ltr'><strong>damnare</strong></span> <span class='ocrx_word' id='word_1_222' title='bbox 604 3217 769 3296; x_wconf 78' lang='lat' dir='ltr'><strong>sententio,</strong></span> <span class='ocrx_word' id='word_1_223' title='bbox 801 3217 856 3280; x_wconf 73' lang='lat' dir='ltr'><strong>aad</strong></span> <span class='ocrx_word' id='word_1_224' title='bbox 886 3239 942 3279; x_wconf 83' lang='lat' dir='ltr'><strong>nso</strong></span> <span class='ocrx_word' id='word_1_225' title='bbox 971 3215 1010 3278; x_wconf 83' lang='lat' dir='ltr'><strong>ab</strong></span> <span class='ocrx_word' id='word_1_226' title='bbox 1034 3214 1100 3278; x_wconf 81' lang='lat' dir='ltr'><strong>olio</strong></span> <span class='ocrx_word' id='word_1_227' title='bbox 1123 3217 1268 3302; x_wconf 78' lang='lat' dir='ltr'><strong>qnops&#39;om</strong></span> <span class='ocrx_word' id='word_1_228' title='bbox 1287 3233 1343 3274; x_wconf 75' lang='lat' dir='ltr'><strong>oost-</strong></span> 
     </span>
     <span class='ocr_line' id='line_1_30' title="bbox 245 3315 617 3380; baseline -0.003 -1"><span class='ocrx_word' id='word_1_229' title='bbox 245 3316 391 3380; x_wconf 80' lang='lat' dir='ltr'><strong>demnart&#39;</strong></span> <span class='ocrx_word' id='word_1_230' title='bbox 413 3315 617 3379; x_wconf 77' lang='lat' dir='ltr'><strong>concedimur.</strong></span> 
     </span>
    </p>

    <p class='ocr_par' dir='ltr' id='par_1_5' title="bbox 245 3403 1346 4278">
     <span class='ocr_line' id='line_1_31' title="bbox 334 3403 1344 3497; baseline -0.01 -20"><span class='ocrx_word' id='word_1_231' title='bbox 334 3411 388 3478; x_wconf 78' lang='lat'><strong>55.</strong></span> <span class='ocrx_word' id='word_1_232' title='bbox 412 3413 593 3476; x_wconf 84' lang='lat' dir='ltr'><strong>Examinat</strong></span> <span class='ocrx_word' id='word_1_233' title='bbox 626 3412 703 3476; x_wconf 91' lang='lat' dir='ltr'><strong>dein</strong></span> <span class='ocrx_word' id='word_1_234' title='bbox 737 3413 960 3497; x_wconf 85' lang='lat' dir='ltr'><strong>quaestionem</strong></span> <span class='ocrx_word' id='word_1_235' title='bbox 986 3409 1027 3473; x_wconf 90' lang='lat' dir='ltr'><strong>de</strong></span> <span class='ocrx_word' id='word_1_236' title='bbox 1050 3407 1264 3473; x_wconf 86' lang='lat' dir='ltr'><strong>Theodoreto.</strong></span> <span class='ocrx_word' id='word_1_237' title='bbox 1305 3403 1344 3467; x_wconf 84' lang='lat' dir='ltr'><strong>De</strong></span> 
     </span>
     <span class='ocr_line' id='line_1_32' title="bbox 245 3503 1345 3596; baseline -0.006 -20"><span class='ocrx_word' id='word_1_238' title='bbox 245 3511 374 3596; x_wconf 73' lang='lat' dir='ltr'><strong>scriptis</strong></span> <span class='ocrx_word' id='word_1_239' title='bbox 396 3533 479 3588; x_wconf 83' lang='lat' dir='ltr'><strong>varo,</strong></span> <span class='ocrx_word' id='word_1_240' title='bbox 504 3510 559 3590; x_wconf 86' lang='lat' dir='ltr'><strong>ait,</strong></span> <span class='ocrx_word' id='word_1_241' title='bbox 593 3531 672 3594; x_wconf 82' lang='lat' dir='ltr'><strong>qnae</strong></span> <span class='ocrx_word' id='word_1_242' title='bbox 705 3509 759 3572; x_wconf 85' lang='lat' dir='ltr'><strong>aab</strong></span> <span class='ocrx_word' id='word_1_243' title='bbox 783 3507 973 3572; x_wconf 66' lang='lat' dir='ltr'><strong>vorarat-itis</strong></span> <span class='ocrx_word' id='word_1_244' title='bbox 998 3505 1187 3571; x_wconf 73' lang='lat' dir='ltr'><strong>Tbeodorets&#39;</strong></span> <span class='ocrx_word' id='word_1_245' title='bbox 1208 3503 1345 3593; x_wconf 58' lang='lat' dir='ltr'><strong>wadon</strong></span> 
     </span>
     <span class='ocr_line' id='line_1_33' title="bbox 247 3606 1345 3696; baseline -0.008 -22"><span class='ocrx_word' id='word_1_246' title='bbox 247 3609 388 3696; x_wconf 76' lang='lat' dir='ltr'><strong>episcopi</strong></span> <span class='ocrx_word' id='word_1_247' title='bbox 416 3609 539 3672; x_wconf 78' lang='lat' dir='ltr'><strong>nomine</strong></span> <span class='ocrx_word' id='word_1_248' title='bbox 559 3606 778 3693; x_wconf 69' lang='lat' dir='ltr'><strong>proferrentur,</strong></span> <span class='ocrx_word' id='word_1_249' title='bbox 811 3607 964 3670; x_wconf 77' lang='lat' dir='ltr'><strong>nsirnmnr</strong></span> <span class='ocrx_word' id='word_1_250' title='bbox 992 3606 1138 3691; x_wconf 64' lang='lat' dir='ltr'><strong>primurn,</strong></span> <span class='ocrx_word' id='word_1_251' title='bbox 1168 3627 1224 3668; x_wconf 82' lang='lat' dir='ltr'><strong>cur</strong></span> <span class='ocrx_word' id='word_1_252' title='bbox 1245 3619 1345 3665; x_wconf 69' lang='lat' dir='ltr'><strong>necent</strong></span> 
     </span>
     <span class='ocr_line' id='line_1_34' title="bbox 247 3701 1345 3795; baseline -0.008 -25"><span class='ocrx_word' id='word_1_253' title='bbox 247 3709 291 3771; x_wconf 85' lang='lat' dir='ltr'><strong>ss&#39;t</strong></span> <span class='ocrx_word' id='word_1_254' title='bbox 313 3709 380 3795; x_wconf 79' lang='lat' dir='ltr'><strong>ejas</strong></span> <span class='ocrx_word' id='word_1_255' title='bbox 404 3705 576 3770; x_wconf 78' lang='lat' dir='ltr'><strong>sacerdotia</strong></span> <span class='ocrx_word' id='word_1_256' title='bbox 598 3705 722 3768; x_wconf 83' lang='lat' dir='ltr'><strong>nominc</strong></span> <span class='ocrx_word' id='word_1_257' title='bbox 744 3705 780 3768; x_wconf 81' lang='lat' dir='ltr'><strong>in</strong></span> <span class='ocrx_word' id='word_1_258' title='bbox 799 3702 1052 3767; x_wconf 77' lang='lat' dir='ltr'><strong>obtractationem</strong></span> <span class='ocrx_word' id='word_1_259' title='bbox 1075 3701 1243 3788; x_wconf 72' lang='lat' dir='ltr'><strong>quidquam</strong></span> <span class='ocrx_word' id='word_1_260' title='bbox 1262 3701 1345 3786; x_wconf 65' lang='lat' dir='ltr'><strong>sajet</strong></span> 
     </span>
     <span class='ocr_line' id='line_1_35' title="bbox 248 3793 1346 3888; baseline -0.014 -18"><span class='ocrx_word' id='word_1_261' title='bbox 248 3805 325 3870; x_wconf 80' lang='lat' dir='ltr'><strong>libat</strong></span> <span class='ocrx_word' id='word_1_262' title='bbox 348 3803 453 3868; x_wconf 77' lang='lat' dir='ltr'><strong>stadio</strong></span> <span class='ocrx_word' id='word_1_263' title='bbox 486 3803 642 3881; x_wconf 79' lang='lat' dir='ltr'><strong>davocnri,</strong></span> <span class='ocrx_word' id='word_1_264' title='bbox 666 3803 721 3888; x_wconf 79' lang='lat' dir='ltr'><strong>qai</strong></span> <span class='ocrx_word' id='word_1_265' title='bbox 752 3811 826 3866; x_wconf 82' lang='lat' dir='ltr'><strong>anto</strong></span> <span class='ocrx_word' id='word_1_266' title='bbox 855 3811 1027 3865; x_wconf 71' lang='lat' dir='ltr'><strong>renormat</strong></span> <span class='ocrx_word' id='word_1_267' title='bbox 1050 3799 1186 3885; x_wconf 81' lang='lat' dir='ltr'><strong>amplias</strong></span> <span class='ocrx_word' id='word_1_268' title='bbox 1209 3817 1301 3862; x_wconf 80' lang='lat' dir='ltr'><strong>annos</strong></span> <span class='ocrx_word' id='word_1_269' title='bbox 1319 3793 1346 3854; x_wconf 85' lang='lat' dir='ltr'><strong>s&#39;o</strong></span> 
     </span>
     <span class='ocr_line' id='line_1_36' title="bbox 248 3889 1345 3986; baseline -0.006 -20"><span class='ocrx_word' id='word_1_270' title='bbox 248 3913 376 3966; x_wconf 83' lang='lat' dir='ltr'><strong>sanctae</strong></span> <span class='ocrx_word' id='word_1_271' title='bbox 401 3911 430 3964; x_wconf 87' lang='lat' dir='ltr'><strong>et</strong></span> <span class='ocrx_word' id='word_1_272' title='bbox 452 3900 649 3964; x_wconf 80' lang='lat' dir='ltr'><strong>venerandas</strong></span> <span class='ocrx_word' id='word_1_273' title='bbox 676 3898 938 3964; x_wconf 77' lang='lat' dir='ltr'><strong>Chalcedonensis</strong></span> <span class='ocrx_word' id='word_1_274' title='bbox 963 3896 1084 3983; x_wconf 77' lang='lat' dir='ltr'><strong>Synodi</strong></span> <span class='ocrx_word' id='word_1_275' title='bbox 1108 3897 1230 3986; x_wconf 72' lang='lat' dir='ltr'><strong>jstdido</strong></span> <span class='ocrx_word' id='word_1_276' title='bbox 1252 3889 1345 3958; x_wconf 67' lang='lat' dir='ltr'><strong>sonan-</strong></span> 
     </span>
     <span class='ocr_line' id='line_1_37' title="bbox 251 3991 1346 4083; baseline -0.007 -21"><span class='ocrx_word' id='word_1_277' title='bbox 251 4010 335 4064; x_wconf 80' lang='lat' dir='ltr'><strong>toan</strong></span> <span class='ocrx_word' id='word_1_278' title='bbox 359 4000 425 4062; x_wconf 80' lang='lat' dir='ltr'><strong>aine</strong></span> <span class='ocrx_word' id='word_1_279' title='bbox 449 3997 559 4083; x_wconf 73' lang='lat' dir='ltr'><strong>aliqua</strong></span> <span class='ocrx_word' id='word_1_280' title='bbox 581 3999 778 4062; x_wconf 77' lang='lat' dir='ltr'><strong>cunctatione</strong></span> <span class='ocrx_word' id='word_1_281' title='bbox 799 3997 991 4081; x_wconf 62' lang='lat' dir='ltr'><strong>ntbmsipss&#39;t,</strong></span> <span class='ocrx_word' id='word_1_282' title='bbox 1016 4006 1046 4058; x_wconf 85' lang='lat' dir='ltr'><strong>at</strong></span> <span class='ocrx_word' id='word_1_283' title='bbox 1068 3994 1237 4058; x_wconf 76' lang='lat' dir='ltr'><strong>beatissimi</strong></span> <span class='ocrx_word' id='word_1_284' title='bbox 1257 3991 1346 4074; x_wconf 77' lang='lat' dir='ltr'><strong>Papae</strong></span> 
     </span>
     <span class='ocr_line' id='line_1_38' title="bbox 252 4091 1345 4182; baseline -0.005 -22"><span class='ocrx_word' id='word_1_285' title='bbox 252 4097 368 4160; x_wconf 59' lang='lat' dir='ltr'><strong>honis</strong></span> <span class='ocrx_word' id='word_1_286' title='bbox 391 4095 532 4180; x_wconf 60' lang='lat' dir='ltr'><strong>epistolae</strong></span> <span class='ocrx_word' id='word_1_287' title='bbox 551 4117 660 4182; x_wconf 83' lang='lat' dir='ltr'><strong>prona</strong></span> <span class='ocrx_word' id='word_1_288' title='bbox 683 4095 844 4158; x_wconf 65' lang='lat' dir='ltr'><strong>daootmne</strong></span> <span class='ocrx_word' id='word_1_289' title='bbox 868 4093 1032 4156; x_wconf 66' lang='lat' dir='ltr'><strong>conseruit.</strong></span> <span class='ocrx_word' id='word_1_290' title='bbox 1058 4140 1065 4156; x_wconf 93' lang='lat'><strong>.</strong></span> <span class='ocrx_word' id='word_1_291' title='bbox 1089 4140 1098 4154; x_wconf 90' lang='lat'><strong>.</strong></span> <span class='ocrx_word' id='word_1_292' title='bbox 1123 4091 1284 4155; x_wconf 76' lang='lat' dir='ltr'><strong>Evidenter</strong></span> <span class='ocrx_word' id='word_1_293' title='bbox 1302 4105 1345 4167; x_wconf 73' lang='lat' dir='ltr'><strong>ap·</strong></span> 
     </span>
     <span class='ocr_line' id='line_1_39' title="bbox 249 4183 1345 4278; baseline -0.008 -24"><span class='ocrx_word' id='word_1_294' title='bbox 249 4203 355 4276; x_wconf 82' lang='lat' dir='ltr'><strong>pnrat,</strong></span> <span class='ocrx_word' id='word_1_295' title='bbox 388 4194 464 4277; x_wconf 81' lang='lat' dir='ltr'><strong>qnia</strong></span> <span class='ocrx_word' id='word_1_296' title='bbox 492 4193 646 4278; x_wconf 78' lang='lat' dir='ltr'><strong>quidquid</strong></span> <span class='ocrx_word' id='word_1_297' title='bbox 677 4193 720 4256; x_wconf 80' lang='lat' dir='ltr'><strong>sit</strong></span> <span class='ocrx_word' id='word_1_298' title='bbox 748 4191 797 4256; x_wconf 82' lang='lat' dir='ltr'><strong>vel</strong></span> <span class='ocrx_word' id='word_1_299' title='bbox 812 4191 918 4278; x_wconf 75' lang='lat' dir='ltr'><strong>fiterit</strong></span> <span class='ocrx_word' id='word_1_300' title='bbox 948 4187 1003 4254; x_wconf 80' lang='lat' dir='ltr'><strong>aab</strong></span> <span class='ocrx_word' id='word_1_301' title='bbox 1027 4186 1191 4278; x_wconf 72' lang='lat' dir='ltr'><strong>cujuslibet</strong></span> <span class='ocrx_word' id='word_1_302' title='bbox 1207 4183 1345 4273; x_wconf 74' lang='lat' dir='ltr'><strong>protana</strong></span> 
     </span>
    </p>
   </div>
   <div class='ocr_carea' id='block_1_5' title="bbox 0 0 1440 4804">
    <p class='ocr_par' dir='ltr' id='par_1_6' title="bbox 0 0 1440 4804">
     <span class='ocr_line' id='line_1_40' title="bbox 0 0 1440 4804; baseline 0 0"><span class='ocrx_word' id='word_1_303' title='bbox 0 0 1440 4804; x_wconf 95' lang='lat' dir='ltr'><strong> </strong></span> 
     </span>
    </p>
   </div>
  </div>
 </body>
</html>
