2924 4818
262 531 313 591 tet
503 525 1132 594 &nomentanam-innanti

262 673 341 738 ficas
364 695 431 737 non
446 671 750 747 communicabant3
770 669 817 734 illi
833 680 945 735 tamen
963 671 999 732 in
1022 667 1194 732 ecelesiam
1209 669 1391 754 propriam

262 771 439 838 auctoritas
470 793 531 835 sna
566 779 598 833 et
620 768 766 853 dignitas
799 776 831 832 et
863 788 938 831 eum
972 766 1098 832 clericis
1133 783 1166 836 et
1197 767 1298 855 plebe
1325 787 1392 828 sna

263 869 450 934 communio
475 868 603 950 integra
626 865 831 930 servabatur.
856 865 926 928 Nec
949 863 1006 928 tali
1030 871 1157 935 ratione
1181 865 1392 932 censebatur

263 966 436 1051 episcopus
465 963 520 1028 ille
550 987 620 1028 esse
644 973 737 1028 extra
767 965 1032 1027 communionem
1062 978 1095 1030 et
1117 969 1279 1032 unitatem
1305 963 1390 1028 alia-

262 1084 336 1126 rum
373 1061 605 1142 ecclesiarum,
644 1072 676 1125 et
713 1059 910 1124 universalis
937 1060 1116 1144 Ecclesiae,
1155 1064 1212 1128 sed
1249 1072 1390 1126 tantum

264 1161 359 1242 signa
391 1157 447 1222 illa
471 1161 779 1224 communicationis
812 1167 844 1220 et
868 1157 1000 1222 honoris
1024 1163 1053 1223 ei
1078 1184 1144 1227 non
1177 1160 1390 1225 exhibeban-

264 1257 425 1322 tun-3⁰
444 1255 755 1321 Excommnnicatio
779 1257 912 1341 gravior
934 1255 995 1319 illa
1018 1271 1096 1337 erat,
1122 1262 1167 1323 ita
1184 1260 1237 1323 De
1253 1258 1390 1334 Smedt,

264 1357 481 1440 quoepiscopi
500 1366 530 1418 et
556 1354 703 1418 ecclesiae
726 1363 865 1417 mansam
887 1358 1129 1421 coonmanionem
1143 1357 1388 1443 abrumpebant.

264 1451 349 1516 Dum
383 1451 502 1516 scilieet
533 1451 680 1516 eechsiae
718 1463 774 1516 aot
812 1453 975 1536 episeopus
1010 1454 1139 1538 qnidam
1174 1455 1210 1517 in
1247 1453 1392 1518 altas-ias

265 1549 410 1616 ecclesiae
455 1559 511 1614 ont
555 1551 694 1635 episcopi
740 1550 886 1612 doctrina
931 1549 980 1613 cei
1026 1551 1198 1638 disciplina
1237 1551 1391 1636 pes-uersi

265 1645 389 1732 aliquid
434 1668 466 1710 se
499 1649 679 1733 perspicere
717 1647 947 1724 arbitrabatur,
995 1659 1025 1711 et
1070 1652 1100 1713 is
1145 1650 1282 1712 monitus
1323 1671 1388 1710 nori

265 1743 487 1830 acquiescebat,
512 1767 533 1806 a
555 1747 765 1808 ammonicae
789 1747 856 1832 ejas
875 1767 907 1806 se
931 1745 1161 1825 noanneane,
1185 1746 1336 1832 neqaado
1360 1747 1391 1808 ei

266 1841 390 1908 litterae
405 1843 630 1906 commeationis
649 1853 704 1906 aot
723 1843 818 1904 etiam
836 1842 939 1926 ipsias
956 1841 1080 1906 litteras
1094 1843 1281 1928 respuendo,
1298 1844 1389 1905 item-

265 1961 323 2026 qne
343 1961 503 2004 eoamwn
513 1941 764 2024 participatione
780 1938 959 2023 repellendo
973 1939 1089 2022 fideles
1111 1939 1201 2004 illias
1223 1939 1387 2004 eeclesiae.

267 2037 391 2101 tasnetsi
413 2035 529 2100 litteris
557 2037 819 2100 commendatitiis
854 2037 905 2099 sai
931 2038 1070 2122 episcopi
1095 2037 1242 2101 institisti
1270 2047 1386 2100 essestt.

266 2169 309 2180 --
341 2132 452 2212 Quum
485 2135 585 2198 etiam
617 2135 762 2219 episcopi
795 2135 881 2197 inter
912 2155 947 2198 ae
977 2133 1137 2217 dignitate
1166 2133 1325 2219 aequales
1350 2155 1387 2196 ea

265 2232 392 2296 ratione
425 2231 590 2295 interdum
623 2231 888 2294 communionem
920 2241 1119 2316 rumperent,
1151 2251 1210 2316 per
1242 2253 1277 2293 se
1303 2230 1387 2314 ejus-

267 2327 356 2392 modi
381 2329 688 2394 communicationis
703 2328 876 2411 denegatio
892 2349 956 2391 non
981 2326 1126 2393 habebat
1149 2329 1261 2392 stricto
1286 2327 1385 2391 modo

267 2424 411 2489 indolem
436 2447 594 2490 censurae
618 2425 671 2490 vel
700 2447 827 2510 poenae
856 2426 1099 2490 ecclesiasticae
1122 2425 1164 2490 ab
1188 2427 1386 2489 auctoritato

267 2523 427 2606 superiori
451 2521 548 2588 latae,
571 2561 614 2570 -—
638 2523 787 2588 Attamen
810 2525 837 2586 ii
858 2525 913 2607 qni
920 2524 1106 2608 poimatiali
1129 2524 1235 2608 aliqseo
1253 2528 1332 2612 jare
1355 2525 1386 2584 in

267 2619 350 2683 alios
379 2621 541 2706 episcopos
566 2621 760 2707 psallebant,
791 2643 854 2684 non
881 2620 980 2684 solam
1002 2633 1155 2707 poterant
1184 2623 1233 2684 ita
1257 2643 1386 2683 wenna-

266 2719 392 2782 nionem
407 2739 496 2782 snam
519 2718 618 2782 olisai
640 2719 793 2804 desteqare
809 2729 839 2782 et
856 2717 938 2782 alios
954 2718 1151 2783 adhortando
1177 2729 1208 2780 et
1223 2717 1386 2781 nmmo

267 2815 422 2878 addswere
446 2815 489 2880 ad
512 2839 580 2880 eam
604 2815 703 2880 eidem
726 2815 976 2892 acdtradendom,
1002 2817 1057 2879 sed
1080 2826 1110 2879 et
1133 2816 1298 2900 episcopos
1329 2813 1387 2878 sibi

268 2913 419 3001 subjectos
435 2913 602 2999 prohibere
625 2915 767 2998 imperio,
800 2937 838 2976 ne
862 2923 892 2976 et
917 2914 983 2998 ipsi
1005 2937 1074 2976 cans
1096 2935 1131 2976 eo
1154 2936 1176 2975 a
1199 2934 1258 2997 qao
1282 2935 1317 2975 se
1341 2913 1384 2974 ita

268 3012 500 3095 separavisseot
513 3011 783 3074 communicarent.
815 3009 862 3074 Ac
871 3009 1009 3095 proinde
1023 3033 1158 3074 moeniis
1169 3009 1321 3096 Pontifeoe
1336 3010 1386 3094 qai

263 3109 437 3194 ptintatoat
462 3109 669 3174 inuniversae
685 3107 831 3172 eeclesias
842 3107 1058 3192 pertinaciores
1075 3107 1175 3183 labet,
1186 3117 1320 3192 poterat
1332 3107 1386 3168 tac

267 3207 391 3270 ratim
430 3205 590 3270 ecclesiam
629 3205 677 3270 oei
708 3207 885 3290 episcopam
909 3207 1045 3289 quemuis
1082 3206 1217 3268 ommam
1249 3203 1385 3268 olias-sn

269 3301 469 3371 manarum
500 3303 710 3368 communione
737 3303 878 3387 pacare,
912 3325 967 3364 sea
999 3325 1020 3365 a
1048 3303 1258 3366 ammonens
1290 3301 1384 3364 totius

269 3399 427 3466 Εωῑαιίαε
451 3421 609 3484 separare.
617 3400 648 3483 ¹)

361 3497 412 3563 76.
436 3497 552 3562 Victor
581 3498 692 3582 itaque
725 3498 759 3562 in
793 3497 1016 3561 controversia
1047 3496 1109 3558 ista
1133 3493 1221 3558 haud
1245 3515 1383 3579 pronun·

269 3595 367 3658 tiavit
396 3593 573 3660 anathema
603 3597 638 3660 in
661 3595 832 3678 episcopos
856 3604 888 3656 et
910 3593 1065 3658 ecclesias
1088 3590 1199 3658 Asiae.
1246 3591 1313 3656 Sed
1337 3613 1383 3654 ac·

270 3702 341 3764 tum
364 3701 413 3756 est
436 3691 477 3757 de
501 3713 549 3773 eo,
574 3701 611 3755 ut
633 3694 703 3777 ipse
718 3714 777 3756 sua
792 3693 1022 3756 communione
1046 3688 1120 3754 illas
1143 3688 1298 3752 ecclesias
1324 3688 1381 3773 pri·
1448 3697 1449 3785 q

271 3799 365 3857 voret
387 3799 420 3854 et
442 3791 542 3854 etiam
571 3789 707 3875 reliquis
730 3790 893 3874 episcopis
922 3789 1126 3875 injungeret,
1157 3807 1199 3850 na
1223 3807 1299 3850 cum
1323 3783 1382 3850 illis

271 3887 418 3954 ecclesiis
451 3889 742 3954 communicarent.
797 3885 977 3972 Quousque
1009 3905 1086 3950 vero
1120 3882 1282 3969 ejusmodi
1316 3883 1380 3968 ejus

271 3983 440 4056 decretum
455 3987 556 4057 etiam
577 3985 766 4052 executioni
791 3985 905 4050 datum
928 3982 1037 4063 fuerit,
1061 4003 1130 4045 non
1152 3979 1250 4064 plane
1272 3979 1380 4067 liquet.

271 4079 369 4146 Ferte
392 4081 425 4148 S.
450 4081 565 4146 Victor
588 4080 841 4166 denegationem
857 4079 947 4146 illam
972 4079 1214 4144 communionis
1238 4079 1378 4142 omnium
1447 4067 1448 4133 l

346 4281 609 4351 ²)Desnadtta
