2806 4848
248 441 298 497 168
669 444 708 498 De
727 443 798 498 facto
817 443 944 498 Nectarii.

248 588 325 650 sitas
358 587 571 650 confessionis
604 609 733 672 semper
759 588 871 672 agnita
901 587 983 668 fuit3
1020 611 1063 652 an
1091 611 1168 652 vcro
1193 590 1343 654 confessio

248 694 371 747 secreta
403 683 455 747 vel
488 683 620 769 publica
655 707 725 748 esse
758 685 901 766 deberet,
933 687 1072 770 sapienti
1096 691 1344 773 praepositorum
1390 763 1391 768 γ

242 781 369 866 judicio
394 781 636 866 disponebatur.
669 782 766 862 Quod
789 782 831 845 sd
855 803 951 846 usum
975 792 1007 846 et
1030 787 1258 850 necessitatem
1281 807 1345 849 ccu-
1390 837 1391 840 η

248 879 396 942 fessionis
419 881 597 962 generatim
628 888 763 964 spectat,
795 878 898 942 multa
929 878 994 943 alia
1015 883 1205 947 testimonia
1228 893 1345 946 exeunt

248 997 359 1039 eorum
386 977 520 1040 Petrum
553 979 609 1062 qui
643 975 778 1060 Origeni
811 977 944 1062 priores,
977 977 1044 1041 fere
1069 981 1183 1044 coaevi
1209 981 1261 1044 vei
1282 1003 1346 1065 sup·
1390 1001 1391 1050 1

247 1095 341 1158 pares
365 1083 458 1154 sunt3
483 1083 516 1137 at
538 1073 667 1158 longius
692 1085 740 1138 cst
766 1097 827 1138 nec
847 1074 945 1160 hujus
968 1075 1031 1139 loci
1054 1075 1136 1140 haec
1159 1077 1265 1141 fusius
1285 1101 1345 1164 per·
1390 1091 1391 1162 1

248 1169 383 1257 sequi1).
409 1170 473 1236 Sed
497 1194 603 1257 pauca
618 1172 779 1258 quaedam
795 1176 1088 1259 opportunumerit
1111 1185 1225 1237 notare
1248 1176 1346 1262 quoad
1390 1163 1391 1252 i

248 1271 369 1345 l'atres,
394 1271 450 1354 qui
473 1270 540 1333 fere
564 1291 601 1333 co
624 1279 783 1356 tempore,
808 1293 872 1358 qno
896 1271 1077 1352 Nectariua
1102 1273 1269 1352 vixerunt,
1292 1295 1346 1358 quc

247 1367 329 1430 forte
343 1367 509 1454 aliquanto
533 1371 717 1432 accuratius
735 1369 952 1433 determinare
964 1371 1135 1453 possimus,
1151 1391 1219 1456 qus
1233 1373 1346 1434 rationo

161 1461 165 1472 '
249 1465 417 1547 confessio,
442 1487 461 1529 a
484 1465 603 1552 quibus
626 1476 658 1529 et
681 1467 812 1552 quando
837 1476 969 1552 peracta
991 1467 1098 1530 fuerit

81 1579 237 1621 eumaeum.
335 1563 388 1626 42.
412 1562 531 1626 Narrat
561 1563 719 1627 Paulinus
753 1563 921 1645 diaconus,
953 1565 1008 1648 qui
1033 1563 1065 1627 8.
1090 1565 1252 1630 Ambrosii
1272 1585 1347 1628 ama·

248 1661 380 1723 nuensia
410 1661 481 1742 fuit,
512 1663 547 1724 in
579 1663 648 1724 vita
681 1661 778 1746 hujus
811 1663 915 1724 sancti
939 1661 1091 1726 Doctoris
1122 1661 1261 1748 abipso
1284 1683 1347 1726 con·

249 1757 395 1842 scriptas
417 1759 498 1822 Erat
529 1761 623 1821 etium
650 1759 790 1845 yaudeus
822 1781 890 1823 uum
911 1759 1118 1845 quatientibus
1141 1771 1171 1823 ct
1185 1762 1269 1848 fleas
1290 1783 1346 1823 urm
1390 1785 1391 1824 i

240 1855 399 1942 flectibus,
433 1858 461 1919 εί
489 1855 612 1940 quidem
635 1859 878 1942 quotiescumque
905 1855 958 1920 itti
981 1857 1097 1942 aliquis
1124 1858 1162 1920 ob
1180 1859 1347 1944 percipieti-

249 1953 322 2015 dum
338 1956 567 2038 poeaitentiam
591 1953 699 2039 lapsus
723 1977 794 2018 suos
824 1953 984 2040 coufessus
1012 1966 1103 2034 esset,
1127 1957 1178 2020 s'ta
1191 1955 1297 2042 flebat,
1320 1965 1347 2015 at

247 2061 278 2122 et
301 2049 390 2113 illum
403 2051 482 2137 flere
506 2050 718 2136 compelleret;
755 2051 920 2116 uidebatur
953 2053 1034 2116 euim
1063 2051 1124 2116 sits·
1146 2057 1346 2142 cumjacente
1390 2055 1391 2096 i

242 2153 358 2236 jacere.
399 2145 518 2212 Causas
541 2149 819 2212 uatemerdms'aum
837 2149 984 2235 quaesiti
1006 2150 1244 2234 confitebuntur,
1266 2147 1345 2222 anili,

249 2247 314 2309 uisi
334 2247 469 2310 Domino
493 2245 553 2309 solc'
576 2247 663 2332 aprcd
686 2269 772 2331 quem
788 2247 1005 2324 intercedebat,
1030 2245 1225 2332 loquebatur,
1249 2247 1346 2310 douram

250 2343 426 2427 relinquens
458 2344 630 2430 euemplum
664 2345 799 2429 posteris
831 2343 1052 2422 sacerdotibus,
1084 2355 1119 2408 ut
1141 2346 1346 2410 intercessores

251 2443 337 2528 apud
352 2442 452 2505 Deum
470 2444 569 2528 mauis
584 2443 647 2504 siat
661 2464 753 2527 quum
776 2453 970 2506 accusatores
992 2443 1080 2528 apud
1102 2443 1249 2506 homiues.
1273 2441 1345 2504 Num

252 2551 280 2604 et
303 2539 467 2603 seecundum
484 2540 667 2626 Apostolum
682 2541 765 2602 cisoa
784 2539 959 2626 hujusmodi
972 2541 1122 2603 homiaem
1144 2537 1344 2624 confirmanda

251 2639 368 2700 coritas
392 2649 445 2715 cat,
470 2639 544 2724 qrsia
567 2639 634 2722 ipse
664 2639 714 2701 sui
737 2647 900 2702 acusantes
930 2648 985 2714 est,
1008 2661 1063 2701 aec
1087 2648 1249 2724 suspectat
1270 2657 1342 2698 ocsu-
1390 2683 1391 2730 i

251 2747 383 2799 sutorem
413 2735 467 2798 sed
487 2737 670 2821 praevenit,
694 2745 729 2800 ut
757 2735 929 2818 coufitendo
958 2759 1045 2799 suum
1069 2733 1182 2798 allevet
1213 2737 1278 2822 ipss
1301 2731 1342 2794 de·
1390 2733 1391 2784 Ϊ

252 2833 365 2910 lictum,
397 2857 435 2896 ae
467 2833 579 2896 habeat
608 2833 690 2919 quod
722 2833 923 2896 aduersarius
950 2831 1169 2919 crimineturi).
1233 2831 1282 2896 Ex
1303 2827 1343 2892 his

252 2939 395 3016 apparet,
433 2929 465 2995 S.
504 2929 714 2994 Ambrosium
748 2933 856 3014 ipsum
898 2931 1117 2994 confossiones
1148 2939 1340 3015 peccatorum
1390 2915 1391 2988 i

252 3027 427 3108 audivisse,
452 3050 512 3092 nec
532 3027 669 3091 dubium
690 3035 747 3108 est,
767 3047 842 3090 cum
863 3029 909 3090 uti
926 3037 1145 3112 opportunum
1168 3025 1339 3090 videbatur.

253 3125 304 3188 vel
327 3128 561 3211 poenitentiam
594 3123 760 3210 publicam
788 3123 840 3188 vel
870 3127 1033 3210 privatam
1066 3125 1112 3188 eis
1141 3123 1341 3190 constituisse.

253 3221 347 3287 Certe
371 3223 529 3286 confessio
562 3245 599 3286 eo
633 3232 778 3307 tempore
810 3243 876 3286 non
901 3232 970 3286 erat
992 3231 1060 3284 tam
1083 3221 1237 3306 frequens
1259 3237 1340 3306 quan

252 3321 369 3384 nostris
401 3320 527 3400 dicbus,
558 3329 702 3384 adaman
735 3317 912 3406 permultos
942 3329 1078 3404 peccata
1101 3319 1251 3384 mortalia
1272 3336 1340 3379 coru-

252 3419 380 3482 mittcre
404 3425 435 3480 et
465 3417 641 3504 aliquando
674 3419 709 3481 in
733 3419 801 3480 vita
834 3439 892 3480 aua
915 3427 989 3503 post
1016 3415 1217 3503 baptismum
1240 3413 1340 3480 debere

253 3513 473 3602 (canonicam)
497 3515 731 3600 poenitentiam
754 3535 861 3599 agere,
885 3515 995 3578 innuit
1009 3513 1041 3580 S.
1066 3513 1259 3578 Ambrosius
1280 3509 1340 3574 scri·
1390 3531 1391 3546 ¹

253 3612 333 3676 bens
357 3615 545 3699 Deposuit.
570 3611 607 3678 L.
639 3611 683 3676 Π.
718 3635 745 3677 c.
773 3613 822 3676 11.
841 3631 877 3676 n.
903 3612 965 3675 98:
993 3611 1085 3676 Bassa
1108 3635 1177 3697 eryc
1194 3609 1338 3698 posssitea·

255 3713 310 3790 ts'u,
334 3735 411 3796 quae
435 3711 464 3774 si
484 3733 548 3774 aaa
572 3721 657 3788 esset,
683 3731 786 3774 omnes
808 3711 852 3773 ad
883 3719 1064 3773 seaeetruem
1087 3708 1248 3796 diffamat
1269 3703 1340 3768 atla·

254 3811 348 3872 dosis
379 3811 523 3894 quadam.
574 3807 693 3880 Quibus
725 3811 804 3872 satis
835 3809 977 3893 respectet
999 3818 1054 3887 est,
1085 3809 1160 3894 quic
1182 3805 1286 3870 aulius
1305 3809 1340 3863 ari

329 3979 346 4046 ¹)
366 3977 434 4030 Vide
458 3991 497 4030 ex.
518 3991 558 4046 gr.
579 3977 719 4030 Irenaeum
738 3975 837 4028 Contra
849 3975 931 4031 Eser.
950 3973 979 4028 1..
998 3973 1019 4027 Ι.
1039 3989 1059 4027 c.
1080 3977 1103 4027 a
1123 3989 1149 4026 n
1167 3975 1192 4034 3,
1211 3987 1231 4026 a
1250 3973 1285 4024 1³.
1303 3981 1338 4020 aa

253 4060 277 4122 5,
291 4060 315 4112 7.
336 4087 367 4096 --
387 4057 589 4121 Tertullianum,
609 4057 647 4110 De
665 4055 778 4119 Fuerit,
804 4071 840 4111 cc.
868 4056 892 4119 9,
908 4057 948 4108 10.
969 4083 1002 4094 -
1021 4051 1146 4120 Cyprian.
1166 4053 1205 4106 De
1223 4050 1301 4118 lensia
1317 4061 1336 4097 u·

254 4137 625 4287 20.T)gfr913ickell,tc
646 4152 673 4203 p.
691 4137 744 4188 419
763 4149 832 4202 sqq.;
851 4133 950 4200 Frank,
969 4133 986 4189 l.
1006 4149 1028 4202 c.
1046 4149 1072 4202 p.
1091 4135 1144 4188 208
1161 4149 1216 4200 sqq.
