2810 4846
473 461 590 518 Romani
607 459 760 518 Pontifices.
1120 463 1167 517 191

71 607 104 668 Io
127 605 168 669 Id
190 604 325 669 ulterius
340 604 551 690 explicabant
564 607 600 671 in
614 604 703 670 huuc
727 626 874 670 sensum:
898 601 1048 668 Christus
1071 605 1167 670 homo

70 725 128 767 uon
150 713 201 767 est
222 703 308 769 filius
329 703 395 768 Dei
419 703 586 786 naturalis,
616 703 673 770 sed
696 703 801 768 Filius
825 702 983 766 naturalis
1007 713 1055 766 cst
1076 704 1169 769 Dens

70 801 220 866 Verbum.
265 799 337 866 Tali
351 803 514 866 sententia
528 801 685 888 implicite
700 800 823 887 duplex
836 821 974 886 persona
988 803 1023 866 in
1039 799 1167 867 Christo

69 898 288 980 inducebatur,
321 921 361 964 ae
392 898 638 964 restaurabatur
658 899 944 965 Nestorianismus.
989 900 1062 964 Hae
1094 900 1168 967 doc.

67 997 165 1061 trinae
189 996 364 1062 damnatae
386 997 521 1061 fuerunt
542 999 644 1062 variis
668 999 703 1061 in
724 996 881 1079 conciliis,
905 1018 948 1060 ex
971 996 1090 1083 quibus
1112 997 1168 1062 hic

68 1115 315 1158 commemorare
337 1095 416 1158 satis
440 1097 482 1159 sit
509 1093 673 1179 synodum
695 1094 1026 1160 Francofurdicnsem
1048 1118 1077 1160 a.
1104 1096 1168 1160 794

67 1190 216 1275 habitam,
241 1202 274 1257 et
292 1191 468 1257 concilium
487 1193 673 1258 Romanum
693 1194 772 1256 anni
798 1193 871 1274 799,
895 1193 930 1256 in
954 1214 1018 1279 quo
1033 1193 1100 1257 Leo
1114 1192 1168 1258 111

67 1287 219 1354 haeresim
242 1290 507 1375 Adoptianorum
530 1293 648 1355 iterum
671 1291 871 1376 proscripsit.

143 1388 175 1452 3.
200 1387 268 1452 Iste
290 1390 391 1473 igitur
413 1399 464 1453 cst
485 1387 675 1475 complexus
698 1409 844 1452 errorum
868 1388 908 1452 dc
924 1388 1166 1471 lucarnatione,

66 1485 176 1570 quibus
200 1485 296 1570 plura
310 1484 481 1550 Ecclesiae
495 1485 626 1550 saecula
641 1489 687 1550 ita
707 1496 870 1550 commota
891 1486 993 1568 fuere,
1017 1497 1054 1550 ut
1076 1509 1166 1572 prae·

67 1585 145 1670 cipui
169 1593 309 1649 eventus
333 1586 479 1648 maxima
502 1593 596 1670 parte
628 1584 718 1649 hisce
741 1583 932 1648 haeresibus
955 1587 1096 1649 connexi
1120 1607 1165 1650 es·

66 1691 136 1746 sent.
183 1681 285 1746 Modo
313 1682 386 1767 jam
418 1682 459 1747 de
482 1683 739 1748 Nestorianism'o
769 1691 801 1745 et
824 1681 866 1745 de
889 1681 1035 1747 Concilio
1057 1683 1166 1769 Ephe-

66 1781 125 1843 sino
148 1780 378 1845 tractabimus.
425 1780 491 1846 Sed
513 1803 565 1844 res
589 1791 620 1844 et
643 1789 781 1845 eventus
803 1779 881 1844 huic
906 1778 1052 1844 Concilio
1076 1803 1166 1866 prae·

66 1878 125 1940 rios
148 1879 250 1942 etiarn
275 1877 507 1959 describemus,
524 1899 587 1964 quo
603 1878 661 1942 fiat
674 1887 711 1941 ut
733 1879 918 1942 accuratius
941 1888 1164 1961 cognoscatur,

65 1975 159 2058 qualis
193 1997 234 2040 ea
265 1985 372 2040 aetate
408 1975 578 2040 Ecclesiae
611 1985 713 2040 status
746 1976 856 2040 fuerit.
910 1974 1165 2040 Rccensebimus

65 2073 153 2156 igitur
176 2095 220 2138 ex
243 2072 358 2138 ordine
381 2075 541 2138 Rauracos
555 2075 720 2159 Pontifices
743 2076 798 2160 qui
823 2073 876 2138 illo
900 2076 1038 2159 tempori
1053 2073 1165 2137 Eccle-

66 2172 124 2234 siae
145 2171 371 2258 prsefuerunt,
395 2171 513 2257 hisque
526 2181 695 2236 nectemus
709 2193 764 2236 eos
787 2181 924 2236 eventus
947 2173 1003 2257 qui
1027 2192 1164 2236 comme·

65 2269 204 2333 morandi
230 2269 326 2333 nobis
354 2268 518 2334 videntur.
566 2268 714 2334 Conferri
742 2279 879 2354 possunt
904 2269 1031 2352 Helele,
1056 2271 1095 2334 K.
1124 2267 1163 2336 θ.

65 2365 93 2428 Β.
116 2369 157 2431 II.
182 2405 227 2413 —
249 2366 342 2450 Pagi,
357 2367 556 2431 Bremariam
573 2367 737 2432 Gestorum
757 2367 938 2451 Poatsflosm
952 2369 1165 2432 Romanorum

16 2495 17 2524 ;
68 2463 91 2525 T
89 2513 95 2526 .
109 2465 133 2528 I.
150 2501 195 2511 -
211 2463 347 2528 Baronii
364 2463 515 2530 Annales.
531 2503 574 2512 —
589 2465 774 2546 Tillemont,
790 2467 882 2530 Mem.
897 2466 932 2529 T.
954 2466 1035 2530 VIII
1043 2489 1105 2551 sqq.
1122 2505 1164 2514 -

16 2557 18 2626 ἶ
66 2557 215 2644 Socrates,
241 2561 450 2644 Sozomenus,
476 2563 710 2646 Tbeodoretus,
734 2563 776 2627 H.
801 2563 840 2628 E.
864 2601 907 2610 -
931 2564 1095 2646 Petavius,
1114 2565 1164 2628 De

16 2677 18 2686 ’
66 2657 215 2724 lacerarat.
239 2659 433 2725 —Natalis
457 2661 722 2741 Alex.,Diasert.
751 2663 786 2725 in
813 2683 892 2725 saec.
924 2661 958 2725 V.
983 2699 1026 2710 -
1049 2663 1164 2727 Katar-

64 2753 157 2842 hsmp,
173 2757 216 2822 K.
239 2755 277 2821 G.
293 2759 331 2822 B.
346 2761 377 2822 3.
403 2795 446 2806 ·-
468 2759 642 2840 Reumont,
670 2759 777 2824 Gesoh.
797 2759 853 2822 dar
868 2759 964 2824 Stcdt
979 2761 1067 2824 Horra
1082 2761 1162 2826 B.I.

65 2888 97 2898 -
109 2855 250 2936 Doucin,
264 2856 406 2921 Histoire
419 2857 462 2921 du
477 2858 735 2922 Nestoriam'srne.
754 2895 797 2904 ——
809 2857 924 2921 Palma
935 2857 1163 2922 Praslcctr'oucs

65 2949 97 3013 Η.
109 2953 157 3030 Ε,
177 2953 212 3016 Τ.
229 2953 255 3017 I.
274 2955 309 3017 P.
327 2955 368 3018 II.
389 2952 448 3020 CC.
462 2956 495 3018 X
501 2955 706 3018 VII-XXII.
720 2965 764 3002 —'
776 2955 947 3036 Wouters,
958 2955 1162 3020 Dissertatio-

64 3070 116 3126 aas,
136 3051 169 3114 T.
189 3052 215 3114 I.
230 3052 366 3116 Dissert.
382 3053 584 3117 XXII-XX
588 3053 616 3116 V
614 3054 671 3116 III
669 3077 682 3132 ,·
694 3053 816 3138 aliique
826 3063 975 3117 auctores
987 3075 1067 3138 quos
1081 3054 1161 3118 infe-

64 3147 119 3210 rius
140 3149 328 3214 citabimus.

587 3367 622 3435 1.

396 3507 637 3575 Ecclesiae
663 3514 817 3575 status

235 3618 345 3679 arete
379 3616 641 3682 Concilium
668 3619 974 3696 Ephesiorum.

136 3738 167 3802 4.
193 3735 227 3802 S.
260 3737 501 3802 Damasus
534 3739 571 3804 R.
601 3740 637 3804 P.
661 3739 705 3826 (a.
729 3740 928 3826 366-384).
961 3779 1004 3788 -
1037 3741 1070 3806 S.
1094 3741 1325 3816 Danum..

16 3915 17 3920 ἵ
64 3850 169 3916 nasus,
195 3833 380 3920 Hispanus,
405 3859 434 3902 a.
459 3837 524 3901 366
548 3837 680 3900 Liberio
714 3840 877 3920 successit,
907 3839 1086 3922 ordinatus,
1110 3842 1158 3905 uti

16 3929 17 3952 ³
64 3931 99 3990 ait
109 3931 313 4016 Anastasius,
339 3934 393 3999 die
418 3937 455 3998 1⁰
483 3935 634 4000 Octobris
663 3933 752 3999 illius
782 3937 871 4001 anni.
909 3936 975 4003 Sed
987 3937 1159 4004 Ursicinus

65 4023 210 4094 diaconus
233 4040 312 4096 tuno
328 4032 511 4097 Romanam
536 4033 707 4098 ecclesiam
731 4033 873 4099 nefando
898 4033 1072 4100 schismate
1095 4045 1159 4101 tur-

64 4119 157 4210 bavit3
182 4128 353 4195 ordinatus
377 4133 464 4195 enim
489 4141 537 4196 est
556 4133 728 4218 episcopus
743 4143 855 4196 contra
878 4131 1060 4198 Damasum
1082 4135 1159 4220 legi-

64 4221 137 4288 timis
160 4225 301 4292 clectum
325 4229 498 4314 suffragiis,
524 4239 556 4293 et
579 4229 697 4294 multos
720 4251 763 4294 ex
787 4230 871 4295 clero
895 4231 1079 4318 populoque
1098 4235 1159 4300 Ro·
