2876 4814
273 451 326 504 2⁰⁶
620 446 661 508 De
679 446 766 524 Opere
782 448 1064 526 Philosophorum.

270 598 485 684 dequoipw
507 622 582 662 noc
605 599 726 686 loquor.
773 601 1366 689 Dicetmtqtarmonimomttttt-

269 697 354 776 dine,
387 699 644 784 corruptioneque
677 701 871 784 etnequitio
903 703 1103 787 inquinatos,
1136 706 1166 768 ei
1193 705 1280 768 modo
1308 707 1366 791 quie

268 797 311 859 eit
331 796 458 880 fidelia,
483 821 549 860 eum
574 799 679 859 urimo
703 797 912 862 madenam
950 810 981 862 et
1007 800 1116 864 madito
1143 801 1224 866 libro
1259 804 1366 866 credui-

268 906 407 982 temper
437 897 492 958 ltoc
524 895 681 982 baptismo
709 907 911 980 pcccatorum
936 900 1148 962 remissionem
1177 913 1363 988 occeptitnm.

269 993 356 1056 Haec
383 1017 480 1058 oasim
507 1004 554 1057 eet
569 1005 705 1079 patrare
725 993 891 1079 facinora,
919 997 1046 1059 iriitium
1073 999 1203 1083 cupiens
1230 1024 1249 1062 a
1271 1023 1364 1085 mpro-

265 1091 360 1156 dictis
396 1093 549 1156 doctrinis
586 1115 666 1177 quus
695 1089 847 1155 Callistus
873 1095 969 1178 priua
995 1095 1194 1182 conflaverat.
1245 1097 1365 1161 Allectus

265 1192 348 1254 enim
371 1191 530 1276 eccenqelio
560 1189 621 1252 tali
637 1189 796 1274 plurimos
823 1214 916 1275 quum
943 1193 1215 1272 animadverteret,
1244 1195 1365 1282 pererit

264 1313 295 1352 se
324 1289 469 1376 feliciter
505 1299 636 1352 coriotm
673 1285 860 1373 effecturum
908 1290 979 1353 Noe
1015 1302 1119 1354 uuum
1141 1291 1290 1356 adraso
1309 1314 1363 1354 eun

263 1389 443 1464 cmlitimos,
467 1409 522 1450 nee
545 1385 682 1470 amplius
704 1409 811 1449 errore
839 1385 952 1450 multos
974 1388 1116 1468 sitimus,
1141 1413 1251 1476 eoaque
1272 1390 1363 1453 certio·

263 1510 313 1548 ree
342 1486 493 1572 fecimus,
517 1483 601 1546 illud
623 1484 726 1568 spodi
752 1483 915 1547 doemonia
952 1508 1031 1570 opus
1066 1509 1131 1551 esse
1169 1499 1201 1552 et
1237 1487 1363 1551 mnae

263 1583 410 1670 superbio
433 1583 537 1645 cordis
566 1583 733 1657 incentum,
752 1581 961 1667 hominemque
983 1585 1078 1646 istum
1100 1607 1184 1648 more
1209 1585 1277 1671 lupi
1297 1587 1361 1647 inu-

262 1683 322 1744 icte
345 1683 381 1744 in
403 1691 553 1766 coquntes
585 1702 664 1756 ores,
701 1703 781 1764 quoe
810 1679 962 1743 metrone
993 1679 1144 1745 Callistus
1176 1684 1361 1770 disperserat

265 1831 272 1844 .
299 1830 306 1844 .
332 1830 339 1844 .
365 1831 372 1844 .
403 1780 570 1864 Baptisma
592 1777 759 1862 discipulis
781 1801 858 1863 quos
882 1777 1104 1864 (Alcibiades)
1138 1780 1292 1866 informat
1318 1781 1362 1841 loc

263 1879 351 1942 modo
374 1878 511 1964 confert,
536 1876 674 1961 deceptis
697 1875 804 1938 diceris
825 1877 900 1938 laec
922 1877 1034 1940 cerba:
1062 1875 1100 1940 Si
1123 1881 1195 1964 quis
1215 1929 1223 1943 .
1245 1929 1252 1943 .
1274 1901 1360 1943 ,moc-

260 1979 368 2040 cltatus
393 1975 443 2039 eel
470 1984 625 2038 scortatio
647 1973 754 2058 frier-it
781 1985 811 2036 et
841 1976 1053 2038 remissionem
1078 1988 1276 2062 peccatomm
1300 1975 1361 2039 celit
1416 2025 1417 2042 r

261 2078 410 2162 accipere,
435 2074 542 2136 statim
566 2071 704 2140 ceduno
727 2071 841 2134 librum
871 2071 993 2158 leqerit,
1017 2072 1197 2158 baptizetur
1219 2075 1360 2139 demsoiu
1416 2055 1417 2138 i

259 2175 382 2237 nomine
406 2173 512 2257 πιαφιὶ
535 2179 564 2234 et
591 2170 703 2232 mmnti
728 2169 793 2231 Dei
818 2180 849 2232 et
875 2172 910 2232 in
937 2171 1061 2234 nomine
1086 2171 1152 2254 filii
1179 2179 1249 2263 ejus
1270 2171 1361 2257 nequi

258 2273 350 2356 repis,
373 2269 540 2333 mundetur·
572 2279 601 2331 et
632 2278 737 2330 costus
768 2265 936 2352 eefficiator,
970 2279 1000 2332 et
1030 2280 1116 2332 nocet
1143 2281 1236 2336 testm
1263 2281 1360 2358 septem

258 2369 312 2454 qni
347 2369 459 2454 scripti
482 2378 553 2430 sunt
576 2369 611 2429 in
632 2366 687 2428 loo
710 2365 806 2443 libro,
845 2365 963 2428 eoelum
985 2376 1015 2430 et
1038 2389 1153 2453 mnam
1175 2381 1209 2432 et
1245 2369 1360 2455 spiritur

258 2478 383 2530 sanctos
403 2477 433 2530 et
457 2465 584 2552 auqelos
600 2465 799 2549 precationis
822 2473 852 2526 et
874 2463 975 2527 oleum
997 2475 1028 2527 et
1054 2464 1105 2528 sol
1128 2476 1158 2529 et
1181 2478 1296 2530 merum
1310 2515 1317 2528 .
1332 2511 1358 2526 ..

258 2565 373 2630 Statim
397 2576 488 2650 utque
512 2563 699 2626 audiverim
717 2561 811 2624 uerbo
836 2561 912 2624 libri
933 2561 1024 2651 lujat
1047 2561 1253 2649 baptizemini
1274 2563 1359 2626 denuo

257 2688 325 2728 cum
345 2659 580 2746 aestimatio).
593 2697 635 2708 -—
650 2658 705 2723 Ad
728 2658 788 2723 hos
811 2661 893 2722 ritus
902 2657 1168 2725 Elchasaitarum
1192 2663 1302 2747 itaque
1322 2657 1359 2720 ri·

257 2762 353 2826 detru
375 2771 522 2847 spectare
555 2759 731 2838 accusatio,
765 2757 855 2842 quod
886 2757 947 2821 sub
979 2756 1112 2822 Callisto
1146 2769 1298 2845 coeptum
1326 2756 1359 2818 sit

256 2861 365 2926 denuo
388 2859 560 2945 baptizari.
607 2857 728 2920 Insano
762 2877 819 2918 suo
853 2855 962 2919 furore
997 2877 1141 2942 eousque
1163 2857 1359 2943 progreditur

255 2959 391 3042 Auctor,
423 2967 459 3020 ut
482 2954 746 3020 Elchasaitarum
778 2953 926 3018 facinora
962 2955 996 3017 in
1030 2953 1205 3018 Callistum
1238 2955 1358 3040 rejicere

254 3064 400 3138 conetur,
415 3063 577 3141 quatenus
600 3052 671 3138 ejus
694 3050 845 3116 doctrina
865 3051 942 3116 laxa
964 3051 1078 3116 fideles
1100 3051 1285 3118 reddiderit
1298 3070 1356 3138 pro·

254 3175 323 3236 uos,
358 3163 393 3218 ut
424 3152 467 3217 ad
501 3149 707 3216 Elchasaitas
740 3149 927 3214 deficerent.
977 3148 1147 3215 Abeonam
1180 3173 1252 3216 esse
1283 3149 1356 3214 hauc
1415 3215 1416 3234 q

253 3253 497 3316 accusationem
521 3271 580 3335 per
602 3271 636 3312 se
660 3257 760 3335 patet.

341 3352 395 3415 42.
419 3349 497 3415 lam
521 3347 749 3433 expendamus
763 3347 989 3410 accusationes
1013 3345 1135 3433 quibus
1157 3348 1268 3431 arguit
1282 3345 1356 3409 Auc-

109 3432 130 3459 m
191 3433 218 3463 '⁰'
253 3459 304 3512 tor
327 3447 509 3530 Callistum,
540 3445 630 3532 quod
658 3445 806 3510 relaxata
836 3443 1011 3530 disciplina
1041 3445 1140 3508 etiam
1173 3443 1283 3531 quoad
1305 3440 1355 3505 cle·

252 3569 325 3610 rum
349 3569 468 3632 pravos
492 3566 598 3608 mores
622 3545 833 3630 promoverit.
881 3542 943 3606 Hic
966 3543 1198 3630 doqmatiraoit,
1222 3539 1356 3628 quodsi

252 3647 415 3732 episcopus
446 3643 522 3731 quid
548 3643 742 3728 peccauerit,
776 3642 888 3706 etamsi
919 3639 962 3704 ad
991 3651 1132 3718 mutem,
1160 3663 1225 3704 nou
1256 3637 1356 3702 deletu

250 3743 318 3827 ipse
341 3742 479 3806 destitui.
527 3739 826 3825 Exaggerationem
859 3748 892 3802 et
913 3737 1030 3802 falsam
1063 3739 1353 3824 interpretationem

252 3839 421 3905 doctrinae
446 3849 477 3902 et
491 3840 659 3904 actionum
677 3836 804 3902 Callisti
820 3839 920 3902 etiam
936 3836 991 3901 hic
1004 3836 1130 3917 haberi,
1155 3857 1197 3900 ex
1221 3837 1261 3900 iis
1279 3851 1353 3920 quae

250 3938 534 4004 consideravimus
565 3937 637 4023 jam
674 3935 848 4020 colligitur.
909 3933 993 4000 Sunt
1028 3935 1086 4020 qui
1122 3941 1257 3998 censent
1287 3951 1352 3996 cum

249 4034 470 4122 Dollinger¹),
512 4035 568 4100 hic
604 4036 659 4120 agi
696 4034 736 4098 de
771 4033 897 4119 aliquot
937 4033 1099 4119 episcopis
1136 4032 1193 4118 qni
1229 4029 1273 4096 ad
1306 4027 1352 4093 se·

324 4179 344 4246 ¹)
363 4177 393 4230 L.
413 4177 460 4230 IX.
479 4177 531 4231 111.
549 4177 589 4230 De
608 4173 777 4229 Elchasaitis

322 4257 344 4328 ¹)
363 4255 526 4326 Hippolytus
542 4256 598 4310 und
616 4255 758 4320 Kallittus,
776 4255 801 4312 S.
823 4257 873 4308 135
891 4253 917 4308 ff.
