2836 4804
417 431 600 487 Latrociniarn
618 431 788 502 Ephesinum.
1110 437 1165 492 269

50 599 107 639 rurs
131 575 266 640 litteras.
314 576 534 640 Removebitur
566 587 668 642 autem
699 575 882 657 Concilium,
917 581 1000 666 meod
1016 581 1093 661 fieri
1117 583 1163 646 sli-

8 727 9 738 ,
50 674 200 760 uelantur,
225 685 376 758 protenus
399 697 596 760 nequaquam
621 675 735 760 ubique
758 679 975 742 sanctissimae
1001 679 1168 743 turbentur

48 772 191 837 ecclesiae
200 772 233 854 ¹).
291 773 414 836 Iterum
458 771 640 835 Flavianus
674 772 776 836 altera
816 775 954 862 epistola
988 785 1091 860 rogat,
1129 788 1166 839 ut

48 873 176 958 scriptis
197 871 314 934 litteris
340 871 412 934 Leo
435 869 656 953 Eutychetem
691 871 842 954 damnet3
867 895 906 937 ae
929 874 1084 939 Pontifex
1109 873 1163 938 die

48 971 80 1032 tl
107 970 191 1032 maii
215 992 244 1033 a.
269 969 335 1032 tto
360 968 562 1054 respondens
580 969 651 1053 jam
676 973 835 1052 agnoscit,
861 971 953 1036 illum
977 995 996 1036 a
1020 971 1085 1037 fide
1111 973 1167 1036 ab·

47 1089 180 1148 errasse,
203 1067 443 1152 amplioresque
465 1066 591 1130 litteras
615 1065 655 1130 de
679 1067 750 1152 ejus
774 1089 881 1132 errore
904 1072 1075 1154 promittit.

133 1166 189 1229 14.
213 1165 342 1228 Interea
362 1163 533 1248 Eutyches
558 1165 712 1250 precibus
736 1166 806 1229 adit
824 1166 1062 1250 Theodosium,
1084 1179 1168 1232 orat-

8 1253 9 1256 *
47 1285 112 1347 que,
134 1261 258 1348 jubeat
280 1263 462 1348 Imperator
485 1272 559 1325 acta
583 1262 733 1344 concilii,
759 1285 844 1349 quas
867 1288 887 1328 a
912 1266 1072 1331 Flaviano
1097 1289 1165 1331 cor-

8 1391 9 1394 *
48 1373 138 1445 rupta
167 1381 236 1424 esse
260 1360 490 1438 contendebat,
524 1363 713 1444 recognosci
744 1383 854 1426 coram
878 1363 1044 1428 Florentio
1068 1367 1168 1450 patri-

8 1463 9 1540 }
49 1461 92 1522 cio
115 1458 165 1522 ab
190 1458 308 1522 iisdem
333 1461 506 1544 episcopis,
530 1459 682 1543 praeside
698 1459 870 1524 Thalassio
887 1460 1068 1526 Caesareae
1084 1461 1168 1547 Cap·

8 1555 9 1590 l
49 1557 207 1641 psdociae
229 1556 395 1621 Praesule.
442 1556 572 1621 Annuit
594 1555 801 1622 Theodosius
832 1558 906 1643 plus
939 1561 1050 1626 minus
1073 1560 1167 1642 lenis,

8 1685 9 1692 ¹
51 1655 211 1719 Flaviano
234 1677 380 1736 aversus,
412 1666 445 1718 et
468 1657 501 1718 in
535 1654 717 1718 aulicorum
742 1677 855 1741 preces
878 1657 995 1722 facilis.
1041 1658 1170 1724 Habita

51 1756 146 1838 igitur
172 1764 222 1817 est
243 1751 346 1818 altera
363 1753 512 1836 synodus
530 1773 640 1816 mense
656 1753 764 1839 Aprili
781 1775 810 1820 a.
829 1755 894 1819 449
919 1757 954 1820 in
978 1777 1043 1841 qua
1068 1758 1169 1820 etiam

50 1871 105 1916 tres
131 1851 302 1934 monachi,
326 1850 489 1932 Eleusina,
515 1849 727 1914 Constantius
750 1863 783 1915 et
806 1851 1052 1934 Constantinus,
1078 1876 1169 1939 prae-

50 1966 91 2014 ter
112 1948 324 2036 synodorum
349 1949 630 2021 cousuetudinem,
663 1949 861 2032 Eutychetis
890 1972 1023 2015 causam
1059 1953 1169 2016 defen·

50 2048 176 2113 demut.
223 2047 429 2132 Releguntur
462 2059 545 2127 acta,
581 2059 802 2113 retractantur
836 2051 1032 2132 testimonia,
1071 2061 1103 2114 st
1134 2053 1169 2115 in

8 2191 9 2194 ,
50 2147 180 2231 singula
204 2145 381 2230 diligenter
405 2147 593 2231 inquiritur,
620 2146 678 2209 sed
692 2148 800 2210 omnis
824 2149 967 2232 suspicio
991 2147 1112 2212 recidit
1134 2151 1168 2213 in

49 2257 226 2309 strictorem.
273 2244 358 2308 Nam
383 2265 447 2330 quo
472 2247 659 2308 accuratius
693 2244 862 2330 explorata
886 2256 962 2309 sunt
985 2248 1105 2328 omnia,
1131 2269 1170 2311 eo

50 2343 167 2408 clarius
201 2353 238 2406 ut
272 2341 426 2407 Flaviani
461 2344 652 2427 incorrupta
679 2341 761 2406 tides
794 2345 926 2424 enituit,
960 2346 1007 2408 ita
1040 2345 1171 2430 nequis·

50 2443 126 2505 sima
161 2440 254 2504 fraus
290 2463 330 2504 ac
362 2440 493 2505 fallacia
525 2439 723 2522 Eutychetis
757 2441 886 2504 detecta
922 2453 979 2506 est.
1020 2481 1064 2490 -
1104 2443 1170 2506 Hic

51 2539 179 2602 interim
208 2541 312 2603 variis
330 2538 502 2623 judicibus
525 2540 727 2623 pertentatis,
753 2540 796 2602 ad
821 2561 898 2604 suae
923 2561 1041 2603 causae
1066 2537 1170 2603 subsi-

50 2636 137 2700 dium
172 2636 287 2699 fovere
319 2645 419 2722 atque
452 2636 657 2700 inflammare
682 2658 747 2700 nou
777 2647 826 2700 est
848 2639 973 2700 veritus
997 2637 1169 2701 dissensio·

8 2749 9 2776 ¹
51 2758 102 2798 nes
126 2735 373 2821 episcoporum.
420 2733 615 2818 Implorsvit
647 2735 734 2798 enim
768 2737 988 2819 patrocinium
1017 2735 1169 2814 Dioscuri

8 2883 9 2898 ,
51 2832 281 2907 Alexandrini,
302 2833 425 2917 quippe
448 2833 595 2917 graviter
617 2833 797 2896 invidentis
821 2832 981 2896 Flaviano
1006 2832 1048 2896 ob
1082 2831 1170 2895 sedis

51 2929 203 2995 l'Ptanae
239 2928 501 3016 amplitudinem.
548 2929 618 2993 Nec
653 2951 772 3014 magno
808 2951 885 2993 saue
920 2931 1051 3014 negotio
1075 2929 1169 2993 illum

52 3028 203 3092 flaviani
235 3027 454 3092 calumniator
483 3030 518 3092 in
549 3049 624 3092 suas
654 3039 763 3114 partes
791 3028 906 3104 illexit,
931 3051 1033 3114 quum
1057 3029 1169 3091 Mono-

51 3125 259 3210 physitarum
284 3126 462 3190 tendentiis
476 3126 655 3190 Dioscorus
679 3126 815 3206 faveret,
841 3125 1003 3212 simulque
1028 3127 1171 3190 occasio·

50 3246 120 3288 nem
146 3223 279 3288 videret
302 3224 445 3289 oblatam
475 3223 701 3309 amplificandi
726 3226 954 3288 auctoritatem
984 3224 1071 3288 sedis
1095 3223 1170 3287 Ale-

50 3321 243 3386 xandrinae.
270 3322 405 3386 Afflicto
416 3324 517 3406 igitur
530 3345 569 3385 ac
575 3323 700 3408 jacenti
710 3321 1076 3404 EutychctiDioscorus
1092 3323 1170 3386 dex-

51 3433 150 3485 ter-am
174 3422 324 3506 porrigit,
352 3423 486 3506 agitque
510 3443 585 3484 curn
610 3421 810 3506 Imperatore
839 3443 897 3505 per
917 3419 1051 3500 litteras,
1076 3442 1171 3484 oecu-

51 3520 179 3582 menico
203 3527 377 3584 restantes
401 3519 550 3603 indigere
565 3518 723 3600 Concilio,
749 3526 781 3581 et
804 3540 948 3582 summas
972 3517 1044 3582 illas
1068 3517 1169 3582 eccle-

51 3620 172 3682 siarum
198 3639 326 3702 pugnas
350 3617 407 3681 tali
431 3617 576 3680 remedio
601 3639 671 3681 esse
696 3615 865 3680 tollendas.

139 3717 193 3780 14.
217 3716 580 3780 Latrocinium
608 3714 936 3800 Ephesinum.
970 3751 1014 3760 -
1043 3712 1268 3785 Corvo-ruti
1294 3755 1321 3786 οη

51 3816 214 3878 rationem
233 3813 375 3878 Consilii
391 3815 595 3878 oecumenici
610 3814 644 3877 in
663 3814 832 3876 civitatem
845 3811 1048 3896 Ephesinsm
1065 3810 1169 3875 Theo·
1277 3806 1282 3816 ’

51 3911 162 3976 dusius
185 3911 270 3997 Imp.
290 3913 361 3998 jam
394 3913 455 3977 30⁰
489 3911 543 3976 die
566 3911 677 3975 lilartii
709 3911 797 3974 fecit.
843 3908 1008 3972 Exclusus
1031 3909 1095 3972 fuit
1118 3910 1169 3973 iis·

52 4009 124 4074 dem
141 4009 259 4074 litteris
282 4010 326 4074 ab
351 4010 414 4074 hoc
429 4008 577 4074 Concilio
592 4007 826 4089 Theodoretus,
848 4006 921 4071 aliis
944 4007 1060 4070 litteris
1074 4007 1169 4071 Dios-

8 4267 9 4294 ,
124 4223 148 4294 ¹)
167 4223 254 4292 Epist.
273 4223 397 4278 Flaviani
418 4223 451 4278 ad
469 4221 585 4276 Leonem
603 4221 696 4291 prima.
714 4219 812 4284 stbe,
823 4219 888 4274 Coll.
899 4219 976 4274 Cone.
988 4217 1036 4273 IV.
1057 4218 1106 4273 col.
1128 4221 1169 4272 14.
