2810 4846
441 493 506 546 lbac
525 491 641 560 epistola
659 493 693 547 ad
712 493 816 548 Marim.
1136 499 1189 555 261

8 625 9 660 l
80 633 222 700 CPtanus
246 635 423 700 anathema
447 637 482 700 in
505 633 716 700 Theodorum
746 637 831 701 ferre
855 637 944 704 haud
969 653 1189 726 opportunum

80 745 250 815 censerent,
281 736 381 798 etiam
413 731 620 798 Theodosius
653 734 837 820 Imperator
868 738 1065 822 rescriptum
1098 739 1191 803 dedit

79 831 114 896 ad
144 833 310 896 loannem
344 832 607 914 Antiochenum,
641 854 707 919 quo
726 832 868 918 jubebat
900 855 1016 920 pacem
1041 836 1190 902 ecclesia·

8 919 9 964 1
79 931 185 993 stiram
209 931 348 1012 servari,
373 953 434 996 nec
456 951 511 994 eos
528 932 676 994 accusari
693 932 749 1016 qui
775 933 809 994 in
834 935 1066 998 communione
1090 935 1191 1000 eccle·

8 1017 9 1036 ¹
79 1026 202 1091 siastica
227 1027 387 1094 obierant.
434 1028 490 1094 Sic
513 1051 572 1115 pro
595 1038 740 1114 tempore
757 1033 982 1094 controversia
1005 1031 1061 1096 illa
1085 1036 1190 1120 sopita

78 1135 135 1206 cst3
158 1147 197 1190 eo
222 1125 275 1189 vel
299 1128 414 1211 magis,
441 1126 528 1212 quod
542 1126 687 1191 Rabulas
718 1150 747 1192 a.
772 1129 838 1192 435
862 1150 880 1191 e
903 1130 973 1192 vita
997 1129 1189 1212 discederet,

78 1225 165 1309 eique
189 1223 382 1289 succederet
397 1225 474 1290 Ibas
497 1225 552 1290 ille
568 1225 732 1290 Theodori
757 1225 946 1292 admirator.
994 1226 1076 1316 Ejus
1092 1251 1191 1292 causa

81 1343 148 1385 mox
171 1331 281 1386 motus
314 1343 380 1388 non
405 1324 526 1388 modici
551 1325 585 1388 in
619 1323 758 1388 ecclesio
782 1323 951 1390 Edessena
975 1327 1079 1390 exorti
1105 1337 1190 1392 sunt.

157 1421 190 1485 ὁ.
217 1420 329 1500 Quum
357 1421 435 1486 Ibas
466 1421 577 1486 adhuc
611 1422 786 1507 presbyter
816 1432 909 1504 esset,
934 1433 966 1486 ct
989 1423 1021 1489 S.
1046 1425 1192 1489 Rabulas

79 1519 179 1581 acrius
204 1519 238 1582 in
255 1517 467 1583 Theodorum
484 1521 673 1600 invexisset,
696 1521 828 1605 scripsit
844 1519 897 1584 ille
913 1521 1073 1586 famosam
1098 1545 1191 1588 suam

8 1619 9 1626 ’
80 1615 239 1701 epistolam
278 1617 323 1680 ad
357 1619 477 1680 Mora'm
508 1618 662 1699 Persam,
696 1619 887 1704 episcopum
925 1621 1070 1684 civitatis
1108 1621 1191 1685 Har-

80 1712 215 1778 daschir.
263 1715 356 1779 Haec
383 1715 521 1800 epistola
546 1714 658 1780 multis
682 1715 935 1780 difficultatibus
958 1717 1113 1802 praebuit
1136 1741 1191 1782 an·

80 1833 163 1892 sam,
196 1823 296 1898 atque
328 1812 369 1877 de
399 1833 438 1878 ea
468 1823 539 1878 tum
572 1815 606 1877 in
636 1813 892 1899 pseudosynodo
918 1814 1096 1900 Ephesius,
1120 1825 1191 1881 tum

81 1910 113 1973 in
135 1907 282 1973 Concilio
308 1908 580 1994 Chalcedonensi,
613 1921 683 1974 tum
707 1915 853 1976 maxime
883 1913 1102 1999 subsequente
1126 1937 1192 1978 sae-

80 2005 148 2070 culo
171 2009 205 2071 in
222 2008 357 2092 Synodo
374 2011 587 2073 oecumenica
604 2011 719 2094 quinta
742 2019 852 2073 actum
877 2022 935 2075 est.
984 2009 1194 2098 Quapropter

81 2103 223 2169 hocloco
240 2107 461 2190 fragmentum
486 2108 556 2193 ejus
577 2108 803 2192 praecipuum,
820 2109 868 2170 uti
892 2109 927 2171 in
944 2107 1079 2192 Synodo
1098 2109 1193 2175 Chal·

8 2191 10 2224 *
80 2202 251 2267 redonensi
282 2203 403 2269 lectum
427 2215 485 2286 est,
510 2207 621 2286 citare,
647 2213 868 2290 opportunum
897 2227 966 2270 esse
991 2210 1191 2292 censuimus,

81 2311 113 2362 ut
143 2311 317 2366 contextus
350 2313 437 2367 totus
469 2323 548 2390 prae
581 2302 685 2366 oculis
717 2301 832 2366 haberi
866 2306 977 2388 possit.
1024 2305 1129 2391 quue
1154 2329 1191 2371 eo

79 2401 178 2484 magis
202 2403 369 2482 convenit,
394 2401 482 2486 quod
506 2411 616 2464 textus
631 2400 753 2466 latinus
778 2401 905 2486 integer
929 2402 1018 2487 apud
1041 2415 1192 2468 auctores

79 2497 133 2559 vix
157 2497 357 2581 inveniatur,
391 2511 423 2562 st
447 2497 670 2564 Consiliorum
696 2495 853 2563 Collectio
878 2521 944 2564 non
970 2501 1123 2565 omnibus
1148 2501 1191 2566 ad

79 2613 191 2658 manus
215 2617 285 2659 esse
308 2599 420 2682 possit.

161 2693 192 2756 6.
218 2691 341 2758 Scribit
363 2696 465 2780 igitur
479 2694 557 2760 Ibas
581 2694 623 2759 ad
646 2695 766 2758 Marim
789 2703 864 2779 post
887 2698 1106 2778 prooemium:
1133 2697 1248 2779 ,intua
1264 2717 1364 2769 opima.

78 2787 165 2853 brevi
191 2801 302 2855 autem
327 2793 434 2858 clarae
458 2803 534 2857 tuae
558 2792 763 2878 prudentiae,
781 2813 865 2877 quae
889 2793 924 2856 in
949 2795 1064 2878 paucis
1088 2795 1192 2860 multa

77 2889 251 2972 cognoscit,
285 2891 432 2955 indicare
465 2913 550 2978 quae
582 2889 711 2976 pridem
746 2900 778 2953 et
807 2910 897 2953 nunc
931 2890 985 2954 hic
1009 2900 1084 2955 acta
1107 2901 1192 2967 sunt,

76 2985 314 3070 festinavimus,
338 2991 488 3072 scientes,
514 2991 689 3075 quisquae
712 2997 842 3052 vestrae
866 2989 1030 3052 sanctitati
1054 3011 1074 3052 a
1097 2990 1193 3054 nobis

78 3087 197 3171 scripta
231 3097 317 3168 sunt,
350 3099 458 3152 vestro
492 3087 599 3151 studio
633 3085 701 3150 illic
734 3085 888 3149 omnibus
921 3087 1136 3169 innotescent,
1162 3099 1194 3152 et

76 3184 151 3266 quia
175 3182 301 3248 nullam
325 3187 600 3270 permutationem
617 3185 798 3270 scripturae
822 3205 842 3246 a
865 3185 937 3248 Deo
962 3183 1101 3250 traditae
1125 3209 1192 3250 sus.

76 3291 241 3366 ceperunt.
288 3283 390 3347 Facio
424 3294 534 3347 autem
567 3283 667 3368 hujus
699 3283 883 3367 argumenti
918 3284 1119 3368 principium
1151 3305 1194 3348 ex

75 3379 291 3461 sermonibus,
317 3403 397 3466 quos
421 3392 454 3445 et
477 3383 547 3466 ipse
571 3381 706 3444 edoctus
731 3401 775 3443 es.
824 3377 997 3443 Contentio
1022 3382 1110 3446 facta
1134 3391 1193 3464 est,

78 3497 115 3539 ex
141 3500 206 3563 quo
232 3477 287 3541 hic
311 3487 368 3542 tua
390 3479 586 3564 religiositas
609 3478 682 3560 fuit,
700 3477 752 3542 his
775 3477 905 3542 duobus
928 3477 1118 3542 hominibus
1132 3479 1194 3543 Ne·

77 3577 172 3638 stoi-io
196 3584 230 3639 et
262 3574 400 3660 Cyrillo:
439 3587 471 3641 et
503 3577 768 3662 conscripserunt
801 3575 978 3639 adversum
1002 3598 1035 3640 ss
1059 3578 1195 3641 nocivos

77 3683 106 3735 et
131 3675 334 3759 perniciosos
363 3674 474 3756 libros,
509 3677 565 3760 qui
598 3673 809 3738 audientibus
833 3673 966 3737 fuerunt
990 3673 1194 3739 scandalum.

77 3772 244 3836 Nestorius
269 3773 356 3836 euim
383 3773 469 3836 dixit
491 3773 526 3836 in
551 3774 618 3836 suis
637 3770 740 3852 libris,
754 3773 840 3834 sicut
864 3781 896 3835 et
918 3770 1114 3854 religiositas
1138 3782 1195 3835 tua

77 3872 177 3952 novit,
202 3872 281 3956 quia
303 3869 401 3934 beata
424 3871 530 3936 Maria
544 3871 608 3934 Dei
624 3871 770 3953 genitrix
793 3889 860 3933 non
884 3880 947 3932 est:
973 3871 1018 3931 ita
1043 3879 1078 3932 ut
1101 3867 1193 3932 multi

75 3977 237 4052 putarent,
263 3991 305 4032 ex
338 3967 466 4033 haeresi
489 3968 584 4033 Pauli
619 3969 825 4032 Samosateni
849 3967 939 4030 hunc
963 3987 1041 4047 esse,
1067 3967 1122 4050 qui
1148 3965 1196 4029 di-

77 4069 123 4130 xit
144 4065 312 4130 bominem
336 4089 456 4153 purum
480 4088 550 4130 esse
566 4065 745 4131 Christum.
793 4064 936 4150 Cyrillus
960 4073 1070 4127 autem
1094 4062 1196 4126 libros

77 4163 216 4230 Nestorii
255 4163 370 4228 volens
403 4165 569 4228 destruere
601 4162 712 4248 lapsus
746 4173 812 4242 est,
853 4172 885 4228 et
909 4165 1064 4226 inventus
1089 4169 1138 4224 est
1162 4161 1196 4223 in

8 4255 10 4412 q
78 4262 272 4348 Apollinarii
304 4261 424 4347 dogma
448 4261 608 4326 incidens.
656 4260 860 4346 Conscripsit
889 4263 977 4324 enirn
1009 4267 1041 4322 et
1064 4261 1125 4322 iste
1150 4257 1198 4322 illi
