2810 4846
504 473 530 531 S.
548 475 689 531 Damasus.
1100 481 1152 534 195

63 617 219 702 quemdam
252 627 447 704 conceptum
480 639 606 682 morum
637 617 725 682 illius
754 621 911 705 temporis
943 619 1038 686 nobis
1061 623 1153 688 effor-

63 715 217 782 mbimns.
263 715 387 782 Scribit
417 717 518 800 igitur
539 716 736 780 Ammianus
767 715 987 799 Marcellinus,
1020 718 1099 784 dum
1130 719 1152 785 l.

62 813 177 878 XXVII
200 837 228 880 c.
254 814 284 878 3.
309 811 450 877 schisma
473 813 619 878 Ursicini
644 824 895 878 commemorat:
941 816 1101 881 Damasus
1124 829 1154 882 et

64 911 210 976 Ursicinus
241 933 342 998 supra
370 913 538 974 humanum
568 911 692 974 modum
715 911 760 974 ad
781 912 970 997 rapiendam
993 915 1152 1000 episcopa-

60 1008 106 1072 lem
125 1009 226 1073 sedem
250 1009 404 1089 ardentes,
429 1010 534 1073 sends
547 1008 662 1072 studiis
690 1010 861 1094 asperrime
883 1009 1152 1098 conflictabantur,

60 1108 180 1194 «ιάωφισ
202 1109 312 1171 mortis
333 1107 551 1191 vulnerumque
576 1106 759 1170 discrimina
782 1107 973 1196 adjumentis
993 1110 1153 1194 utriusque
1210 1141 1215 1154 ·

58 1207 223 1292 propremis.
275 1204 363 1278 Quae
392 1228 448 1268 aec
477 1206 629 1291 corripere
660 1203 818 1288 sufficiens
848 1205 1015 1270 Juocrttius
1039 1205 1153 1292 (Urbis

60 1301 240 1386 praefectus)
263 1325 319 1366 neo
340 1299 472 1379 mollire,
496 1303 528 1365 oi
557 1325 673 1386 mopna
695 1312 819 1366 coaetus
843 1305 967 1367 secessit
988 1303 1023 1367 in
1045 1303 1153 1368 subur-

60 1399 172 1479 banum
195 1411 226 1463 ct
247 1402 283 1463 in
298 1401 525 1464 cormertatione
548 1411 751 1485 superauerat
766 1401 936 1478 Damasus,
954 1411 1051 1488 parte
1075 1425 1153 1486 quae

59 1499 80 1558 e?
98 1499 230 1584 favebat
250 1500 399 1562 instante.
458 1497 654 1581 Constatque,
684 1497 720 1560 in
755 1497 888 1561 basilion
921 1498 1067 1579 Sioinini,
1099 1499 1154 1564 ubi

60 1598 122 1659 ritas
142 1597 308 1660 maenam
339 1606 384 1658 est
415 1593 667 1673 mouendoulum,
699 1615 761 1658 uno
792 1587 994 1660 diecentum
1021 1597 1154 1681 tripinta

60 1705 155 1778 reptem
182 1704 313 1780 reputa
344 1693 499 1756 oodouma
521 1701 762 1778 peremptorum.
815 1693 923 1778 Neque
953 1717 1005 1778 apo
1039 1693 1152 1773 abano,

59 1793 278 1854 ostentationem
299 1813 403 1854 renam
426 1790 629 1854 considerans
660 1790 862 1868 urbanarum,
886 1790 976 1879 bajas
998 1792 1046 1854 rei
1069 1793 1153 1878 cuspi-

58 1886 101 1950 dos
122 1889 157 1952 ob
178 1889 412 1974 impetrandum
427 1889 510 1974 quod
531 1897 683 1974 appetunt
699 1889 783 1950 omni
805 1890 998 1951 contmtione
1021 1885 1154 1952 laterum

55 1989 163 2072 mpori
185 1987 308 2064 debere,
331 2009 399 2050 cum
430 1987 466 2048 id
495 1987 604 2071 adepti
617 1985 729 2070 futuri
757 1985 823 2048 sint
845 1987 894 2048 ita
914 1987 1025 2065 securi,
1049 1997 1083 2050 ut
1105 1985 1152 2048 di-

59 2093 143 2147 tmtur
165 2083 377 2148 oblationibus
399 2093 623 2161 matronarum,
653 2081 885 2168 procedantque
908 2081 1054 2146 orbiculis
1076 2083 1152 2146 insi-

58 2179 145 2244 uam
176 2183 394 2267 circumspecte
425 2181 539 2258 cnuti,
563 2179 674 2264 epulas
706 2189 851 2242 armantes
877 2179 1041 2266 profanos,
1073 2180 1152 2244 adeo

58 2287 200 2343 atrorum
231 2281 372 2342 omnimo
393 2277 515 2365 rapalcs
547 2287 694 2363 superant
714 2299 846 2341 mensas.
898 2276 961 2350 Qui
983 2300 1047 2340 essa
1064 2288 1154 2364 pote-

58 2389 115 2440 rant
134 2378 220 2441 bean
241 2397 361 2454 reuera,
376 2377 405 2440 si
422 2375 637 2462 mopnitadine
655 2373 749 2438 Urbis
771 2374 927 2460 despecta,
952 2397 1044 2460 quam
1067 2377 1153 2439 uitiis

58 2487 212 2559 opponunt,
244 2475 288 2538 ud
316 2475 521 2538 imitationem
536 2471 721 2536 Antimitum
752 2473 955 2558 quorumdam
971 2474 1153 2558 prouincia·

58 2567 120 2633 lium
146 2573 293 2649 timeat,
326 2593 400 2657 quos
433 2571 567 2634 tanaitas
595 2569 709 2632 edendi
734 2569 930 2655 potandique
955 2571 1152 2660 parcissime,

60 2667 147 2732 allitus
170 2671 267 2732 etiam
289 2670 552 2744 indumentorum,
577 2679 606 2730 et
628 2665 800 2752 supercilia
822 2667 944 2730 hamum
965 2668 1152 2752 spectantia,

18 2853 19 2862 ἵ
56 2779 188 2851 perpetrm
220 2769 343 2831 numini
374 2769 513 2851 acusque
545 2769 611 2854 ejas
634 2764 803 2829 cultoribus
831 2774 866 2827 ut
883 2785 983 2850 paros
1007 2785 1152 2826 commen-

18 2939 19 2944 ,
59 2861 123 2926 dont
144 2875 174 2929 et
195 2863 393 2929 veremudus.

132 2965 160 3027 l.
185 2961 232 3027 Ut
254 2961 337 3025 baec
360 2959 563 3024 illustrentur
586 2981 755 3044 moresque
780 2955 1042 3023 Christianorum
1064 2957 1321 3022 illins'samusom.

59 3061 197 3145 temporis
230 3056 347 3122 melius
379 3067 570 3140 noscantur,
603 3079 642 3121 ea
673 3057 841 3120 afferimus
873 3078 957 3142 quae
984 3057 1152 3141 aptissime

59 3155 204 3222 baronius
241 3156 370 3220 disserit
406 3156 514 3220 citatis
550 3154 720 3219 Ammiani
755 3153 865 3218 verbis
905 3152 948 3218 ad
984 3176 1037 3218 an.
1077 3155 1152 3220 367.

60 3253 161 3320 .Ocrte
185 3253 329 3341 quidem,
353 3253 476 3334 scribit,
509 3252 592 3317 adeo
616 3253 739 3316 Romae
762 3250 813 3315 bis
836 3251 1038 3337 temporibus
1061 3251 1152 3315 afful-

58 3351 142 3431 gebat
162 3353 386 3417 Romanorum
416 3351 613 3414 christianae
646 3350 813 3432 religionis
836 3347 1030 3412 Antistitum
1054 3347 1153 3413 decor

58 3469 88 3511 sc
108 3450 268 3536 splendor,
293 3459 329 3512 ut
360 3469 425 3513 non
449 3448 618 3512 Ammiani
641 3455 769 3511 tentum
802 3444 856 3510 vel
880 3453 1080 3509 caeterorum
1104 3445 1151 3510 illi

58 3547 200 3612 similium
224 3547 438 3611 commoverit
460 3547 627 3625 animum,
652 3543 709 3608 sed
732 3553 765 3608 et
789 3542 1042 3608 clarissimorum
1065 3544 1151 3608 viro-

58 3665 118 3708 rum
139 3647 205 3710 imo
237 3643 514 3728 amplissimorum
547 3643 797 3727 magistratuum
825 3640 986 3705 invidiam
1011 3641 1152 3704 concita-

59 3743 139 3806 verit.
176 3742 273 3807 Unde
286 3741 514 3806 Praetextatus
533 3739 587 3804 ille
605 3739 829 3804 nobilissimus
847 3739 1079 3820 Romanorum,
1096 3787 1103 3802 .
1120 3787 1151 3803 ..

59 3833 142 3902 bomo
175 3838 350 3923 sacrilegus
382 3847 414 3902 et
437 3838 598 3902 idolorum
632 3835 744 3916 cultor,
770 3834 894 3899 solebat
916 3835 1033 3900 ludens
1055 3835 1151 3900 beato

18 4015 19 4022 ἵ
59 3933 190 4002 Damaso
213 3937 342 4001 dicere:
388 3937 497 4000 Facite
526 3957 574 3998 me
605 3936 767 3998 ltmnartaa
799 3933 885 3996 urbis
912 3933 1099 4018 episcopum,
1124 3942 1153 3994 at
1241 3985 1244 3994 .

59 4055 99 4096 tro
115 4036 260 4120 pretinm
278 4031 523 4118 Christianam),
547 4042 584 4096 ut
593 4032 690 4118 plane
713 4038 879 4117 appareat,
904 4049 1030 4093 summo
1054 4039 1152 4114 atque

121 4245 140 4314 ι)
158 4245 274 4310 Hieron,
294 4259 336 4313 ep.
354 4245 396 4300 61.

995 4331 1045 4384 13*
