<?xml version="1.0" encoding="UTF-8"?>
<!DOCTYPE html PUBLIC "-//W3C//DTD XHTML 1.0 Transitional//EN"
    "http://www.w3.org/TR/xhtml1/DTD/xhtml1-transitional.dtd">
<html xmlns="http://www.w3.org/1999/xhtml" xml:lang="en" lang="en">
 <head>
  <title>
</title>
<meta http-equiv="Content-Type" content="text/html;charset=utf-8" />
  <meta name='ocr-system' content='tesseract 3.04.00' />
  <meta name='ocr-capabilities' content='ocr_page ocr_carea ocr_par ocr_line ocrx_word'/>
</head>
<body>
  <div class='ocr_page' id='page_1' title='image "./dissertationess02junggoog_0550.png"; bbox 0 0 2766 4836; ppageno 0'>
   <div class='ocr_carea' id='block_1_1' title="bbox 463 521 1149 578">
    <p class='ocr_par' dir='ltr' id='par_1_1' title="bbox 463 521 1149 578">
     <span class='ocr_line' id='line_1_1' title="bbox 463 521 1149 578; baseline 0.006 -4"><span class='ocrx_word' id='word_1_1' title='bbox 463 521 601 578; x_wconf 82' lang='lat' dir='ltr'><strong>vindiciae</strong></span> <span class='ocrx_word' id='word_1_2' title='bbox 620 523 728 578; x_wconf 82' lang='lat' dir='ltr'><strong>Liberii</strong></span> <span class='ocrx_word' id='word_1_3' title='bbox 1117 525 1149 578; x_wconf 82' lang='lat'><strong>71</strong></span> 
     </span>
    </p>
   </div>
   <div class='ocr_carea' id='block_1_2' title="bbox 59 662 1182 1244">
    <p class='ocr_par' dir='ltr' id='par_1_2' title="bbox 59 662 1182 1244">
     <span class='ocr_line' id='line_1_2' title="bbox 60 662 1150 751; baseline 0.006 -27"><span class='ocrx_word' id='word_1_4' title='bbox 60 662 116 744; x_wconf 87' lang='lat' dir='ltr'><strong>jaro</strong></span> <span class='ocrx_word' id='word_1_5' title='bbox 139 671 277 728; x_wconf 69' lang='lat' dir='ltr'><strong>modone</strong></span> <span class='ocrx_word' id='word_1_6' title='bbox 301 675 381 730; x_wconf 88' lang='lat' dir='ltr'><strong>erat.</strong></span> <span class='ocrx_word' id='word_1_7' title='bbox 427 664 542 751; x_wconf 78' lang='lat' dir='ltr'>Inepte</span> <span class='ocrx_word' id='word_1_8' title='bbox 566 669 665 732; x_wconf 88' lang='lat' dir='ltr'><strong>etiam</strong></span> <span class='ocrx_word' id='word_1_9' title='bbox 689 668 743 733; x_wconf 90' lang='lat' dir='ltr'><strong>ille</strong></span> <span class='ocrx_word' id='word_1_10' title='bbox 766 666 896 732; x_wconf 89' lang='lat' dir='ltr'><strong>libellus</strong></span> <span class='ocrx_word' id='word_1_11' title='bbox 920 667 1073 732; x_wconf 84' lang='lat' dir='ltr'><strong>Eudoxio</strong></span> <span class='ocrx_word' id='word_1_12' title='bbox 1098 671 1150 731; x_wconf 91' lang='lat' dir='ltr'><strong>tri·</strong></span> 
     </span>
     <span class='ocr_line' id='line_1_3' title="bbox 65 757 1151 852; baseline 0.006 -30"><span class='ocrx_word' id='word_1_13' title='bbox 65 757 206 842; x_wconf 79' lang='lat' dir='ltr'><strong>tueretur,</strong></span> <span class='ocrx_word' id='word_1_14' title='bbox 237 783 338 847; x_wconf 90' lang='lat' dir='ltr'><strong>quum</strong></span> <span class='ocrx_word' id='word_1_15' title='bbox 371 763 513 829; x_wconf 80' lang='lat' dir='ltr'><strong>Basilius</strong></span> <span class='ocrx_word' id='word_1_16' title='bbox 546 766 681 852; x_wconf 88' lang='lat' dir='ltr'><strong>ejusque</strong></span> <span class='ocrx_word' id='word_1_17' title='bbox 714 767 793 830; x_wconf 89' lang='lat' dir='ltr'><strong>socii</strong></span> <span class='ocrx_word' id='word_1_18' title='bbox 827 767 861 829; x_wconf 92' lang='lat' dir='ltr'><strong>in</strong></span> <span class='ocrx_word' id='word_1_19' title='bbox 895 765 948 828; x_wconf 94' lang='lat' dir='ltr'><strong>illo</strong></span> <span class='ocrx_word' id='word_1_20' title='bbox 982 774 1151 829; x_wconf 85' lang='lat' dir='ltr'><strong>conventu</strong></span> 
     </span>
     <span class='ocr_line' id='line_1_4' title="bbox 62 859 1151 944; baseline 0.007 -26"><span class='ocrx_word' id='word_1_21' title='bbox 62 879 174 924; x_wconf 86' lang='lat' dir='ltr'><strong>omnem</strong></span> <span class='ocrx_word' id='word_1_22' title='bbox 195 859 336 944; x_wconf 88' lang='lat' dir='ltr'><strong>lapidem</strong></span> <span class='ocrx_word' id='word_1_23' title='bbox 362 873 540 944; x_wconf 87' lang='lat' dir='ltr'><strong>moverent,</strong></span> <span class='ocrx_word' id='word_1_24' title='bbox 565 873 602 926; x_wconf 91' lang='lat' dir='ltr'><strong>ut</strong></span> <span class='ocrx_word' id='word_1_25' title='bbox 620 864 765 928; x_wconf 85' lang='lat' dir='ltr'><strong>Eudoxii</strong></span> <span class='ocrx_word' id='word_1_26' title='bbox 790 863 988 927; x_wconf 84' lang='lat' dir='ltr'><strong>Antiocheni</strong></span> <span class='ocrx_word' id='word_1_27' title='bbox 1014 873 1151 926; x_wconf 88' lang='lat' dir='ltr'><strong>conatus</strong></span> 
     </span>
     <span class='ocr_line' id='line_1_5' title="bbox 61 954 1182 1026; baseline 0.006 -7"><span class='ocrx_word' id='word_1_28' title='bbox 61 954 94 1018; x_wconf 83' lang='lat' dir='ltr'><strong>ad</strong></span> <span class='ocrx_word' id='word_1_29' title='bbox 114 957 339 1022; x_wconf 81' lang='lat' dir='ltr'><strong>stabiliendum</strong></span> <span class='ocrx_word' id='word_1_30' title='bbox 364 981 505 1024; x_wconf 88' lang='lat' dir='ltr'><strong>errorem</strong></span> <span class='ocrx_word' id='word_1_31' title='bbox 529 959 774 1026; x_wconf 87' lang='lat' dir='ltr'><strong>Anomoeorum</strong></span> <span class='ocrx_word' id='word_1_32' title='bbox 798 960 966 1026; x_wconf 82' lang='lat' dir='ltr'><strong>eliderent.</strong></span> <span class='ocrx_word' id='word_1_33' title='bbox 990 999 1033 1008; x_wconf 95' lang='lat'><strong>-—</strong></span> <span class='ocrx_word' id='word_1_34' title='bbox 1048 959 1151 1026; x_wconf 86' lang='lat' dir='ltr'><strong>Vides</strong></span> <span class='ocrx_word' id='word_1_35' title='bbox 1179 959 1182 964; x_wconf 74' lang='grc'><strong>’</strong></span> 
     </span>
     <span class='ocr_line' id='line_1_6' title="bbox 61 1055 1150 1145; baseline 0.003 -27"><span class='ocrx_word' id='word_1_36' title='bbox 61 1055 157 1136; x_wconf 61' lang='lat' dir='ltr'><strong>irim,</strong></span> <span class='ocrx_word' id='word_1_37' title='bbox 193 1059 409 1141; x_wconf 87' lang='lat' dir='ltr'><strong>peremptorie</strong></span> <span class='ocrx_word' id='word_1_38' title='bbox 442 1058 675 1141; x_wconf 90' lang='lat' dir='ltr'><strong>demonstrari,</strong></span> <span class='ocrx_word' id='word_1_39' title='bbox 709 1057 766 1123; x_wconf 94' lang='lat' dir='ltr'><strong>illa</strong></span> <span class='ocrx_word' id='word_1_40' title='bbox 789 1081 873 1145; x_wconf 92' lang='lat' dir='ltr'><strong>quae</strong></span> <span class='ocrx_word' id='word_1_41' title='bbox 896 1059 931 1122; x_wconf 94' lang='lat' dir='ltr'><strong>in</strong></span> <span class='ocrx_word' id='word_1_42' title='bbox 959 1058 1150 1142; x_wconf 78' lang='lat' dir='ltr'><strong>fragmentis</strong></span> 
     </span>
     <span class='ocr_line' id='line_1_7' title="bbox 59 1151 1151 1244; baseline 0.003 -28"><span class='ocrx_word' id='word_1_43' title='bbox 59 1151 156 1216; x_wconf 85' lang='lat' dir='ltr'><strong>addita</strong></span> <span class='ocrx_word' id='word_1_44' title='bbox 170 1163 244 1218; x_wconf 88' lang='lat' dir='ltr'><strong>sunt</strong></span> <span class='ocrx_word' id='word_1_45' title='bbox 265 1165 415 1240; x_wconf 88' lang='lat' dir='ltr'><strong>respectu</strong></span> <span class='ocrx_word' id='word_1_46' title='bbox 434 1156 570 1239; x_wconf 90' lang='lat' dir='ltr'><strong>Liberii,</strong></span> <span class='ocrx_word' id='word_1_47' title='bbox 586 1180 652 1222; x_wconf 90' lang='lat' dir='ltr'><strong>non</strong></span> <span class='ocrx_word' id='word_1_48' title='bbox 672 1181 766 1244; x_wconf 90' lang='lat' dir='ltr'><strong>posse</strong></span> <span class='ocrx_word' id='word_1_49' title='bbox 782 1155 917 1221; x_wconf 80' lang='lat' dir='ltr'><strong>attribui</strong></span> <span class='ocrx_word' id='word_1_50' title='bbox 932 1156 965 1222; x_wconf 86' lang='lat' dir='ltr'><strong>S.</strong></span> <span class='ocrx_word' id='word_1_51' title='bbox 981 1155 1118 1220; x_wconf 81' lang='lat' dir='ltr'><strong>Hilario.</strong></span> <span class='ocrx_word' id='word_1_52' title='bbox 1128 1154 1151 1242; x_wconf 82' lang='grc' dir='ltr'><strong>ι)</strong></span> 
     </span>
    </p>
   </div>
   <div class='ocr_carea' id='block_1_3' title="bbox 4 1250 1310 3892">
    <p class='ocr_par' dir='ltr' id='par_1_3' title="bbox 55 1250 1310 2711">
     <span class='ocr_line' id='line_1_8' title="bbox 133 1250 1153 1341; baseline 0.004 -27"><span class='ocrx_word' id='word_1_53' title='bbox 133 1251 184 1315; x_wconf 78' lang='grc'><strong>95.</strong></span> <span class='ocrx_word' id='word_1_54' title='bbox 206 1250 241 1316; x_wconf 82' lang='lat' dir='ltr'><strong>Si</strong></span> <span class='ocrx_word' id='word_1_55' title='bbox 264 1254 339 1338; x_wconf 90' lang='lat' dir='ltr'><strong>quis</strong></span> <span class='ocrx_word' id='word_1_56' title='bbox 363 1263 508 1339; x_wconf 89' lang='lat' dir='ltr'><strong>quaerat,</strong></span> <span class='ocrx_word' id='word_1_57' title='bbox 533 1277 597 1340; x_wconf 92' lang='lat' dir='ltr'><strong>quo</strong></span> <span class='ocrx_word' id='word_1_58' title='bbox 622 1264 767 1341; x_wconf 88' lang='lat' dir='ltr'><strong>tempore</strong></span> <span class='ocrx_word' id='word_1_59' title='bbox 792 1254 952 1318; x_wconf 84' lang='lat' dir='ltr'><strong>confictae</strong></span> <span class='ocrx_word' id='word_1_60' title='bbox 975 1254 1153 1319; x_wconf 87' lang='lat' dir='ltr'><strong>videantur</strong></span> 
     </span>
     <span class='ocr_line' id='line_1_9' title="bbox 58 1346 1152 1434; baseline 0.006 -26"><span class='ocrx_word' id='word_1_61' title='bbox 58 1346 197 1431; x_wconf 79' lang='lat' dir='ltr'><strong>epistolae</strong></span> <span class='ocrx_word' id='word_1_62' title='bbox 207 1348 281 1414; x_wconf 88' lang='lat' dir='ltr'><strong>illae</strong></span> <span class='ocrx_word' id='word_1_63' title='bbox 290 1350 426 1415; x_wconf 87' lang='lat' dir='ltr'><strong>fictitiae</strong></span> <span class='ocrx_word' id='word_1_64' title='bbox 435 1351 570 1434; x_wconf 90' lang='lat' dir='ltr'><strong>Liberii,</strong></span> <span class='ocrx_word' id='word_1_65' title='bbox 581 1351 678 1418; x_wconf 86' lang='lat' dir='ltr'><strong>facile</strong></span> <span class='ocrx_word' id='word_1_66' title='bbox 689 1354 837 1418; x_wconf 86' lang='lat' dir='ltr'><strong>cederem</strong></span> <span class='ocrx_word' id='word_1_67' title='bbox 849 1355 883 1417; x_wconf 96' lang='lat' dir='ltr'><strong>in</strong></span> <span class='ocrx_word' id='word_1_68' title='bbox 893 1353 1087 1416; x_wconf 88' lang='lat' dir='ltr'><strong>sententiam</strong></span> <span class='ocrx_word' id='word_1_69' title='bbox 1098 1353 1152 1415; x_wconf 89' lang='lat' dir='ltr'><strong>oui</strong></span> 
     </span>
     <span class='ocr_line' id='line_1_10' title="bbox 57 1445 1296 1536; baseline 0.007 -29"><span class='ocrx_word' id='word_1_70' title='bbox 57 1445 237 1529; x_wconf 78' lang='lat' dir='ltr'><strong>suffragatur</strong></span> <span class='ocrx_word' id='word_1_71' title='bbox 259 1447 660 1536; x_wconf 73' lang='lat' dir='ltr'><strong>Reicerding2),1.iberi0</strong></span> <span class='ocrx_word' id='word_1_72' title='bbox 685 1450 794 1515; x_wconf 89' lang='lat' dir='ltr'><strong>adbuc</strong></span> <span class='ocrx_word' id='word_1_73' title='bbox 817 1452 852 1514; x_wconf 96' lang='lat' dir='ltr'><strong>in</strong></span> <span class='ocrx_word' id='word_1_74' title='bbox 876 1449 975 1514; x_wconf 88' lang='lat' dir='ltr'><strong>exilio</strong></span> <span class='ocrx_word' id='word_1_75' title='bbox 1000 1458 1151 1513; x_wconf 79' lang='lat' dir='ltr'><strong>versante</strong></span> <span class='ocrx_word' id='word_1_76' title='bbox 1189 1475 1296 1526; x_wconf 59' lang='lat' dir='ltr'><strong>nameus</strong></span> 
     </span>
     <span class='ocr_line' id='line_1_11' title="bbox 56 1535 1310 1640; baseline 0.003 -34"><span class='ocrx_word' id='word_1_77' title='bbox 56 1565 79 1606; x_wconf 85' lang='lat' dir='ltr'><strong>a.</strong></span> <span class='ocrx_word' id='word_1_78' title='bbox 106 1545 178 1625; x_wconf 76' lang='lat'><strong>357,</strong></span> <span class='ocrx_word' id='word_1_79' title='bbox 209 1555 283 1631; x_wconf 91' lang='lat' dir='ltr'><strong>post</strong></span> <span class='ocrx_word' id='word_1_80' title='bbox 313 1546 497 1612; x_wconf 87' lang='lat' dir='ltr'><strong>confectam</strong></span> <span class='ocrx_word' id='word_1_81' title='bbox 519 1548 693 1613; x_wconf 88' lang='lat' dir='ltr'><strong>formulam</strong></span> <span class='ocrx_word' id='word_1_82' title='bbox 725 1548 903 1613; x_wconf 88' lang='lat' dir='ltr'><strong>secundam</strong></span> <span class='ocrx_word' id='word_1_83' title='bbox 927 1546 1151 1630; x_wconf 72' lang='lat' dir='ltr'><strong>sirmiensem,</strong></span> <span class='ocrx_word' id='word_1_84' title='bbox 1161 1535 1310 1640; x_wconf 57' lang='lat' dir='ltr'><strong>fflffll&#39;</strong></span> 
     </span>
     <span class='ocr_line' id='line_1_12' title="bbox 56 1639 1150 1734; baseline 0.003 -29"><span class='ocrx_word' id='word_1_85' title='bbox 56 1639 115 1704; x_wconf 86' lang='lat' dir='ltr'><strong>illas</strong></span> <span class='ocrx_word' id='word_1_86' title='bbox 143 1643 294 1728; x_wconf 86' lang='lat' dir='ltr'><strong>epistolas</strong></span> <span class='ocrx_word' id='word_1_87' title='bbox 324 1643 366 1708; x_wconf 88' lang='lat' dir='ltr'><strong>ab</strong></span> <span class='ocrx_word' id='word_1_88' title='bbox 391 1644 525 1710; x_wconf 86' lang='lat' dir='ltr'><strong>Arianis</strong></span> <span class='ocrx_word' id='word_1_89' title='bbox 555 1649 738 1732; x_wconf 84' lang='lat' dir='ltr'><strong>suppositas</strong></span> <span class='ocrx_word' id='word_1_90' title='bbox 765 1669 852 1728; x_wconf 84' lang='lat' dir='ltr'><strong>esse3</strong></span> <span class='ocrx_word' id='word_1_91' title='bbox 883 1656 964 1710; x_wconf 89' lang='lat' dir='ltr'><strong>tunc</strong></span> <span class='ocrx_word' id='word_1_92' title='bbox 996 1647 1084 1709; x_wconf 90' lang='lat' dir='ltr'><strong>enim</strong></span> <span class='ocrx_word' id='word_1_93' title='bbox 1108 1644 1150 1734; x_wconf 83' lang='lat' dir='ltr'><strong>ab</strong></span> 
     </span>
     <span class='ocr_line' id='line_1_13' title="bbox 56 1739 1151 1831; baseline 0.005 -30"><span class='ocrx_word' id='word_1_94' title='bbox 56 1739 87 1801; x_wconf 88' lang='lat' dir='ltr'><strong>iis</strong></span> <span class='ocrx_word' id='word_1_95' title='bbox 107 1761 248 1804; x_wconf 88' lang='lat' dir='ltr'><strong>rumores</strong></span> <span class='ocrx_word' id='word_1_96' title='bbox 272 1741 520 1826; x_wconf 75' lang='lat' dir='ltr'><strong>spargebantur,</strong></span> <span class='ocrx_word' id='word_1_97' title='bbox 537 1744 708 1809; x_wconf 89' lang='lat' dir='ltr'><strong>Liberium</strong></span> <span class='ocrx_word' id='word_1_98' title='bbox 728 1747 763 1809; x_wconf 92' lang='lat' dir='ltr'><strong>in</strong></span> <span class='ocrx_word' id='word_1_99' title='bbox 787 1747 931 1831; x_wconf 89' lang='lat' dir='ltr'><strong>ipsorum</strong></span> <span class='ocrx_word' id='word_1_100' title='bbox 955 1745 1151 1807; x_wconf 87' lang='lat' dir='ltr'><strong>sententiam</strong></span> 
     </span>
     <span class='ocr_line' id='line_1_14' title="bbox 56 1839 1151 1928; baseline 0.004 -28"><span class='ocrx_word' id='word_1_101' title='bbox 56 1840 250 1904; x_wconf 85' lang='lat' dir='ltr'><strong>consensisse.</strong></span> <span class='ocrx_word' id='word_1_102' title='bbox 289 1839 431 1926; x_wconf 83' lang='lat' dir='ltr'><strong>(Sozom.</strong></span> <span class='ocrx_word' id='word_1_103' title='bbox 456 1841 514 1907; x_wconf 93' lang='lat' dir='ltr'><strong>IV.</strong></span> <span class='ocrx_word' id='word_1_104' title='bbox 541 1841 606 1928; x_wconf 82' lang='lat'><strong>15.)</strong></span> <span class='ocrx_word' id='word_1_105' title='bbox 629 1843 740 1907; x_wconf 88' lang='lat' dir='ltr'><strong>Etiam</strong></span> <span class='ocrx_word' id='word_1_106' title='bbox 764 1852 840 1906; x_wconf 88' lang='lat' dir='ltr'><strong>aute</strong></span> <span class='ocrx_word' id='word_1_107' title='bbox 863 1841 1005 1906; x_wconf 88' lang='lat' dir='ltr'><strong>reditum</strong></span> <span class='ocrx_word' id='word_1_108' title='bbox 1024 1840 1151 1905; x_wconf 91' lang='lat' dir='ltr'><strong>Liberii</strong></span> 
     </span>
     <span class='ocr_line' id='line_1_15' title="bbox 56 1935 1152 2023; baseline 0.002 -25"><span class='ocrx_word' id='word_1_109' title='bbox 56 1935 228 2002; x_wconf 80' lang='lat' dir='ltr'><strong>Catholicae</strong></span> <span class='ocrx_word' id='word_1_110' title='bbox 251 1938 386 2023; x_wconf 84' lang='lat' dir='ltr'><strong>quidam</strong></span> <span class='ocrx_word' id='word_1_111' title='bbox 414 1938 609 2004; x_wconf 83' lang='lat' dir='ltr'><strong>ardentioris</strong></span> <span class='ocrx_word' id='word_1_112' title='bbox 632 1942 735 2004; x_wconf 89' lang='lat' dir='ltr'><strong>animi</strong></span> <span class='ocrx_word' id='word_1_113' title='bbox 767 1940 899 2004; x_wconf 87' lang='lat' dir='ltr'><strong>videtur</strong></span> <span class='ocrx_word' id='word_1_114' title='bbox 926 1937 1152 2003; x_wconf 87' lang='lat' dir='ltr'><strong>additamenta</strong></span> 
     </span>
     <span class='ocr_line' id='line_1_16' title="bbox 56 2031 1150 2124; baseline 0.004 -30"><span class='ocrx_word' id='word_1_115' title='bbox 56 2031 99 2096; x_wconf 83' lang='lat' dir='ltr'><strong>illa</strong></span> <span class='ocrx_word' id='word_1_116' title='bbox 137 2034 283 2121; x_wconf 88' lang='lat' dir='ltr'><strong>epistolis</strong></span> <span class='ocrx_word' id='word_1_117' title='bbox 326 2035 368 2100; x_wconf 94' lang='lat' dir='ltr'><strong>ab</strong></span> <span class='ocrx_word' id='word_1_118' title='bbox 413 2038 482 2123; x_wconf 87' lang='lat' dir='ltr'><strong>ipso</strong></span> <span class='ocrx_word' id='word_1_119' title='bbox 526 2038 669 2102; x_wconf 88' lang='lat' dir='ltr'><strong>collectis</strong></span> <span class='ocrx_word' id='word_1_120' title='bbox 704 2039 865 2124; x_wconf 88' lang='lat' dir='ltr'><strong>junxisse.</strong></span> <span class='ocrx_word' id='word_1_121' title='bbox 919 2037 1030 2100; x_wconf 89' lang='lat' dir='ltr'><strong>Minus</strong></span> <span class='ocrx_word' id='word_1_122' title='bbox 1066 2035 1150 2099; x_wconf 91' lang='lat' dir='ltr'><strong>bene</strong></span> 
     </span>
     <span class='ocr_line' id='line_1_17' title="bbox 56 2133 1150 2223; baseline 0.003 -30"><span class='ocrx_word' id='word_1_123' title='bbox 56 2133 128 2196; x_wconf 83' lang='lat' dir='ltr'><strong>eninr</strong></span> <span class='ocrx_word' id='word_1_124' title='bbox 152 2135 404 2219; x_wconf 79' lang='lat' dir='ltr'><strong>imprecationes</strong></span> <span class='ocrx_word' id='word_1_125' title='bbox 426 2135 502 2202; x_wconf 88' lang='lat' dir='ltr'><strong>illae</strong></span> <span class='ocrx_word' id='word_1_126' title='bbox 526 2137 735 2223; x_wconf 81' lang='lat' dir='ltr'><strong>explicantur</strong></span> <span class='ocrx_word' id='word_1_127' title='bbox 762 2145 834 2221; x_wconf 89' lang='lat' dir='ltr'><strong>post</strong></span> <span class='ocrx_word' id='word_1_128' title='bbox 847 2134 972 2199; x_wconf 91' lang='lat' dir='ltr'><strong>Liberii</strong></span> <span class='ocrx_word' id='word_1_129' title='bbox 996 2133 1150 2214; x_wconf 88' lang='lat' dir='ltr'><strong>reditum,</strong></span> 
     </span>
     <span class='ocr_line' id='line_1_18' title="bbox 56 2231 1151 2312; baseline 0.001 -19"><span class='ocrx_word' id='word_1_130' title='bbox 56 2251 140 2312; x_wconf 83' lang='lat' dir='ltr'><strong>quum</strong></span> <span class='ocrx_word' id='word_1_131' title='bbox 164 2231 264 2296; x_wconf 89' lang='lat' dir='ltr'><strong>fidem</strong></span> <span class='ocrx_word' id='word_1_132' title='bbox 288 2233 505 2299; x_wconf 86' lang='lat' dir='ltr'><strong>orthodoxam</strong></span> <span class='ocrx_word' id='word_1_133' title='bbox 529 2257 605 2300; x_wconf 89' lang='lat' dir='ltr'><strong>cum</strong></span> <span class='ocrx_word' id='word_1_134' title='bbox 627 2236 757 2300; x_wconf 82' lang='lat' dir='ltr'><strong>fervore</strong></span> <span class='ocrx_word' id='word_1_135' title='bbox 780 2243 935 2298; x_wconf 88' lang='lat' dir='ltr'><strong>tueretur.</strong></span> <span class='ocrx_word' id='word_1_136' title='bbox 972 2233 1044 2297; x_wconf 83' lang='lat' dir='ltr'><strong>Nisi</strong></span> <span class='ocrx_word' id='word_1_137' title='bbox 1069 2231 1151 2295; x_wconf 88' lang='lat' dir='ltr'><strong>velis</strong></span> 
     </span>
     <span class='ocr_line' id='line_1_19' title="bbox 55 2330 1152 2418; baseline 0.004 -29"><span class='ocrx_word' id='word_1_138' title='bbox 55 2351 234 2413; x_wconf 84' lang='lat' dir='ltr'><strong>supponere,</strong></span> <span class='ocrx_word' id='word_1_139' title='bbox 266 2333 443 2416; x_wconf 87' lang='lat' dir='ltr'><strong>posteriore</strong></span> <span class='ocrx_word' id='word_1_140' title='bbox 474 2344 619 2418; x_wconf 87' lang='lat' dir='ltr'><strong>tempore</strong></span> <span class='ocrx_word' id='word_1_141' title='bbox 650 2357 670 2398; x_wconf 88' lang='lat' dir='ltr'><strong>a</strong></span> <span class='ocrx_word' id='word_1_142' title='bbox 692 2333 904 2398; x_wconf 91' lang='lat' dir='ltr'><strong>Luciferiano</strong></span> <span class='ocrx_word' id='word_1_143' title='bbox 928 2331 1038 2416; x_wconf 88' lang='lat' dir='ltr'><strong>aliquo</strong></span> <span class='ocrx_word' id='word_1_144' title='bbox 1063 2330 1152 2394; x_wconf 84' lang='lat' dir='ltr'><strong>fana-</strong></span> 
     </span>
     <span class='ocr_line' id='line_1_20' title="bbox 55 2427 1153 2517; baseline 0.002 -29"><span class='ocrx_word' id='word_1_145' title='bbox 55 2427 107 2489; x_wconf 89' lang='lat' dir='ltr'><strong>tieo</strong></span> <span class='ocrx_word' id='word_1_146' title='bbox 137 2427 194 2493; x_wconf 90' lang='lat' dir='ltr'><strong>illa</strong></span> <span class='ocrx_word' id='word_1_147' title='bbox 227 2429 454 2496; x_wconf 84' lang='lat' dir='ltr'><strong>additamenta</strong></span> <span class='ocrx_word' id='word_1_148' title='bbox 486 2431 574 2496; x_wconf 88' lang='lat' dir='ltr'><strong>lacta</strong></span> <span class='ocrx_word' id='word_1_149' title='bbox 606 2431 720 2514; x_wconf 86' lang='lat' dir='ltr'><strong>luisse,</strong></span> <span class='ocrx_word' id='word_1_150' title='bbox 754 2453 855 2517; x_wconf 91' lang='lat' dir='ltr'><strong>quum</strong></span> <span class='ocrx_word' id='word_1_151' title='bbox 888 2429 1045 2516; x_wconf 89' lang='lat' dir='ltr'><strong>epistolae</strong></span> <span class='ocrx_word' id='word_1_152' title='bbox 1077 2427 1153 2491; x_wconf 89' lang='lat' dir='ltr'><strong>illae</strong></span> 
     </span>
     <span class='ocr_line' id='line_1_21' title="bbox 56 2525 1155 2615; baseline 0.002 -29"><span class='ocrx_word' id='word_1_153' title='bbox 56 2525 201 2592; x_wconf 84' lang='lat' dir='ltr'><strong>confictae</strong></span> <span class='ocrx_word' id='word_1_154' title='bbox 232 2529 267 2591; x_wconf 92' lang='lat' dir='ltr'><strong>in</strong></span> <span class='ocrx_word' id='word_1_155' title='bbox 301 2551 417 2594; x_wconf 89' lang='lat' dir='ltr'><strong>manus</strong></span> <span class='ocrx_word' id='word_1_156' title='bbox 448 2529 519 2615; x_wconf 89' lang='lat' dir='ltr'><strong>ejus</strong></span> <span class='ocrx_word' id='word_1_157' title='bbox 549 2531 785 2614; x_wconf 88' lang='lat' dir='ltr'><strong>pervenissent.</strong></span> <span class='ocrx_word' id='word_1_158' title='bbox 836 2527 932 2592; x_wconf 83' lang='lat' dir='ltr'><strong>Certe</strong></span> <span class='ocrx_word' id='word_1_159' title='bbox 955 2536 1069 2592; x_wconf 88' lang='lat' dir='ltr'><strong>auctor</strong></span> <span class='ocrx_word' id='word_1_160' title='bbox 1091 2525 1155 2590; x_wconf 88' lang='lat' dir='ltr'><strong>fuit</strong></span> 
     </span>
     <span class='ocr_line' id='line_1_22' title="bbox 56 2619 929 2711; baseline 0.007 -27"><span class='ocrx_word' id='word_1_161' title='bbox 56 2619 138 2688; x_wconf 87' lang='lat' dir='ltr'><strong>homo</strong></span> <span class='ocrx_word' id='word_1_162' title='bbox 161 2646 280 2711; x_wconf 89' lang='lat' dir='ltr'><strong>parum</strong></span> <span class='ocrx_word' id='word_1_163' title='bbox 303 2649 427 2711; x_wconf 80' lang='lat' dir='ltr'><strong>gnarus</strong></span> <span class='ocrx_word' id='word_1_164' title='bbox 450 2637 629 2692; x_wconf 87' lang='lat' dir='ltr'><strong>eventuum</strong></span> <span class='ocrx_word' id='word_1_165' title='bbox 653 2627 741 2691; x_wconf 89' lang='lat' dir='ltr'><strong>illius</strong></span> <span class='ocrx_word' id='word_1_166' title='bbox 764 2627 929 2711; x_wconf 89' lang='lat' dir='ltr'><strong>temporis.</strong></span> 
     </span>
    </p>

    <p class='ocr_par' dir='ltr' id='par_1_4' title="bbox 54 2719 1310 3306">
     <span class='ocr_line' id='line_1_23' title="bbox 130 2719 1310 2811; baseline -0.003 -25"><span class='ocrx_word' id='word_1_167' title='bbox 130 2723 185 2788; x_wconf 87' lang='grc'><strong>96.</strong></span> <span class='ocrx_word' id='word_1_168' title='bbox 208 2722 275 2788; x_wconf 88' lang='lat' dir='ltr'><strong>Sed</strong></span> <span class='ocrx_word' id='word_1_169' title='bbox 294 2725 366 2811; x_wconf 90' lang='lat' dir='ltr'><strong>jam</strong></span> <span class='ocrx_word' id='word_1_170' title='bbox 398 2727 571 2790; x_wconf 88' lang='lat' dir='ltr'><strong>veniamus</strong></span> <span class='ocrx_word' id='word_1_171' title='bbox 602 2727 644 2790; x_wconf 93' lang='lat' dir='ltr'><strong>ad</strong></span> <span class='ocrx_word' id='word_1_172' title='bbox 668 2747 706 2790; x_wconf 92' lang='lat' dir='ltr'><strong>ea</strong></span> <span class='ocrx_word' id='word_1_173' title='bbox 737 2747 821 2811; x_wconf 91' lang='lat' dir='ltr'><strong>quae</strong></span> <span class='ocrx_word' id='word_1_174' title='bbox 846 2723 886 2788; x_wconf 93' lang='lat' dir='ltr'><strong>de</strong></span> <span class='ocrx_word' id='word_1_175' title='bbox 909 2720 1035 2787; x_wconf 88' lang='lat' dir='ltr'><strong>Liberii</strong></span> <span class='ocrx_word' id='word_1_176' title='bbox 1059 2719 1185 2804; x_wconf 86' lang='lat' dir='ltr'><strong>lapsus.</strong></span> <span class='ocrx_word' id='word_1_177' title='bbox 1200 2742 1310 2785; x_wconf 70' lang='lat' dir='ltr'><strong>reunsi</strong></span> 
     </span>
     <span class='ocr_line' id='line_1_24' title="bbox 56 2806 1282 2908; baseline -0.006 -22"><span class='ocrx_word' id='word_1_178' title='bbox 56 2819 81 2880; x_wconf 79' lang='lat' dir='ltr'><strong>in</strong></span> <span class='ocrx_word' id='word_1_179' title='bbox 111 2821 279 2908; x_wconf 75' lang='lat' dir='ltr'><strong>Opsecrslis</strong></span> <span class='ocrx_word' id='word_1_180' title='bbox 311 2823 343 2888; x_wconf 77' lang='lat' dir='ltr'><strong>S.</strong></span> <span class='ocrx_word' id='word_1_181' title='bbox 376 2823 548 2888; x_wconf 78' lang='lat' dir='ltr'><strong>Athanasii</strong></span> <span class='ocrx_word' id='word_1_182' title='bbox 579 2825 803 2890; x_wconf 88' lang='lat' dir='ltr'><strong>inveniuntur.</strong></span> <span class='ocrx_word' id='word_1_183' title='bbox 849 2820 983 2906; x_wconf 88' lang='lat' dir='ltr'><strong>Duplex</strong></span> <span class='ocrx_word' id='word_1_184' title='bbox 1014 2817 1154 2884; x_wconf 85' lang='lat' dir='ltr'><strong>habetur</strong></span> <span class='ocrx_word' id='word_1_185' title='bbox 1200 2806 1282 2848; x_wconf 64' lang='lat'><strong>“¹²¹⁸</strong></span> 
     </span>
     <span class='ocr_line' id='line_1_25' title="bbox 55 2915 1154 3008; baseline -0.003 -27"><span class='ocrx_word' id='word_1_186' title='bbox 55 2915 131 2982; x_wconf 84' lang='lat' dir='ltr'><strong>loeus</strong></span> <span class='ocrx_word' id='word_1_187' title='bbox 162 2922 220 3006; x_wconf 92' lang='lat' dir='ltr'><strong>qni</strong></span> <span class='ocrx_word' id='word_1_188' title='bbox 253 2921 298 2986; x_wconf 88' lang='lat' dir='ltr'><strong>ad</strong></span> <span class='ocrx_word' id='word_1_189' title='bbox 329 2945 399 2986; x_wconf 88' lang='lat' dir='ltr'><strong>rem</strong></span> <span class='ocrx_word' id='word_1_190' title='bbox 431 2924 583 3008; x_wconf 88' lang='lat' dir='ltr'><strong>pertinet.</strong></span> <span class='ocrx_word' id='word_1_191' title='bbox 628 2923 668 2986; x_wconf 93' lang='lat' dir='ltr'><strong>Iu</strong></span> <span class='ocrx_word' id='word_1_192' title='bbox 692 2921 850 3008; x_wconf 76' lang='lat' dir='ltr'><strong>Apolopia</strong></span> <span class='ocrx_word' id='word_1_193' title='bbox 881 2929 992 2982; x_wconf 86' lang='lat' dir='ltr'><strong>contra</strong></span> <span class='ocrx_word' id='word_1_194' title='bbox 1014 2915 1154 2980; x_wconf 83' lang='lat' dir='ltr'><strong>Arianos</strong></span> 
     </span>
     <span class='ocr_line' id='line_1_26' title="bbox 55 3013 1152 3108; baseline -0.004 -28"><span class='ocrx_word' id='word_1_195' title='bbox 55 3013 123 3080; x_wconf 85' lang='lat' dir='ltr'><strong>haec</strong></span> <span class='ocrx_word' id='word_1_196' title='bbox 153 3017 320 3084; x_wconf 87' lang='lat' dir='ltr'><strong>habentur</strong></span> <span class='ocrx_word' id='word_1_197' title='bbox 349 3043 405 3086; x_wconf 92' lang='lat' dir='ltr'><strong>nn.</strong></span> <span class='ocrx_word' id='word_1_198' title='bbox 431 3021 482 3104; x_wconf 82' lang='lat'><strong>89,</strong></span> <span class='ocrx_word' id='word_1_199' title='bbox 505 3021 565 3086; x_wconf 83' lang='grc' dir='ltr'><strong>9οε</strong></span> <span class='ocrx_word' id='word_1_200' title='bbox 597 3022 716 3085; x_wconf 82' lang='lat' dir='ltr'><strong>Idcirco</strong></span> <span class='ocrx_word' id='word_1_201' title='bbox 739 3031 820 3084; x_wconf 83' lang='lat' dir='ltr'><strong>recte</strong></span> <span class='ocrx_word' id='word_1_202' title='bbox 843 3029 873 3083; x_wconf 86' lang='lat' dir='ltr'><strong>et</strong></span> <span class='ocrx_word' id='word_1_203' title='bbox 888 3023 989 3108; x_wconf 66' lang='lat' dir='ltr'><strong>joscio</strong></span> <span class='ocrx_word' id='word_1_204' title='bbox 1012 3015 1152 3080; x_wconf 62' lang='lat' dir='ltr'><strong>eculanu-</strong></span> 
     </span>
     <span class='ocr_line' id='line_1_27' title="bbox 54 3111 1154 3202; baseline -0.004 -22"><span class='ocrx_word' id='word_1_205' title='bbox 54 3115 137 3180; x_wconf 62' lang='grc' dir='ltr'><strong>ἀίω</strong></span> <span class='ocrx_word' id='word_1_206' title='bbox 169 3115 253 3202; x_wconf 78' lang='lat' dir='ltr'><strong>lepos</strong></span> <span class='ocrx_word' id='word_1_207' title='bbox 283 3118 368 3183; x_wconf 83' lang='lat' dir='ltr'><strong>beuti</strong></span> <span class='ocrx_word' id='word_1_208' title='bbox 399 3121 604 3184; x_wconf 78' lang='lat' dir='ltr'><strong>comministri</strong></span> <span class='ocrx_word' id='word_1_209' title='bbox 634 3120 745 3197; x_wconf 81' lang='lat' dir='ltr'><strong>nostri,</strong></span> <span class='ocrx_word' id='word_1_210' title='bbox 779 3139 846 3182; x_wconf 86' lang='lat' dir='ltr'><strong>cum</strong></span> <span class='ocrx_word' id='word_1_211' title='bbox 872 3113 1018 3182; x_wconf 77' lang='lat' dir='ltr'><strong>nonnulli</strong></span> <span class='ocrx_word' id='word_1_212' title='bbox 1040 3111 1154 3176; x_wconf 87' lang='lat' dir='ltr'><strong>dubius</strong></span> 
     </span>
     <span class='ocr_line' id='line_1_28' title="bbox 55 3209 1154 3306; baseline -0.001 -31"><span class='ocrx_word' id='word_1_213' title='bbox 55 3235 107 3276; x_wconf 81' lang='lat' dir='ltr'><strong>esse</strong></span> <span class='ocrx_word' id='word_1_214' title='bbox 127 3238 180 3278; x_wconf 82' lang='lat' dir='ltr'><strong>res</strong></span> <span class='ocrx_word' id='word_1_215' title='bbox 202 3227 329 3280; x_wconf 67' lang='lat' dir='ltr'><strong>neruus</strong></span> <span class='ocrx_word' id='word_1_216' title='bbox 352 3216 560 3303; x_wconf 76' lang='lat' dir='ltr'><strong>affirmarent,</strong></span> <span class='ocrx_word' id='word_1_217' title='bbox 583 3219 815 3303; x_wconf 76' lang='lat' dir='ltr'><strong>niterenturque</strong></span> <span class='ocrx_word' id='word_1_218' title='bbox 832 3215 960 3306; x_wconf 86' lang='lat' dir='ltr'><strong>judicio</strong></span> <span class='ocrx_word' id='word_1_219' title='bbox 977 3233 1040 3299; x_wconf 85' lang='lat' dir='ltr'><strong>pro</strong></span> <span class='ocrx_word' id='word_1_220' title='bbox 1064 3209 1154 3274; x_wconf 82' lang='lat' dir='ltr'><strong>nobis</strong></span> 
     </span>
    </p>

    <p class='ocr_par' dir='ltr' id='par_1_5' title="bbox 4 3307 1156 3892">
     <span class='ocr_line' id='line_1_29' title="bbox 5 3307 1154 3400; baseline -0.002 -26"><span class='ocrx_word' id='word_1_221' title='bbox 5 3307 6 3374; x_wconf 73' lang='grc' dir='ltr'>ζ</span> <span class='ocrx_word' id='word_1_222' title='bbox 55 3307 111 3375; x_wconf 77' lang='lat' dir='ltr'><strong>tua</strong></span> <span class='ocrx_word' id='word_1_223' title='bbox 141 3312 306 3399; x_wconf 75' lang='lat' dir='ltr'><strong>abrepere,</strong></span> <span class='ocrx_word' id='word_1_224' title='bbox 340 3339 507 3380; x_wconf 74' lang='lat' dir='ltr'><strong>semensas</strong></span> <span class='ocrx_word' id='word_1_225' title='bbox 538 3315 692 3400; x_wconf 82' lang='lat' dir='ltr'><strong>quaslibet</strong></span> <span class='ocrx_word' id='word_1_226' title='bbox 724 3316 877 3378; x_wconf 86' lang='lat' dir='ltr'><strong>sustinere</strong></span> <span class='ocrx_word' id='word_1_227' title='bbox 899 3314 934 3376; x_wconf 88' lang='lat' dir='ltr'><strong>in</strong></span> <span class='ocrx_word' id='word_1_228' title='bbox 967 3310 1154 3392; x_wconf 72' lang='lat' dir='ltr'><strong>exiliumque</strong></span> 
     </span>
     <span class='ocr_line' id='line_1_30' title="bbox 5 3407 1154 3500; baseline -0.003 -27"><span class='ocrx_word' id='word_1_229' title='bbox 5 3417 6 3424; x_wconf 76' lang='grc'>’</span> <span class='ocrx_word' id='word_1_230' title='bbox 53 3409 120 3492; x_wconf 82' lang='lat' dir='ltr'><strong>pelli</strong></span> <span class='ocrx_word' id='word_1_231' title='bbox 139 3411 331 3494; x_wconf 76' lang='lat' dir='ltr'><strong>maluerunt,</strong></span> <span class='ocrx_word' id='word_1_232' title='bbox 361 3437 454 3500; x_wconf 83' lang='lat' dir='ltr'><strong>quam</strong></span> <span class='ocrx_word' id='word_1_233' title='bbox 486 3425 532 3478; x_wconf 86' lang='lat' dir='ltr'><strong>tot</strong></span> <span class='ocrx_word' id='word_1_234' title='bbox 555 3424 770 3500; x_wconf 79' lang='lat' dir='ltr'><strong>tantorumque</strong></span> <span class='ocrx_word' id='word_1_235' title='bbox 797 3413 1011 3498; x_wconf 82' lang='lat' dir='ltr'><strong>episcoporum</strong></span> <span class='ocrx_word' id='word_1_236' title='bbox 1026 3407 1154 3498; x_wconf 79' lang='lat' dir='ltr'><strong>judicic</strong></span> 
     </span>
     <span class='ocr_line' id='line_1_31' title="bbox 55 3499 1154 3598; baseline -0.004 -26"><span class='ocrx_word' id='word_1_237' title='bbox 55 3507 198 3595; x_wconf 64' lang='lat' dir='ltr'><strong>obrem</strong></span> <span class='ocrx_word' id='word_1_238' title='bbox 219 3533 352 3576; x_wconf 77' lang='lat' dir='ltr'><strong>cernere.</strong></span> <span class='ocrx_word' id='word_1_239' title='bbox 400 3513 437 3576; x_wconf 73' lang='lat' dir='ltr'><strong>st</strong></span> <span class='ocrx_word' id='word_1_240' title='bbox 458 3513 564 3597; x_wconf 79' lang='lat' dir='ltr'><strong>itaque</strong></span> <span class='ocrx_word' id='word_1_241' title='bbox 587 3512 654 3575; x_wconf 82' lang='lat' dir='ltr'><strong>seri</strong></span> <span class='ocrx_word' id='word_1_242' title='bbox 676 3511 815 3598; x_wconf 84' lang='lat' dir='ltr'><strong>episcopi</strong></span> <span class='ocrx_word' id='word_1_243' title='bbox 837 3503 888 3596; x_wconf 76' lang='grc' dir='ltr'><strong>(οἳ</strong></span> <span class='ocrx_word' id='word_1_244' title='bbox 908 3505 1037 3594; x_wconf 73' lang='grc' dir='ltr'><em>ἀληθῶς</em></span> <span class='ocrx_word' id='word_1_245' title='bbox 1060 3499 1154 3569; x_wconf 76' lang='lat' dir='ltr'><strong>inlo-</strong></span> 
     </span>
     <span class='ocr_line' id='line_1_32' title="bbox 4 3593 1156 3695; baseline -0.003 -26"><span class='ocrx_word' id='word_1_246' title='bbox 4 3683 5 3686; x_wconf 63' lang='lat'>,</span> <span class='ocrx_word' id='word_1_247' title='bbox 55 3593 159 3690; x_wconf 63' lang='grc' dir='ltr'><strong>ηκτοι)Ι</strong></span> <span class='ocrx_word' id='word_1_248' title='bbox 180 3611 298 3672; x_wconf 76' lang='lat' dir='ltr'><strong>matris</strong></span> <span class='ocrx_word' id='word_1_249' title='bbox 327 3610 586 3689; x_wconf 65' lang='lat' dir='ltr'><strong>insidiatoribus,</strong></span> <span class='ocrx_word' id='word_1_250' title='bbox 618 3611 672 3695; x_wconf 78' lang='lat' dir='ltr'><strong>pai</strong></span> <span class='ocrx_word' id='word_1_251' title='bbox 701 3631 739 3672; x_wconf 88' lang='lat' dir='ltr'><strong>ea</strong></span> <span class='ocrx_word' id='word_1_252' title='bbox 762 3631 840 3694; x_wconf 83' lang='lat' dir='ltr'><strong>quoe</strong></span> <span class='ocrx_word' id='word_1_253' title='bbox 863 3629 928 3694; x_wconf 84' lang='lat' dir='ltr'><strong>pro</strong></span> <span class='ocrx_word' id='word_1_254' title='bbox 957 3603 1047 3670; x_wconf 84' lang='lat' dir='ltr'><strong>nobis</strong></span> <span class='ocrx_word' id='word_1_255' title='bbox 1068 3613 1156 3688; x_wconf 83' lang='lat' dir='ltr'><strong>peste</strong></span> 
     </span>
     <span class='ocr_line' id='line_1_33' title="bbox 55 3701 1155 3787; baseline -0.002 -21"><span class='ocrx_word' id='word_1_256' title='bbox 55 3717 141 3770; x_wconf 74' lang='lat' dir='ltr'><strong>maa</strong></span> <span class='ocrx_word' id='word_1_257' title='bbox 169 3706 346 3772; x_wconf 75' lang='lat' dir='ltr'><strong>mbuertere</strong></span> <span class='ocrx_word' id='word_1_258' title='bbox 376 3708 581 3787; x_wconf 65' lang='lat' dir='ltr'><strong>conabantur,</strong></span> <span class='ocrx_word' id='word_1_259' title='bbox 612 3707 773 3771; x_wconf 83' lang='lat' dir='ltr'><strong>uerborum</strong></span> <span class='ocrx_word' id='word_1_260' title='bbox 803 3716 923 3770; x_wconf 74' lang='lat' dir='ltr'><strong>tautam</strong></span> <span class='ocrx_word' id='word_1_261' title='bbox 953 3715 1040 3768; x_wconf 65' lang='lat' dir='ltr'><strong>nnus</strong></span> <span class='ocrx_word' id='word_1_262' title='bbox 1063 3701 1155 3766; x_wconf 84' lang='lat' dir='ltr'><strong>obsti·</strong></span> 
     </span>
     <span class='ocr_line' id='line_1_34' title="bbox 56 3801 1156 3892; baseline -0.003 -27"><span class='ocrx_word' id='word_1_263' title='bbox 56 3802 168 3868; x_wconf 68' lang='lat' dir='ltr'><strong>dumi:</strong></span> <span class='ocrx_word' id='word_1_264' title='bbox 201 3816 258 3868; x_wconf 71' lang='lat' dir='ltr'><strong>crat</strong></span> <span class='ocrx_word' id='word_1_265' title='bbox 286 3807 317 3868; x_wconf 82' lang='lat' dir='ltr'><strong>si</strong></span> <span class='ocrx_word' id='word_1_266' title='bbox 344 3805 490 3892; x_wconf 75' lang='lat' dir='ltr'><strong>culparet</strong></span> <span class='ocrx_word' id='word_1_267' title='bbox 502 3805 646 3892; x_wconf 82' lang='lat' dir='ltr'><strong>fuissent</strong></span> <span class='ocrx_word' id='word_1_268' title='bbox 674 3807 810 3869; x_wconf 78' lang='lat' dir='ltr'><strong>domines</strong></span> <span class='ocrx_word' id='word_1_269' title='bbox 834 3813 863 3866; x_wconf 87' lang='lat' dir='ltr'><strong>et</strong></span> <span class='ocrx_word' id='word_1_270' title='bbox 883 3825 947 3866; x_wconf 85' lang='lat' dir='ltr'><strong>non</strong></span> <span class='ocrx_word' id='word_1_271' title='bbox 969 3801 1156 3864; x_wconf 72' lang='lat' dir='ltr'><strong>eximiarum</strong></span> 
     </span>
    </p>
   </div>
   <div class='ocr_carea' id='block_1_4' title="bbox 57 3921 256 3932">
    <p class='ocr_par' dir='ltr' id='par_1_6' title="bbox 57 3921 256 3932">
     <span class='ocr_line' id='line_1_35' title="bbox 57 3921 256 3932; baseline 0.01 -2"><span class='ocrx_word' id='word_1_272' title='bbox 57 3921 256 3932; x_wconf 81' lang='lat'><em>-—-—-—</em></span> 
     </span>
    </p>
   </div>
   <div class='ocr_carea' id='block_1_5' title="bbox 4 3990 1155 4304">
    <p class='ocr_par' dir='ltr' id='par_1_7' title="bbox 4 3990 1155 4304">
     <span class='ocr_line' id='line_1_36' title="bbox 4 3990 1155 4064; baseline -0.006 -13"><span class='ocrx_word' id='word_1_273' title='bbox 4 4013 5 4016; x_wconf 44' lang='lat'>¹</span> <span class='ocrx_word' id='word_1_274' title='bbox 119 3995 139 4064; x_wconf 92' lang='lat'><strong>¹)</strong></span> <span class='ocrx_word' id='word_1_275' title='bbox 157 3995 297 4050; x_wconf 80' lang='lat' dir='ltr'><strong>Audacter</strong></span> <span class='ocrx_word' id='word_1_276' title='bbox 313 3993 423 4050; x_wconf 64' lang='lat' dir='ltr'><strong>fflnouf</strong></span> <span class='ocrx_word' id='word_1_277' title='bbox 438 3993 542 4058; x_wconf 70' lang='lat' dir='ltr'><strong>maurit,</strong></span> <span class='ocrx_word' id='word_1_278' title='bbox 565 4007 655 4048; x_wconf 87' lang='lat' dir='ltr'><strong>omnes</strong></span> <span class='ocrx_word' id='word_1_279' title='bbox 682 3991 790 4046; x_wconf 78' lang='lat' dir='ltr'><strong>criticos</strong></span> <span class='ocrx_word' id='word_1_280' title='bbox 807 3991 976 4060; x_wconf 79' lang='lat' dir='ltr'><strong>insigniores,</strong></span> <span class='ocrx_word' id='word_1_281' title='bbox 995 3994 1104 4056; x_wconf 85' lang='lat' dir='ltr'><strong>excepto</strong></span> <span class='ocrx_word' id='word_1_282' title='bbox 1122 3990 1155 4044; x_wconf 93' lang='lat' dir='ltr'><strong>el.</strong></span> 
     </span>
     <span class='ocr_line' id='line_1_37' title="bbox 58 4070 1155 4142; baseline -0.003 -16"><span class='ocrx_word' id='word_1_283' title='bbox 58 4071 146 4142; x_wconf 78' lang='lat' dir='ltr'><strong>liciole,</strong></span> <span class='ocrx_word' id='word_1_284' title='bbox 166 4076 326 4134; x_wconf 86' lang='lat' dir='ltr'><strong>consentire.</strong></span> <span class='ocrx_word' id='word_1_285' title='bbox 354 4075 400 4130; x_wconf 88' lang='lat' dir='ltr'><strong>illa</strong></span> <span class='ocrx_word' id='word_1_286' title='bbox 428 4073 615 4128; x_wconf 83' lang='lat' dir='ltr'><strong>additamenta</strong></span> <span class='ocrx_word' id='word_1_287' title='bbox 642 4087 699 4128; x_wconf 84' lang='lat' dir='ltr'><strong>esse</strong></span> <span class='ocrx_word' id='word_1_288' title='bbox 723 4071 829 4126; x_wconf 83' lang='lat' dir='ltr'><strong>Hilarii.</strong></span> <span class='ocrx_word' id='word_1_289' title='bbox 858 4070 889 4124; x_wconf 89' lang='lat' dir='ltr'><strong>Id</strong></span> <span class='ocrx_word' id='word_1_290' title='bbox 907 4087 972 4126; x_wconf 89' lang='lat' dir='ltr'><strong>sane</strong></span> <span class='ocrx_word' id='word_1_291' title='bbox 990 4070 1087 4125; x_wconf 79' lang='lat' dir='ltr'><strong>fabum</strong></span> <span class='ocrx_word' id='word_1_292' title='bbox 1106 4075 1155 4123; x_wconf 81' lang='lat' dir='ltr'><strong>est</strong></span> 
     </span>
     <span class='ocr_line' id='line_1_38' title="bbox 58 4150 1155 4224; baseline -0.002 -16"><span class='ocrx_word' id='word_1_293' title='bbox 58 4153 422 4224; x_wconf 53' lang='lat' dir='ltr'><strong>lancastrensium</strong></span> <span class='ocrx_word' id='word_1_294' title='bbox 441 4151 744 4218; x_wconf 68' lang='lat' dir='ltr'><strong>AlexandenZaccaria,</strong></span> <span class='ocrx_word' id='word_1_295' title='bbox 763 4151 900 4208; x_wconf 89' lang='lat' dir='ltr'><strong>Ballerini.</strong></span> <span class='ocrx_word' id='word_1_296' title='bbox 921 4151 1050 4218; x_wconf 84' lang='lat' dir='ltr'><strong>multique</strong></span> <span class='ocrx_word' id='word_1_297' title='bbox 1068 4150 1155 4206; x_wconf 89' lang='lat' dir='ltr'><strong>critici</strong></span> 
     </span>
     <span class='ocr_line' id='line_1_39' title="bbox 58 4231 1001 4304; baseline -0.002 -18"><span class='ocrx_word' id='word_1_298' title='bbox 58 4237 128 4290; x_wconf 72' lang='lat' dir='ltr'><strong>nutri</strong></span> <span class='ocrx_word' id='word_1_299' title='bbox 147 4237 276 4304; x_wconf 86' lang='lat' dir='ltr'><strong>temporis</strong></span> <span class='ocrx_word' id='word_1_300' title='bbox 295 4235 459 4291; x_wconf 85' lang='lat' dir='ltr'><strong>conveniunt</strong></span> <span class='ocrx_word' id='word_1_301' title='bbox 478 4233 663 4288; x_wconf 81' lang='lat' dir='ltr'><strong>additamenta</strong></span> <span class='ocrx_word' id='word_1_302' title='bbox 681 4233 728 4286; x_wconf 87' lang='lat' dir='ltr'><strong>illa</strong></span> <span class='ocrx_word' id='word_1_303' title='bbox 746 4249 799 4286; x_wconf 94' lang='lat' dir='ltr'><strong>non</strong></span> <span class='ocrx_word' id='word_1_304' title='bbox 819 4248 876 4287; x_wconf 87' lang='lat' dir='ltr'><strong>esse</strong></span> <span class='ocrx_word' id='word_1_305' title='bbox 894 4231 1001 4286; x_wconf 85' lang='lat' dir='ltr'><strong>Hilarii.</strong></span> 
     </span>
    </p>
   </div>
   <div class='ocr_carea' id='block_1_6' title="bbox 118 4317 393 4386">
    <p class='ocr_par' dir='ltr' id='par_1_8' title="bbox 118 4317 393 4386">
     <span class='ocr_line' id='line_1_40' title="bbox 118 4317 393 4386; baseline -0.007 -14"><span class='ocrx_word' id='word_1_306' title='bbox 118 4319 137 4386; x_wconf 70' lang='grc' dir='ltr'><strong>Ι)</strong></span> <span class='ocrx_word' id='word_1_307' title='bbox 157 4317 288 4385; x_wconf 79' lang='lat' dir='ltr'><strong>Beitrsgc</strong></span> <span class='ocrx_word' id='word_1_308' title='bbox 306 4317 331 4372; x_wconf 82' lang='grc'><strong>8.</strong></span> <span class='ocrx_word' id='word_1_309' title='bbox 351 4319 393 4370; x_wconf 81' lang='grc'><strong>41.</strong></span> 
     </span>
    </p>
   </div>
   <div class='ocr_carea' id='block_1_7' title="bbox 0 0 1388 4836">
    <p class='ocr_par' dir='ltr' id='par_1_9' title="bbox 0 0 1388 4836">
     <span class='ocr_line' id='line_1_41' title="bbox 0 0 1388 4836; baseline 0 0"><span class='ocrx_word' id='word_1_310' title='bbox 0 0 1388 4836; x_wconf 95' lang='lat' dir='ltr'><strong> </strong></span> 
     </span>
    </p>
   </div>
  </div>
 </body>
</html>
