2836 4804
462 472 668 529 Dissertationis
690 473 799 530 indoles.
1136 473 1190 532 318

89 617 298 680 controversia
312 615 439 680 famosa
462 616 500 680 do
524 618 624 681 tritu
643 616 810 705 Capitulis,
829 640 888 703 per
911 618 1005 705 plura
1029 620 1191 684 decennia

89 713 230 778 ecclesias
263 713 457 780 Occidentis
490 723 522 778 et
545 713 690 780 Orientis
723 719 866 780 maxime
894 718 1086 802 exagitavit.
1124 716 1190 782 Sed

89 811 174 876 etde
202 810 318 898 Viqiiio
342 811 491 896 Poata'floe
515 813 651 898 ejusque
678 811 776 876 modo
800 809 920 898 agendi
943 815 978 877 in
1002 815 1105 878 arduo
1128 817 1192 879 isto

89 913 216 994 negotio,
241 911 388 996 quaestio
412 909 506 974 nobis
530 913 671 974 occurrit
689 931 754 975 non
770 913 887 974 minus
912 911 1066 994 difficilis,
1091 934 1191 999 quam

88 1010 164 1072 inter
194 1007 339 1072 eruditos
371 1006 518 1073 celebria.
552 1045 595 1056 --
626 1008 673 1073 Ut
703 1029 781 1072 vare
813 1027 921 1072 rerum
945 1019 1192 1095 eventuumque

88 1105 157 1170 ordo
170 1115 270 1192 atque
292 1106 455 1170 connexio
479 1104 596 1170 melius
609 1107 836 1191 perspiciatur,
863 1127 948 1192 quae
971 1106 1049 1171 inde
1071 1129 1093 1170 a
1107 1105 1191 1171 Cou-

0 1226 1 1261 ι
86 1201 153 1267 cilio
177 1200 439 1268 Chalcedoneusi
471 1225 576 1288 usque
607 1202 650 1266 ad
673 1211 821 1267 exortam
845 1201 885 1267 de
908 1205 1014 1270 tribue
1030 1203 1194 1290 Capitulis

86 1302 334 1364 connoversiam
365 1301 399 1363 in
431 1299 581 1365 Ecclesia
623 1301 757 1387 majoris
791 1305 948 1366 momenti
988 1303 1190 1383 acciderunt,

87 1401 221 1484 primum
245 1397 390 1462 breviter
413 1419 625 1483 exponemus.

0 1548 1 1555 ,
166 1493 233 1560 cfr.
258 1496 299 1561 de
332 1494 384 1560 his
417 1517 458 1560 ex
481 1497 646 1581 antiquie:
677 1494 832 1560 Collectio
865 1495 965 1561 Cone.
1002 1495 1128 1560 Labbei
1151 1496 1191 1561 Τ.

87 1593 120 1658 V.
142 1631 186 1642 -
209 1593 383 1678 Euagrius,
418 1594 502 1658 Hist.
527 1593 631 1658 coclea
665 1631 708 1642 —
732 1593 883 1658 Facundi
907 1593 1018 1679 Episc.
1043 1595 1192 1658 Hermia·

87 1693 188 1756 nensis
205 1713 270 1778 pro
293 1691 410 1777 deseras.
438 1693 532 1755 mma
555 1691 763 1777 copimlomm
782 1691 849 1755 Lib.
862 1689 947 1755 iXII.
972 1729 1016 1740 -·-
1040 1691 1192 1778 Fulgent.

88 1789 240 1853 Ferrandi
264 1789 395 1854 diaconi
410 1786 601 1872 Carthagin.
626 1791 715 1874 epist.
740 1790 784 1852 ad
800 1789 904 1875 Pelap.
930 1801 960 1854 et
980 1789 1109 1854 Anatol.
1128 1813 1195 1877 pro

87 1887 178 1950 tribua
201 1887 361 1972 capitulus.
394 1923 429 1934 -
462 1887 587 1950 Rustici
617 1887 747 1950 diaconi
770 1888 956 1972 Disputatio
985 1900 1094 1952 contra
1117 1888 1192 1952 Ace-

83 1985 189 2070 phulos
213 1983 280 2072 (ap.
304 1980 428 2068 Migne,
452 1985 540 2049 Patr.
564 1985 629 2048 Lat
650 1993 728 2049 tom.
752 1983 884 2048 LXVII
906 1995 939 2048 et
961 1985 1133 2072 LXVIII).
1150 2023 1196 2034 -—

2 2106 7 2131 ¹
87 2083 132 2146 Ex
163 2081 421 2146 recentioribus:
466 2083 588 2146 Norisii
621 2082 744 2147 dissert.
778 2082 816 2146 de
849 2081 975 2168 Syuodo
1014 2083 1048 2161 V,
1080 2091 1194 2146 contra

87 2203 162 2266 opus
183 2181 222 2246 P.
248 2180 382 2244 Helloix
397 2179 429 2246 S.
444 2181 487 2261 J„
507 2182 656 2266 Oripeaes
680 2180 828 2266 defensus
852 2189 908 2244 etc.
928 2181 1071 2244 Lovanii
1097 2181 1193 2246 1648.

88 2277 204 2344 Conna
232 2279 401 2342 Norisium
433 2278 511 2342 dein
543 2280 674 2363 scripsit
703 2277 845 2342 Garnier
875 2278 907 2343 S.
940 2279 973 2343 J.
1002 2279 1197 2342 Dissertatio

87 2377 119 2440 do
143 2375 273 2460 synodo
302 2373 334 2438 V
351 2377 453 2440 Puris.
482 2376 566 2440 1675
591 2375 657 2462 (ap.
682 2375 838 2440 Gallandi
862 2385 939 2440 tom.
964 2373 1065 2461 x[1);
1103 2376 1195 2440 Nori·

88 2476 166 2538 sium
191 2495 270 2537 vero
302 2473 520 2538 defenderunt
551 2473 668 2538 fratres
699 2473 873 2538 Ballcrini:
897 2472 1050 2558 Defensio
1083 2473 1196 2537 disser-

88 2573 214 2636 tationis
247 2573 442 2636 Norisiaaoe
475 2573 514 2635 de
542 2570 669 2656 Sysaodo
707 2573 736 2634 V
764 2572 914 2634 adversus
945 2571 1199 2634 dissertationem

88 2671 189 2734 Patris
216 2669 369 2734 Gummi
391 2669 516 2756 (Opera
547 2669 668 2732 Norisii
698 2679 722 2733 t.
746 2667 819 2755 IV).
843 2707 886 2716 -
909 2667 1081 2747 Vincenei‚
1103 2670 1138 2730 ia
1162 2665 1196 2731 S.

91 2765 234 2854 Greporis'
258 2767 399 2850 Nysaeai
421 2777 452 2830 et
477 2767 622 2853 Oriqeais
645 2769 773 2852 scripta,
798 2767 922 2830 Romae
948 2765 1042 2829 1864.
1066 2801 1109 2812 —·
1132 2765 1197 2828 He-

87 2865 154 2946 fele‚
182 2863 216 2929 C.
245 2862 297 2942 G„
319 2865 357 2928 Β.
383 2865 425 2928 ΙΙ.
450 2901 493 2912 ·--
516 2864 732 2948 Katerkamp‚
756 2865 796 2928 K.
824 2862 875 2942 G„
899 2863 937 2929 Β.
962 2865 1021 2927 III.
1045 2901 1087 2910 -
1112 2863 1197 2926 Pun-

88 2963 151 3044 kes,
175 2963 277 3050 Papst
307 2961 442 3047 Vipilius
473 2963 540 3025 suad
571 2961 628 3025 der
650 2963 731 3025 Drei
753 2961 982 3048 Kapitelstrea't.
1030 2958 1197 3024 Mttnchen

91 3061 180 3124 1864.
204 3097 249 3108 -
273 3058 472 3140 Mazzarelli,
488 3060 536 3122 De
561 3061 748 3122 auctoritate
775 3061 860 3123 Rom.
875 3059 1035 3143 Pontificio
1059 3067 1128 3122 tom.
1153 3057 1195 3120 II.

88 3195 128 3206 -
149 3155 277 3222 Natalis
301 3156 492 3220 Alexander
513 3157 601 3220 Dies.
618 3157 675 3221 III
678 3157 751 3220 -V
767 3159 803 3220 ia
826 3179 905 3220 saec.
937 3155 987 3220 VI.
1013 3175 1087 3218 cum
1112 3155 1199 3218 notis

88 3255 241 3342 subjectis
265 3277 284 3318 a
307 3253 488 3338 Roncaglia
511 3265 544 3318 et
566 3253 684 3318 Manui.
717 3291 760 3302 -
792 3251 1037 3337 Hergenrdther
1059 3251 1198 3328 Hzotius,

89 3353 124 3416 Β.
147 3355 172 3432 I,
197 3365 227 3418 et
247 3354 287 3416 K.
309 3353 348 3417 G.
366 3351 424 3416 III.
445 3375 480 3437 p.
506 3353 580 3416 166.
604 3375 636 3415 a.
658 3355 721 3416 155
745 3375 820 3436 sqq„
844 3352 902 3415 ubi
926 3351 1075 3414 invenies
1099 3351 1201 3412 citata

90 3449 284 3514 documenta
326 3459 358 3513 et
389 3459 538 3513 auctores
567 3470 626 3533 pro
667 3451 768 3512 variis
801 3449 1048 3534 quaestionibus
1085 3467 1198 3510 consu·

89 3547 208 3613 leudos.
234 3585 278 3596 -·-
302 3547 425 3629 Palma,
451 3546 601 3610 Praelect.
630 3547 664 3610 T.
698 3547 723 3609 I.
747 3547 783 3609 P.
808 3547 850 3610 II.
875 3571 900 3610 o.
925 3547 1021 3610 XXV
1039 3555 1069 3608 et
1095 3545 1130 3608 T.
1156 3543 1200 3608 II.

89 3646 123 3708 P.
146 3646 172 3709 I.
196 3669 221 3710 c.
246 3643 382 3709 I-VII.
407 3683 449 3692 -
474 3644 637 3726 Wouters‚
661 3643 919 3722 Dissertationes,
943 3645 1027 3708 Tora.
1053 3643 1094 3705 II.
1111 3643 1199 3706 Dias.

90 3743 230 3808 XXXIV
249 3765 312 3829 sqq.
