2924 4818
256 489 310 544 tro
597 487 637 546 De
655 485 743 558 Opere
760 477 1044 557 Philosophoumenon.

260 635 414 722 loquens:
451 632 599 708 Quotidie
631 633 817 713 obsidemur,
851 634 989 722 qoutidie
1016 631 1194 720 modiane,
1228 633 1264 696 in
1296 630 1370 720 ipsis

253 733 427 820 plurimum
449 733 585 798 metibus
615 744 645 796 et
667 732 958 820 conprepationibue
983 733 1101 794 nornis
1123 733 1367 820 opprimentem).

259 831 304 896 llt
326 833 389 895 iste
421 831 567 918 pericula
599 840 632 894 et
662 831 738 895 illac
770 829 1033 915 perturbationes
1065 830 1304 912 minuerentur,
1331 829 1369 893 ad

258 930 486 994 redimendam
510 930 667 1016 injustam
700 931 911 994 vexationem
939 929 1089 994 Ecclesia
1122 930 1271 994 medium
1294 927 1368 993 illud

258 1028 420 1112 adhibuit,
446 1039 482 1093 ut
504 1029 664 1092 tributum
684 1028 825 1092 solveret
838 1029 1057 1112 Beneficiariis
1079 1037 1112 1092 ct
1129 1025 1284 1107 Curiosie,
1307 1025 1369 1090 scil.

258 1126 452 1192 satellitibus
476 1127 532 1212 qui
556 1128 723 1190 securitati
747 1125 901 1212 publicae
925 1125 1157 1210 invigilabant.
1203 1123 1369 1188 Tertullia-

258 1249 329 1308 nus,
355 1227 411 1312 qui
434 1225 709 1288 Montanistarum
739 1225 910 1308 rigorismo
943 1223 1075 1288 deditus
1104 1223 1220 1308 fugam
1250 1227 1284 1288 in
1307 1246 1369 1309 per-

258 1325 425 1388 secutione
449 1323 598 1387 illicitam
622 1343 692 1386 esse
716 1323 874 1403 decernit,
895 1323 994 1385 etiam
1018 1321 1081 1385 hoc
1105 1323 1270 1387 tributum
1293 1323 1369 1384 vitu-

259 1431 361 1509 perat,
385 1421 531 1485 scribens
554 1420 637 1504 stylo
652 1420 787 1484 acerbo:
817 1420 909 1484 Ultro
933 1431 964 1484 et
984 1421 1021 1484 de
1045 1421 1100 1483 boe
1123 1421 1182 1484 tibi
1205 1442 1369 1508 supparum,

259 1520 409 1602 definiens
435 1522 693 1604 persecutionem,
716 1541 810 1604 quam
841 1529 964 1583 constat
995 1542 1059 1582 non
1091 1542 1155 1582 esse
1175 1518 1368 1606 fiopieadam,

254 1619 391 1704 proinde
421 1641 477 1680 nea
505 1617 719 1680 redimendam
749 1665 756 1680 .
789 1667 795 1680 .
828 1666 835 1679 .
869 1618 986 1680 Parum
1009 1618 1141 1702 den-ique
1165 1629 1223 1696 est,
1248 1619 1278 1681 si
1298 1637 1370 1678 unus

260 1727 316 1780 aut
353 1715 437 1779 alius
467 1718 515 1778 ita
548 1717 680 1793 eruitur,
713 1714 893 1778 massaliter
930 1725 1013 1778 totae
1045 1714 1191 1779 ecelesiae
1232 1713 1368 1779 ostana

260 1813 322 1878 sibi
351 1817 578 1900 imopaoerunt.
627 1813 742 1876 Nescio
776 1811 944 1876 dolendum
976 1837 1019 1876 an
1055 1813 1295 1877 erubescendum
1325 1812 1369 1876 sit.

260 1936 327 1977 cum
350 1914 384 1976 in
407 1913 590 1975 matricibus
621 1911 898 1994 Beneficiariorum
930 1923 960 1975 et
995 1908 1196 1975 Clerioeorum
1227 1914 1309 1974 inter
1331 1919 1367 1970 ta-

260 2012 423 2075 bernare'os
471 2021 500 2072 et
533 2010 637 2072 lanios
680 2019 709 2072 et
743 2009 837 2094 fieres
883 2009 1064 2073 balnearem
1111 2019 1140 2071 et
1168 2007 1308 2072 alleones
1345 2013 1369 2066 el

261 2110 399 2188 lenones,
443 2105 617 2172 Christiani
663 2130 781 2193 quoque
831 2107 998 2192 oeetipalee
1048 2108 1250 2170 continentur
1290 2101 1367 2185 alal)

260 2207 314 2271 Ex
352 2206 403 2270 hie
442 2207 555 2287 vides,
595 2227 740 2290 expensa
792 2204 961 2268 Ecclesiae
1004 2205 1189 2269 necessario
1236 2215 1368 2288 tempore

261 2306 521 2390 persecutionem
555 2313 652 2366 aucta
688 2303 798 2367 fuisse.
834 2339 876 2350 -
903 2302 1119 2367 Accedebant
1165 2325 1283 2368 omnes
1317 2296 1366 2370 illi,

262 2404 382 2489 quibus
406 2405 440 2467 in
464 2403 624 2486 angustiis
651 2423 761 2464 rerum
790 2399 1056 2465 subveniendum
1089 2411 1172 2484 crat,
1213 2411 1249 2465 ct
1277 2413 1365 2484 quum

261 2501 443 2587 permultae
467 2509 575 2564 essent
606 2500 826 2582 necessitates,
861 2501 960 2562 etiam
984 2499 1130 2564 collectae
1155 2495 1365 2563 leuaueru-

261 2603 329 2664 rioe
353 2599 634 2682 elcemosynarum
659 2599 729 2660 lieri
761 2596 920 2678 solebant,
945 2597 1107 2684 simulque
1132 2597 1266 2684 jejunia
1288 2611 1365 2680 prae·

262 2696 500 2762 scribebantur.
549 2695 646 2776 Quod
669 2717 729 2781 per
752 2695 903 2758 incidens
926 2695 1036 2759 innuit
1054 2695 1280 2760 Tertullianus
1302 2688 1365 2754 scri·

261 2797 360 2863 bens:
402 2797 488 2860 Bene
512 2806 624 2872 autem,
657 2794 739 2880 quod
767 2805 797 2857 et
820 2795 961 2880 episcopi
996 2797 1160 2858 universae
1178 2793 1272 2881 plebi
1291 2809 1364 2851 man·

261 2897 339 2960 dare
354 2896 484 2985 jejunia
516 2893 663 2970 assolent,
693 2915 757 2955 non
780 2892 850 2955 dico
879 2891 917 2955 de
940 2891 1101 2956 industria
1124 2893 1255 2978 stipium
1277 2882 1364 2970 const·

260 2993 440 3070 sanderum,
465 3003 499 3055 nt
521 3002 641 3054 vestrm
658 3001 808 3076 capturae
825 3000 879 3066 est,
895 2989 950 3052 sed
972 2991 1130 3053 interdum
1153 2999 1183 3053 et
1206 3011 1248 3051 ece
1271 2983 1365 3068 <aliqua

262 3090 487 3156 sollicitudinis
514 3088 741 3152 ecclesiasticae
765 3087 905 3171 cousa⁸).
939 3125 979 3134 -
1003 3086 1115 3167 Quum
1140 3095 1246 3150 status
1268 3077 1364 3148 Eccle-

262 3192 330 3254 siae
367 3197 451 3252 esset
487 3187 617 3274 qualem
656 3185 891 3270 discripsimus,
930 3184 1026 3247 facile
1065 3183 1238 3269 intelliges,
1276 3177 1364 3245 multa

262 3289 405 3374 pecunia
428 3308 509 3370 opus
533 3285 648 3365 fuisse3
673 3293 772 3368 atquc
796 3282 830 3346 id
855 3304 985 3368 quoque
1010 3281 1144 3346 Callisto
1168 3281 1363 3344 commissum

263 3395 342 3469 erat,
367 3395 403 3448 ut
426 3385 611 3448 necessaria
635 3391 848 3466 compararat.
890 3379 1068 3466 Quumque
1091 3379 1155 3446 hac
1178 3383 1214 3445 in
1238 3401 1272 3443 re
1293 3371 1363 3439 solli·

264 3487 366 3550 citum
391 3506 423 3548 sc
441 3481 628 3561 ostenderit,
645 3481 852 3544 occasionem
868 3479 998 3543 invenit
1012 3478 1147 3560 Auctor,
1172 3487 1209 3540 ut
1232 3476 1364 3560 carperet

263 3582 490 3670 Zephyrinum
522 3588 681 3662 tanquam
714 3599 826 3640 senem
850 3575 1053 3641 imbecillum
1077 3587 1109 3639 et
1137 3575 1229 3639 lucro
1253 3572 1363 3637 inhian-

263 3693 339 3764 tem,
365 3679 537 3746 Callistum
571 3698 649 3739 vero
683 3685 719 3738 ut
749 3676 918 3739 hominem
952 3675 1108 3739 callidum
1141 3676 1198 3760 qui
1232 3672 1312 3736 dona
1332 3683 1364 3728 ⁸0

264 3803 401 3846 munera
424 3776 651 3864 procuraverit
673 3774 842 3849 Pontifici,
868 3783 900 3836 et
930 3775 976 3836 sic
1004 3795 1039 3838 so
1070 3773 1133 3858 ipsi
1156 3771 1363 3856 gratissimum

263 3877 455 3958 reddiderit,
486 3884 522 3937 nt
545 3873 708 3937 obtineret
737 3893 965 3958 quaecumque
989 3871 1097 3952 vellet,
1129 3891 1168 3934 ac
1191 3891 1250 3955 pro
1271 3863 1363 3930 lubitu

265 3997 376 4042 senem
399 3973 627 4060 Zephyrinum
652 3971 816 4055 dirigeret.

340 4127 361 4194 ¹)
379 4123 521 4194 Apologet.
541 4139 562 4175 c.
582 4121 643 4176 Vll.

339 4207 357 4260 'r
377 4206 417 4260 lle
437 4205 502 4273 tuga
522 4203 550 4258 in
568 4200 753 4270 persecutione
772 4217 793 4253 c.
815 4199 877 4252 ΧΠ.
898 4199 971 4254 XIV.

342 4289 365 4358 ⁸)
383 4287 423 4340 De
438 4284 551 4354 jejuniis
570 4299 590 4337 c
609 4281 687 4338 xm.
