2836 4804
382 446 502 500 Examen
519 445 658 514 Epistolae
676 446 710 499 sd
728 445 896 503 Flavianum.
1144 449 1195 504 291

85 589 137 656 illa
159 589 317 656 Anatolii.
363 588 429 655 Sed
461 612 536 654 cum
570 589 748 654 deventum
771 590 835 653 fuit
858 591 900 654 ad
925 593 1096 677 episcopos
1119 591 1196 676 Illy·

85 691 222 753 ricianos
246 696 279 751 et
293 686 564 768 Palaestinenses,
583 686 757 751 nonnullas
773 687 1010 754 declarationes
1024 712 1102 755 suae
1125 713 1195 754 sen·

85 789 202 852 antiae
213 794 445 872 apposuerunt.
470 783 715 871 ItaEuphratas
728 785 1197 870 episcopusEleuthernaeno-

85 887 168 950 mine
184 887 412 971 episcoporum
426 881 553 966 Illyrici
571 885 657 946 inter
671 881 737 946 alia
751 883 848 947 dicit:
870 884 913 948 Et
929 907 1042 948 mmme
1057 887 1197 950 orthodo-

83 1005 154 1046 eam
168 1005 234 1048 esse
253 982 482 1046 sanctissimum
490 991 617 1064 patrem
636 991 776 1044 nostrum
790 981 1055 1068 archiepiscopum
1066 984 1198 1048 Leonem

81 1081 304 1168 peffectslssime
327 1079 476 1142 mamas.
524 1078 654 1142 Factam
686 1090 731 1141 est
760 1089 863 1142 autem
895 1077 985 1143 nobis
1017 1092 1132 1144 certam
1159 1082 1198 1144 de

84 1178 216 1264 epistola
238 1177 336 1240 missa
359 1175 399 1240 ab
422 1175 524 1262 ipsias
547 1173 750 1254 beatitudine,
776 1199 796 1238 a
819 1177 1025 1240 sanctissimis
1045 1180 1199 1264 episcopis

84 1277 272 1340 Pascisasino
297 1284 326 1337 et
347 1273 495 1336 amara
517 1273 572 1358 qai
594 1272 695 1335 locam
716 1274 876 1336 conanent
890 1273 1081 1360 apostolicae
1097 1275 1198 1353 Sedis,

17 1377 18 1384 ’
81 1377 133 1459 qui
153 1373 247 1438 nobis
279 1370 543 1448 dilucidavernnt,
576 1392 655 1454 qaae
687 1367 814 1456 linpaae
845 1369 1021 1438 obscuritas
1044 1395 1198 1437 secernere

81 1469 279 1534 mbrtotabat.
302 1517 310 1531 .
327 1517 334 1531 .
350 1466 610 1532 Palaestinenses
624 1475 734 1530 autem
751 1467 907 1531 dixerunt
920 1490 980 1554 per
992 1469 1198 1534 Marcianum

17 1583 18 1640 1
83 1571 271 1655 episcopum
295 1566 454 1649 Jotapae:
495 1563 559 1627 Sed
591 1575 620 1628 et
652 1563 732 1629 lecta
754 1565 845 1628 nobis
868 1565 1003 1652 epistola
1027 1567 1200 1631 beatissimi

17 1663 18 1732 Ῐ
82 1678 109 1730 et
129 1667 201 1730 Deo
224 1663 409 1729 amicissimi
431 1663 658 1748 archicpiscopi
680 1663 819 1727 Romani
842 1663 971 1742 honis,
995 1667 1030 1728 in
1047 1664 1199 1750 plurimis

84 1775 158 1828 recte
182 1760 367 1826 tabentibus
390 1771 420 1823 et
448 1761 623 1846 praedictis
653 1758 839 1848 (symbolis)
863 1761 1107 1824 consonantibus
1130 1785 1198 1824 con-

82 1865 241 1926 sensimus.
289 1859 408 1943 Aliqua
431 1868 534 1920 autem
556 1857 645 1920 nobis
669 1879 709 1920 ea
731 1859 805 1944 s'psa
827 1857 1014 1922 obstiterant
1036 1858 1140 1936 acrba,
1164 1870 1199 1921 nt

79 1961 284 2044 partitionem
315 1967 345 2018 et
375 1956 606 2040 separationem
636 1954 777 2039 aiiqssam
809 1955 1058 2018 demonstrantia
1081 1957 1125 2018 sic
1147 1977 1198 2019 oo-

82 2055 215 2119 lentibas
239 2075 369 2139 sapere,¹
393 2052 431 2114 de
455 2051 566 2138 qaibas
588 2061 618 2114 et
641 2052 680 2114 ab
701 2053 793 2115 initio
818 2063 891 2116 ante
914 2063 1047 2116 vestram
1071 2053 1197 2117 clemen·

83 2156 156 2216 tiam
181 2150 421 2236 ambipebamus,
446 2159 475 2212 et
499 2159 571 2212 tanc
595 2173 616 2213 a
629 2159 733 2212 oestro
748 2152 836 2238 jussi
857 2150 944 2213 scire
967 2151 1199 2234 mapnificentia

17 2249 18 2256 '
82 2253 261 2315 audicimus
283 2273 303 2312 a
326 2248 532 2312 samasamts
548 2246 700 2332 pots-ibas
727 2257 756 2309 et
779 2249 935 2333 episeopis
958 2258 988 2310 et
1005 2247 1199 2333 presbyteris

83 2347 180 2411 learns
212 2344 443 2409 conanentibas
474 2345 666 2407 sancnssimi
696 2355 725 2408 et
757 2345 821 2408 Dei
854 2347 1007 2409 amatoris
1029 2347 1199 2431 praecipui

83 2443 310 2529 ardriepiscopi
332 2442 455 2519 leonis,
480 2443 556 2528 qaia
578 2441 700 2505 nullam
727 2443 836 2506 dictent
853 2444 1061 2527 partitionem
1084 2445 1118 2505 in
1133 2445 1197 2507 Do·

80 2543 160 2605 mino
193 2551 225 2604 ct
248 2539 315 2603 Deo
349 2550 379 2603 et
411 2537 577 2602 Salvatore
609 2550 716 2602 nostro
743 2539 823 2603 Jesu
850 2537 983 2617 Christo,
1018 2541 1072 2604 sed
1103 2565 1199 2605 atnam

79 2639 274 2723 eandemque
297 2636 415 2700 biliam
437 2636 516 2716 Dei,·
548 2646 681 2723 propter
712 2635 794 2722 qaod
827 2639 1036 2700 consensimus
1064 2649 1094 2700 et
1118 2649 1197 2702 tomo

80 2736 325 2822 absaipsimus.
357 2771 401 2781 -
433 2734 587 2818 Denique
618 2733 727 2818 plures
760 2735 918 2819 episcopi,
952 2735 1008 2818 qui
1042 2734 1199 2800 dicuntur

80 2834 178 2898 fuisse
203 2842 335 2897 centum
361 2832 542 2914 sexaginta,
568 2831 696 2894 omissis
728 2830 867 2915 singulis
893 2832 988 2911 votis,
1013 2853 1071 2916 per
1094 2833 1196 2897 acclu-

82 2933 257 2995 mationem
281 2949 490 2993 communem
519 2927 760 2992 concordarunt
785 2949 861 2992 eam
886 2932 1042 2993 caeteris:
1085 2930 1197 2994 Omnes

17 3039 18 3072 ³
80 3029 311 3115 acquiescimus,
336 3049 440 3090 omnes
456 3026 602 3090 similiter
616 3025 779 3104 credimus,
797 3048 900 3090 omnes
915 3025 1023 3089 eadem
1046 3030 1195 3113 sepinas.

165 3125 221 3190 43.
245 3124 338 3188 Haec
362 3133 411 3187 est
434 3122 489 3187 illa
513 3121 651 3186 celebris
673 3124 861 3186 retractatio
886 3123 1041 3208 epistolae
1066 3125 1098 3190 S.
1115 3125 1196 3189 Leo·
1220 3141 1353 3190 arnamar

80 3225 137 3305 nis,
161 3243 263 3308 quam
287 3220 467 3286 adversarii
491 3219 735 3284 infallibilitatis
761 3220 952 3305 pontificiae
976 3219 1078 3285 veluti
1103 3245 1196 3307 argu·
1243 3213 1338 3243 “m

80 3332 225 3385 mentum
259 3318 486 3384 indissolubile
517 3317 697 3399 adducunt,
729 3317 772 3380 ad
807 3339 900 3381 suam
931 3319 1119 3402 opinionem
1144 3321 1196 3384 de-

80 3416 336 3483 monstrandam.
383 3416 448 3481 Sed
472 3415 576 3480 solum
597 3417 763 3500 specimen
789 3415 878 3497 facti,
903 3415 991 3500 quod
1016 3416 1118 3480 oeulis
1141 3419 1196 3482 ob-

78 3515 223 3597 tulimus,
256 3535 387 3578 omnem
419 3515 489 3576 vim
522 3513 681 3576 adversae
714 3513 1003 3577 demonstrationis
1036 3513 1194 3580 dissolvit.

80 3611 221 3693 Etenim,
246 3621 282 3675 ut
304 3619 497 3695 argumento
521 3609 563 3673 ad
588 3609 755 3673 hominem
781 3618 922 3690 utamur,
948 3611 1196 3676 evidentissime

79 3721 177 3795 patet,
210 3708 299 3794 quod
329 3707 466 3794 epistola
498 3707 622 3770 Leonis
654 3716 730 3771 ante
763 3709 1028 3772 retractationem
1062 3719 1093 3772 et
1123 3711 1197 3775 sub-

81 3807 288 3893 scriptionem
320 3805 442 3869 lactam
475 3807 510 3868 in
533 3803 675 3868 Actione
707 3814 826 3890 quarta
852 3803 991 3869 Consilii
1016 3803 1195 3872 Chalcedo-

81 3907 201 3981 nensis,
224 3927 265 3967 ex
295 3903 375 3988 ipis
406 3903 577 3988 principiis
607 3900 855 3966 Gallicanorum
888 3903 995 3966 tribus
1023 3903 1063 3966 de
1088 3909 1196 3970 causis

81 4001 324 4066 irreformabilis
347 4010 379 4063 et
403 3998 649 4064 irretractabilis
667 4000 739 4085 jam
765 4009 851 4063 esset
873 3999 1037 4066 habenda.
1083 4003 1195 4067 Primo

81 4102 157 4184 quia
181 4099 364 4184 subscripta
396 4107 453 4162 aut
482 4100 582 4161 tacito
614 4119 777 4161 consensu
807 4097 989 4182 approbata
1022 4110 1092 4162 erat
1119 4112 1195 4164 ante

82 4195 263 4262 Concilium
289 4195 428 4279 alonge
461 4196 576 4280 majori
611 4215 747 4258 numero
773 4196 1002 4280 episcoporum
1026 4196 1195 4262 Ecclesiae

1038 4304 1087 4354 19*
