2790 4812
385 477 558 534 Constantini
576 477 643 548 Imp
662 487 782 536 conatus.
1088 485 1141 538 419

51 620 140 702 polrus
161 621 238 686 Ario
262 621 417 685 tribuebat
439 633 470 686 et
492 622 694 701 Alemandro,
718 623 862 709 datisque
886 625 930 687 ad
952 647 1004 688 eos
1026 625 1142 690 litteris

54 727 190 803 uberque
206 717 390 807 objospavit,
405 720 489 805 qssod
503 721 583 783 lianc
596 723 817 806 quaemioosm,
832 745 900 784 com
916 722 1013 786 latere
1022 734 1140 809 posset,

54 815 228 900 inopertam
245 817 487 902 prodaaisssot,
511 829 542 881 et
563 819 732 882 vehementi
754 819 933 883 altercandi
959 821 1063 884 smdio
1086 822 1141 882 im-

50 912 120 994 pslsi
134 915 338 998 pervicaciter·
360 917 528 980 movissent
549 939 602 994 ca,
617 939 696 1001 quae
718 940 774 980 noo
796 919 917 1003 inquiri
939 920 1064 982 ommino
1086 941 1142 981 osc

53 1012 163 1094 sopita-i
184 1012 275 1076 initio
299 1012 478 1098 oportebat,
503 1024 533 1078 et
546 1015 576 1076 si
580 1014 671 1099 forte
685 1017 824 1100 copitoto
838 1015 991 1100 fuissent,
1015 1015 1140 1079 silentio

52 1108 186 1172 bodarde
206 1120 319 1188 eraat,·
342 1133 410 1174 com
431 1112 538 1196 ntiqsre
561 1114 642 1197 apsis
665 1112 803 1176 licuisset
827 1135 848 1176 a
870 1135 902 1176 se
925 1115 1056 1176 invicem
1078 1136 1142 1177 nors

51 1208 160 1292 ajimqi,
182 1209 323 1292 manteia
340 1217 437 1294 parte
451 1208 607 1294 dopmmm
620 1210 833 1273 dissentirent.
859 1211 946 1273 Nam
969 1212 1007 1274 dc
1030 1211 1142 1275 divina

50 1301 152 1384 malem
167 1304 373 1389 providentia
394 1327 491 1370 ursam
505 1305 700 1391 comicosque
711 1306 811 1390 fidem
832 1311 1008 1372 necessario
1031 1307 1141 1372 babeo·

50 1398 107 1462 ion
126 1424 196 1466 esse.
221 1402 414 1491 Hsrjsssrrsodi
427 1413 531 1466 autem
544 1405 760 1488 quaestionum
774 1404 974 1490 scrupulosas
987 1407 1141 1492 arprrtias,

49 1494 105 1559 lieet
124 1499 157 1561 s'rs
179 1499 318 1564 eamdem
339 1523 404 1564 oon
426 1503 646 1564 conveniamus
669 1503 864 1580 scmmmtiom,
889 1503 1015 1567 clausas
1037 1506 1073 1567 in
1095 1505 1141 1566 io·

50 1595 107 1656 tirio
135 1598 244 1661 martis
274 1621 398 1662 recessu
420 1600 543 1662 servari
569 1597 687 1662 debore.
734 1599 841 1663 Jussit
862 1601 969 1686 ipimr,
992 1611 1028 1664 ot
1050 1603 1143 1664 ioasi

48 1689 77 1752 de
102 1693 146 1758 bis
165 1693 258 1758 rebsss
284 1695 491 1760 altercatione
523 1696 669 1782 deposito
698 1697 742 1760 ad
764 1696 962 1760 concordiam
984 1698 1142 1776 redirent,

48 1811 72 1850 ss
89 1813 210 1876 samque
229 1815 295 1856 ooo
308 1793 506 1858 mediocriter
520 1793 636 1872 dolas,
652 1804 744 1879 atqve
758 1794 795 1857 ob
819 1817 888 1858 eam
910 1817 1046 1872 causam,
1071 1795 1142 1858 licet

48 1886 147 1970 operti
167 1888 326 1954 dmidmio
350 1899 507 1954 moretm
527 1890 620 1954 urbes
647 1890 786 1955 omentis
807 1893 947 1970 videndi,
971 1895 1032 1955 iter
1054 1913 1143 1954 mom

47 1987 218 2067 repressisse
242 1988 286 2051 Et
300 1988 375 2051 baec
389 1987 513 2073 qssidem
521 1987 710 2052 Aleuandro
724 1999 755 2051 ct
769 1989 849 2052 Ario
864 1990 1001 2074 scripsit,
1020 1991 1143 2075 partim

49 2084 264 2166 rvprrimdeua
282 2087 407 2171 partim
429 2085 601 2150 conculcas.

118 2181 168 2247 82.
199 2183 294 2246 Misit
323 2180 560 2249 Constantinus
589 2183 680 2248 illam
704 2183 876 2268 epistolam
903 2183 1141 2248 Alexandriam

48 2296 92 2358 per
111 2279 241 2344 Hosiurrr
263 2282 442 2366 episcopam
468 2277 709 2360 Cordubeoscm,
733 2290 770 2344 nt
792 2284 862 2367 ipsc
886 2281 984 2345 simul
1008 2303 1141 2366 operam

48 2373 198 2442 alibero
220 2378 264 2444 od
287 2377 426 2444 dissidia
449 2379 687 2464 componenda.
733 2380 815 2443 Erat
839 2378 994 2443 videlicet
1017 2379 1141 2443 Hosius

48 2469 139 2553 {natm
153 2477 232 2541 circ.
255 2498 286 2541 a
310 2475 390 2562 257)
414 2477 467 2540 vir
482 2478 568 2544 inter
582 2477 753 2542 Praesules
777 2476 865 2540 illius
879 2480 1037 2563 temporis
1052 2500 1142 2563 spec-

48 2572 217 2656 cisimus,
241 2575 299 2659 qui
323 2583 393 2638 tum
417 2575 622 2640 confessione
652 2574 731 2639 fidei
754 2576 789 2638 in
813 2577 1040 2659 perseeutione
1063 2575 1142 2638 Dio·
1179 2575 1182 2582 ⁴

47 2664 167 2752 desani,
191 2681 264 2736 turn
286 2670 386 2736 rebus
409 2671 640 2738 ecelesiasticis
656 2675 778 2758 optime
802 2673 1049 2753 administratis,
1069 2672 1141 2756 jem

47 2783 181 2849 mgnum
198 2768 264 2832 sibi
279 2770 502 2855 acquisiverat
516 2791 647 2836 nomen.
672 2769 908 2836 Constantinus
932 2791 1010 2832 vero
1032 2770 1141 2853 ipsum

46 2884 78 2926 ex
88 2864 246 2952 Hispania
268 2870 497 2950 accersiverat,
521 2890 662 2954 eumque
684 2869 864 2954 plurimum
887 2867 1021 2931 amabat
1042 2875 1142 2950 atque

47 2961 210 3052 eolebstr).
256 2965 312 3030 Ex
330 2962 465 3032 Socrate
488 2965 662 3050 colligitur,
686 2975 857 3052 praesento
871 2966 974 3029 Hosio
998 2963 1141 3028 Alexan·

47 3055 120 3124 iriae
140 3063 307 3146 synodum
328 3061 479 3128 habitam
501 3063 616 3146 fuisse,
646 3085 788 3150 eumque
811 3065 853 3128 de
877 3063 955 3127 Sma
977 3061 1141 3124 Trinitate

47 3155 72 3219 in
90 3181 125 3223 es
146 3161 343 3247 disputasse.
389 3161 512 3227 Scribit
535 3161 691 3226 videlicet
714 3161 863 3228 Socrates
887 3160 944 3247 (Η.
968 3160 1008 3224 Ε.
1031 3158 1052 3222 l.
1076 3158 1139 3225 ΠΙ.

45 3275 67 3318 t.
91 3255 134 3342 ll:
165 3256 332 3324 Caeterrsm
359 3261 415 3346 qai
443 3260 479 3323 irs
501 3259 724 3324 Alexandrino
748 3259 879 3323 concilio
903 3259 1039 3322 aderam
1061 3257 1141 3320 banc

104 3443 123 3510 ¹)
139 3443 236 3498 llirsri
254 3443 314 3510 auu
338 3443 432 3511 possit
456 3444 585 3510 quomodo
612 3443 712 3498 Hosius
730 3443 867 3512 spiscopus
894 3443 923 3497 in
942 3443 1020 3498 rebus
1039 3442 1140 3496 theolo-

44 3517 99 3574 ricis
114 3531 246 3588 versatus,
264 3523 412 3590 susceperit
430 3538 489 3578 eam
507 3523 667 3588 missionem,
693 3528 726 3576 ut
743 3523 862 3576 deferret
878 3523 1069 3578 Alexandriam
1088 3523 1139 3576 Im·

44 3603 154 3664 entem
171 3603 289 3668 litteras,
316 3619 384 3670 quae
409 3604 448 3658 rei
473 3603 610 3673 gravitati
635 3619 731 3672 parum
758 3602 954 3657 conveniebant
972 3609 999 3657 et
1018 3603 1083 3656 Ario
1102 3609 1139 3655 ni-

45 3681 83 3732 uis
97 3683 230 3738 avemus„
250 3683 302 3738 Sed
324 3683 516 3738 advertendum
535 3684 798 3749 est,Constantinum
816 3697 875 3736 eom
893 3683 1035 3751 epistolam
1052 3681 1140 3736 conie-

47 3759 99 3814 vise
114 3763 160 3818 sub
177 3764 284 3819 influxu
302 3763 412 3819 Eusebii
435 3763 581 3818 aliorumve
604 3763 757 3832 praesulum
774 3762 834 3817 Arii
853 3763 1010 3830 amicomm3
1041 3762 1140 3816 Hosius

45 3851 100 3897 rens
120 3845 147 3900 in
164 3844 220 3900 illis
239 3843 340 3899 litteris
358 3842 527 3898 conficiendis
551 3849 642 3912 partes
660 3859 713 3898 non
737 3842 840 3896 habuit
877 3843 948 3896 Hinc
965 3843 1061 3896 morito
1079 3858 1140 3910 sup-

45 3921 139 3987 osito,
152 3939 212 3979 cunr
225 3931 336 3992 petente
349 3924 528 3978 Constantino
542 3939 600 3978 cam
612 3923 778 3991 legationem
790 3924 944 3990 suscepisse,
964 3939 1045 3990 quum
1064 3938 1139 3991 prae

46 3997 136 4068 meret,
160 4005 278 4060 Arianos
296 4003 368 4058 haud
392 4019 421 4057 se
438 4003 616 4058 submissuros
635 4019 693 4058 esse
716 4003 851 4056 mandatis
869 4003 1051 4072 Imperatoris,
1069 4003 1140 4056 huno

45 4093 93 4133 vero
107 4099 135 4137 so
157 4083 249 4154 magis
266 4083 296 4138 iu
318 4089 456 4152 posterum
480 4084 667 4138 obsecuturum
690 4082 808 4137 consiliis
830 4082 914 4152 ipsius
933 4083 1009 4136 Hosii
1028 4083 1061 4136 ad
1080 4083 1139 4136 doc-

45 4159 125 4216 tritam
152 4164 330 4218 orthodoxam
353 4162 489 4218 tuendam.
522 4195 556 4204 —
583 4163 616 4217 V.
645 4163 734 4228 Gams,
760 4162 905 4232 Kiroheng.
933 4163 1076 4230 Sponiens,
1107 4163 1138 4216 B.

981 4336 1032 4388 97*
