2806 4848
430 477 549 536 Schisms
572 476 777 536 Antiochenam.
1125 483 1160 538 93

61 619 171 705 pulum
217 619 293 686 Hoc
324 628 420 706 pacto
450 619 590 686 ecclesia
612 619 822 694 Antiochena
853 623 888 688 in
911 630 977 688 tres
1000 623 1160 690 factiones

60 719 147 782 scissa
168 727 231 801 est,
255 717 411 786 videlieet
433 718 632 786 Arianornm
657 721 712 806 qui
737 720 900 788 Eucoium
924 719 1159 806 sequebantur3

60 815 310 899 lleletianornm,
333 817 389 902 qui
413 815 492 882 licet
513 816 665 884 catholici
685 816 811 884 Meletii
838 827 948 903 partes
970 819 1044 884 tuiti
1068 829 1158 902 sunt3

58 925 84 977 et
103 914 405 996 Eustathianorum,
431 917 488 1001 qui
520 914 599 980 inde
622 938 642 980 a
665 915 869 1002 depositione
891 915 1057 981 Eustathii
1081 916 1159 982 fide-

57 1011 95 1076 les
116 1013 150 1077 in
174 1011 373 1078 orthodoxia
394 1022 622 1078 remanserant
643 1022 742 1101 atque
765 1013 935 1078 Meletium
959 1035 1089 1101 quoque
1111 1037 1159 1078 re-

56 1110 219 1196 spuebant,
243 1112 322 1197 quia
345 1113 381 1176 in
403 1111 474 1198 ejus
496 1111 691 1178 electionem
713 1113 814 1176 etiam
828 1110 945 1176 Ariani
968 1121 1083 1178 votum
1106 1112 1159 1178 de

56 1208 172 1275 derant.

134 1307 188 1372 15.
214 1307 436 1392 Exasperavit
467 1306 530 1372 hoc
561 1307 683 1373 malum
715 1317 949 1394 postmortem
974 1306 1157 1376 Constantii
1277 1321 1280 1329 '

56 1427 206 1491 praeceps
229 1404 341 1470 servor
354 1403 502 1470 Luciferi
518 1403 708 1488 Calaritani,
732 1407 788 1492 qui
812 1428 841 1470 a.
863 1405 928 1472 362
944 1407 1159 1474 Antiochiam

56 1505 184 1568 veniens
207 1501 385 1571 Petelinum
409 1503 637 1589 presbyterum
661 1526 679 1568 e
702 1503 845 1570 factione
864 1503 1158 1572 Eustathianorum

55 1603 280 1688 intempestive
302 1599 470 1668 ordinavit
493 1602 693 1688 episcopum,
719 1603 833 1668 invitis
856 1605 992 1668 caeteris
1016 1606 1073 1690 qui
1093 1605 1158 1670 lde·

54 1699 119 1764 lotio
142 1698 383 1766 adhaerebant
430 1699 581 1784 Sopitum
619 1699 762 1786 denique
791 1700 854 1767 fuit
883 1701 926 1768 ad
955 1713 1085 1788 tempus
1108 1725 1158 1768 ec·

54 1797 163 1864 clasiae
202 1796 304 1883 hujus.
333 1795 478 1862 schisma
508 1807 623 1862 mutua
650 1796 775 1863 Meletii
808 1807 841 1862 et
863 1798 994 1866 Paulini
1017 1821 1158 1866 conven-
1217 1803 1218 1808 ’

54 1897 141 1978 tione,
174 1903 216 1960 nt
242 1903 379 1980 uterque
409 1917 503 1960 suam
526 1905 653 1980 regeret
682 1905 828 1981 partem,
864 1897 1019 1964 defuncto
1047 1907 1158 1964 autem

54 1993 204 2058 alterutro
237 2003 401 2078 superstes
430 1994 578 2060 omnium
606 2003 690 2060 esset
722 1995 904 2080 episcopus.
957 1996 1023 2064 Sed
1055 2018 1156 2082 quum

54 2090 200 2157 Meletius
233 2113 263 2156 a.
296 2090 360 2156 381
387 2089 670 2177 Constantinopoli
701 2101 849 2158 mortuus
872 2101 965 2175 esset,
988 2092 1156 2160 Meletiani

54 2189 287 2256 ordinaverunt
296 2187 497 2256 Flavianum
520 2189 556 2254 in
579 2210 799 2257 successorem
821 2190 956 2274 Meletii,
979 2201 1078 2278 atque
1101 2193 1156 2276 ite,

53 2289 201 2371 quamvis
225 2287 259 2352 in
283 2284 434 2352 doctrina
457 2285 534 2352 fidei
563 2307 677 2352 omnes
701 2297 810 2354 essent
832 2289 1020 2372 concordes,
1045 2291 1157 2356 scissio

6 2409 8 2472 ᾗ
50 2385 249 2468 perduravit.
294 2383 393 2450 Auno
416 2383 482 2450 388
497 2383 655 2450 Paulinus
678 2395 856 2472 antequam
879 2389 1157 2454 morereturEva·

6 2503 8 2556 ε
50 2485 149 2564 guium
188 2481 255 2548 sihi
291 2503 512 2553 successorem
551 2483 727 2550 ordinavit
787 2483 945 2570 Episcopi
985 2485 1158 2555 orientales

6 2651 8 2682 ,
51 2584 164 2663 passim
190 2581 483 2648 communicabant
499 2603 575 2649 cum
591 2580 762 2664 Flaviano,
778 2582 1057 2668 quemadmodum
1081 2607 1156 2650 cum

6 2705 8 2712 >
51 2677 174 2746 ileletio
200 2679 365 2761 fecerant3
389 2678 544 2744 Pontifex
567 2701 645 2744 vero
670 2688 703 2744 et
721 2679 952 2750 Occidenteles
975 2703 1049 2748 cum
1071 2682 1156 2748 Eva-

52 2779 122 2860 grio,
153 2779 245 2844 sicut
267 2799 343 2842 cum
371 2777 443 2863 ejus
477 2776 646 2842 decessore
668 2777 825 2861 Paulino,
862 2777 1023 2844 catholica
1046 2789 1156 2846 tamen

51 2877 234 2942 communio
257 2877 344 2940 inter
367 2895 422 2942 eos
445 2884 542 2961 rapta
564 2897 632 2942 non
655 2885 738 2955 erat,
763 2897 869 2962 neque
893 2874 960 2940 ulla
982 2899 1058 2962 pars
1081 2876 1157 2942 alte-

50 2993 110 3036 ram
133 2974 180 3040 ab
205 2995 245 3038 ea
266 2972 464 3040 absciderat.
513 2973 597 3040 Cum
630 2995 707 3038 vero
736 2996 779 3038 ex
808 2973 969 3059 eJusmodi
993 2974 1156 3041 divisione

50 3070 127 3136 mala
148 3073 309 3157 graviora
332 3081 367 3136 et
386 3071 565 3138 schismata
587 3073 679 3157 sequi
704 3073 896 3157 potuissent,
920 3072 962 3136 de
984 3093 1024 3136 ea
1046 3083 1156 3140 actum

6 3193 7 3202 ¹
50 3177 91 3232 est
111 3193 141 3236 a.
167 3171 236 3236 389
261 3171 294 3236 in
327 3170 453 3254 synodo
478 3168 647 3256 Capuana,
681 3191 765 3256 quae
795 3192 913 3236 causae
937 3168 1024 3234 illius
1048 3175 1157 3255 cogni-

50 3266 165 3336 tionem
191 3266 360 3351 delegavit
383 3266 565 3353 Theophilo
596 3267 802 3354 patriarchae
825 3267 1062 3350 Alexandrino,
1086 3278 1156 3335 tum

50 3365 130 3447 quod
153 3365 318 3452 dignioris
341 3367 376 3432 in
392 3363 526 3430 Oriente
550 3366 637 3430 sedis
661 3375 745 3432 esset
767 3367 949 3452 episeopus,
973 3375 1043 3432 tum
1067 3367 1157 3452 quod

49 3465 148 3530 renui
174 3464 264 3550 parti
286 3462 438 3528 addictus
462 3485 527 3528 una
560 3485 636 3528 cum
660 3463 805 3551 Aegypti
834 3466 996 3551 episcopis
1019 3462 1156 3530 dissidia

49 3559 174 3626 facilius
206 3582 404 3647 componere
435 3571 551 3647 posset
607 3562 744 3629 Sinicius
780 3585 867 3649 papa
899 3563 941 3630 de
972 3561 1089 3632 eadem
1121 3586 1155 3628 re

49 3657 268 3746 interpellavit
289 3657 513 3724 Theodosium
545 3659 790 3746 Imperatorem.
839 3660 1078 3726 Verumtamen
1109 3660 1156 3726 di·

50 3759 125 3822 visio
159 3779 229 3824 non
261 3757 325 3824 fuit
359 3759 549 3844 composita.
596 3757 694 3824 Anno
727 3758 792 3822 392
825 3757 979 3824 defuncto
1010 3758 1155 3842 Evagrio

50 3855 130 3922 solus
153 3855 340 3922 Flavianus
362 3858 542 3942 permansit
572 3857 753 3941 episcopus,
785 3855 842 3920 sed
873 3855 1074 3921 Antiocheni
1098 3859 1154 3943 qui

51 3953 192 4040 Evagrio
215 3953 442 4038 adhaeserant,
466 3956 622 4040 privatim
653 3951 903 4034 conveniebant,
928 3963 960 4016 et
983 3975 1059 4018 eum
1083 3954 1155 4021 Fla·

49 4053 141 4117 viano
167 4073 236 4116 non
261 4051 559 4117 communicabant.
606 4053 672 4116 Hic
702 4075 732 4116 a.
765 4051 830 4116 398
852 4049 975 4135 legatos
999 4055 1089 4117 misit
1111 4054 1156 4120 ad

52 4150 271 4236 Apostolicam
304 4149 433 4232 Sedem,
463 4160 495 4215 et
526 4151 732 4231 Anastasius,
764 4150 820 4234 qui
853 4171 890 4212 eo
920 4172 1005 4214 anno
1037 4149 1154 4216 Siricis

51 4261 257 4330 successerat,
273 4248 426 4314 Flaviani
450 4249 689 4314 ordinationem
705 4257 808 4312 ratam
829 4247 945 4312 habuit
960 4250 1055 4335 eique
1070 4271 1155 4318 com-
