2874 4812
257 425 311 477 304
686 427 770 484 Des.
789 425 932 496 onemo.

258 566 389 632 firmare
421 570 546 654 nititur,
578 593 627 652 ea,
651 593 736 658 quae
768 593 788 634 a
811 568 979 656 Cypriano
1008 569 1154 634 chetro
1180 571 1389 648 efferuntur,

257 664 301 730 ad
326 666 583 752 npnificationem
610 677 643 732 et
669 671 861 756 opositionem
888 669 1026 732 unitatis
1049 675 1204 732 accurate
1228 665 1390 732 limitari.

258 761 355 826 Nullo
379 764 475 828 modo
500 767 671 851 imprimis,
694 768 751 849 sit,
775 789 818 834 ex
833 765 1001 854 Cypriane
1022 767 1133 832 Petrus
1157 768 1201 834 ad
1223 767 1389 830 unitatem

258 861 417 926 Ecclesiae
440 863 577 950 refertar
593 888 656 950 per
671 865 802 951 alraood
810 865 1013 952 prioilopinm
1032 863 1201 952 diffinitatis
1216 863 1267 929 acl
1280 863 1388 953 junr-

257 957 407 1024 ds'ctionis
428 981 512 1046 prae
540 964 672 1026 caeteris
703 962 876 1048 Apostolis.
902 963 1023 1028 Nullae
1045 965 1128 1028 enim
1150 961 1385 1051 Apostolorum

258 1079 279 1118 a
302 1055 405 1135 Petro,
428 1067 463 1120 at
485 1062 646 1146 supposito
660 1061 756 1147 fonte
774 1062 944 1147 potestatis
972 1061 1210 1141 assensisse,
1233 1063 1388 1125 honorem

258 1175 347 1216 rann
378 1164 408 1218 ct
431 1167 621 1241 potestatem
650 1159 789 1242 dariam
826 1181 931 1224 omnes
953 1160 1122 1246 possidm
1152 1158 1385 1224 mennatem

258 1251 429 1317 indiarum
461 1250 689 1342 (consortium)
715 1258 797 1343 pori
823 1257 948 1322 ratione
973 1257 1070 1343 plene
1100 1269 1130 1322 ct
1152 1255 1341 1321 immediate
1366 1275 1385 1314 o

262 1343 429 1436 divisast)
473 1349 733 1437 Respondemus,
757 1353 790 1420 S.
825 1353 1030 1440 Cyprianum
1052 1353 1144 1419 hsud
1171 1355 1212 1444 in·
1233 1374 1274 1416 eo
1301 1371 1382 1429 esse,

257 1454 296 1510 ut
317 1449 503 1512 accuratius
526 1449 721 1516 determinet
742 1450 895 1518 habitum
917 1450 1118 1537 reliquorum
1141 1450 1381 1538 Apostolorum

258 1542 301 1607 ad
331 1545 510 1629 primatum
542 1547 641 1612 Petri.
687 1547 753 1614 Sed
785 1571 825 1614 ea
857 1571 942 1635 quse
974 1548 1015 1613 de
1039 1548 1206 1635 Apostolis
1230 1545 1382 1614 animad-

258 1643 359 1706 vertit
380 1663 417 1706 ea
441 1647 616 1728 pertinent,
641 1656 678 1710 ut
696 1646 922 1730 confirmetur,
941 1649 1057 1732 quenti
1080 1647 1241 1713 momenti
1267 1647 1313 1712 sit
1337 1646 1382 1708 in-

258 1739 382 1804 stitutio
416 1741 562 1826 unitetie,
596 1753 628 1808 et
659 1765 759 1830 qnam
797 1743 982 1809 luculenter
1019 1744 1089 1830 ejus
1121 1745 1308 1812 necessitas
1342 1743 1381 1806 sit

257 1859 317 1924 per
340 1836 462 1904 Christi
485 1839 573 1905 facta
596 1841 815 1908 manifestate.
848 1841 1023 1925 Videlicet,
1047 1844 1200 1928 quemvis
1225 1839 1381 1906 Christus

257 1934 415 2000 honorem
438 1947 472 2002 ct
486 1947 682 2023 potestatem
696 1938 1037 2025 Apostolatuspostee
1060 1938 1255 2004 immediate
1279 1939 1378 2002 etism

257 2033 393 2120 reliquis
424 2035 593 2121 Apostolie
625 2036 810 2120 contulerit,
844 2043 955 2102 tamen
987 2036 1094 2102 voluit
1125 2036 1248 2102 selecto
1283 2036 1379 2100 Petro

257 2132 419 2197 unitatem
450 2132 610 2216 fundare,
635 2143 667 2198 et
698 2132 781 2198 haec
813 2132 983 2218 dispositio
1006 2157 1066 2220 per
1090 2135 1286 2200 missionem
1310 2131 1377 2196 reli·

258 2251 398 2314 quorum
422 2229 608 2297 nullatenus
632 2234 806 2296 immutate
829 2239 887 2294 est.
932 2229 1118 2298 Arbitrsrio
1142 2231 1243 2296 modo
1269 2239 1376 2296 antem

259 2347 326 2390 vox
347 2327 404 2392 ills
427 2331 615 2394 concordam
646 2328 780 2394 honoris
803 2336 836 2392 et
863 2331 1033 2414 potestatis
1057 2331 1103 2396 its
1126 2330 1318 2416 exponitur,
1340 2349 1375 2392 sc

258 2427 284 2489 si
309 2446 422 2490 omnes
445 2426 625 2492 indivisam
654 2425 892 2492 haereditatem
919 2426 1046 2513 jurium
1079 2428 1140 2493 suh
1163 2446 1374 2513 quocumque

258 2532 409 2608 respectu
440 2547 461 2588 a
493 2522 623 2589 Christo
663 2523 861 2609 acceperint,
904 2523 1080 2610 nullusque
1113 2525 1314 2610 dignitatem
1346 2531 1373 2586 et

257 2622 487 2687 auctoritatem
509 2623 672 2708 primatus
694 2621 859 2686 hahuerit.

345 2719 399 2784 50.
424 2718 584 2799 Secundo,
607 2720 716 2805 inquit
739 2718 923 2800 Reinkens,
953 2718 1212 2805 wiliootionen
1235 2717 1373 2806 (Beden-

258 2815 353 2903 tung)
368 2817 456 2880 Petri
469 2817 574 2903 quoad
590 2818 743 2882 unitatem
761 2815 922 2882 Ecclesiae
936 2815 1055 2882 limitat
1074 2813 1258 2904 Cyprianus
1275 2815 1374 2882 alloto

258 2916 404 2980 doctrina
427 2913 459 2980 S.
485 2915 601 2995 Ponli;
628 2915 891 2992 animadvertens,
915 2935 955 2978 as
978 2912 1079 2978 Paulo
1103 2925 1372 2980 sacramentum

258 3012 469 3099 (mysterium)
485 3033 550 3076 esse
563 3014 716 3078 unitatem
730 3011 900 3091 Εοοίαείαε,
921 3011 1059 3096 adeoque
1074 3011 1199 3097 aliquid
1207 3013 1371 3082 inmun,

258 3111 341 3196 qnod
363 3133 439 3175 sane
458 3133 518 3195 per
536 3110 661 3174 Petrum
684 3109 832 3174 constitui
853 3109 970 3194 nequit.
1009 3108 1049 3172 In
1071 3109 1285 3194 descriptione
1299 3107 1370 3172 Pau

259 3207 327 3271 lina
358 3206 627 3293 manifestationis
657 3207 802 3286 unitatis,
832 3205 918 3269 deest
941 3204 1044 3291 plane
1067 3205 1195 3285 Petrns,·
1225 3207 1285 3270 hoc
1315 3202 1370 3288 rus·

253 3305 331 3387 ficit.
384 3302 414 3367 A
456 3301 616 3389 Cypriane
653 3306 751 3390 ἐρίων
786 3302 970 3368 nallatenus
1005 3302 1119 3367 Petrus
1158 3301 1306 3389 affertur,
1339 3323 1370 3362 ac

258 3402 362 3488 siipse
373 3403 570 3486 pnrrnpe'nas
584 3401 742 3486 quoddam
756 3399 921 3465 essentiale
938 3409 1017 3464 esset
1026 3401 1162 3464 unitatis
1171 3395 1370 3480 manen).

333 3561 352 3626 ¹)
374 3558 501 3624 ,Erstens
531 3559 611 3613 went
640 3575 669 3613 er
691 3557 742 3611 sul
769 3558 817 3612 das
836 3555 1050 3612 entechiedenste
1078 3558 1121 3612 die
1139 3557 1318 3626 Vorstellnng
1335 3553 1369 3614 eh,

257 3637 297 3692 sle
316 3636 349 3690 oh
367 3636 465 3690 Petrus
488 3637 548 3692 eine
565 3637 723 3705 Beeishung
741 3653 790 3691 nur
803 3636 915 3690 Einhsit
932 3635 980 3690 der
991 3635 1092 3691 Kirche
1110 3636 1179 3692 hehe
1196 3635 1284 3692 durch
1301 3637 1367 3692 sinu

257 3717 384 3785 Vorrsng
402 3717 449 3771 der
468 3717 570 3772 Whrde
594 3719 657 3772 oder
675 3717 723 3772 der
740 3716 944 3785 Rechtsgswslt
961 3730 1011 3772 ror
1028 3717 1081 3771 den
1103 3717 1220 3786 thrigen
1238 3715 1367 3786 Apostdn
1417 3771 1418 3780 χ

258 3836 265 3850 .
284 3834 291 3850 .
311 3836 318 3850 .
337 3795 439 3850 Keiner
457 3797 505 3850 der
527 3796 639 3865 Apostel
661 3797 741 3851 lsitet
768 3812 821 3850 von
839 3795 938 3850 Petrus
957 3795 998 3850 sls
1016 3797 1077 3851 dem
1095 3795 1286 3865 angeblichem
1303 3790 1368 3862 orel

257 3877 306 3932 der
323 3875 487 3932 kirchhchen
515 3877 622 3931 Gewalt
648 3877 722 3932 seins
750 3877 822 3931 Ehre
846 3877 901 3930 und
928 3875 1021 3930 Macht
1038 3877 1100 3946 her;
1128 3877 1168 3934 sie
1186 3876 1238 3930 alle
1256 3875 1365 3930 hesitnn

258 3956 306 4010 des
324 3955 495 4025 ungetheilts
513 3957 584 4011 Erhe
602 3956 790 4026 (consortium)
818 3957 847 4011 in
866 3955 985 4025 gleicher
1003 3957 1097 4012 Weiss
1114 3971 1187 4027 gens
1204 3953 1261 4008 and
1282 3951 1366 4010 aemil

258 4037 345 4090 telbur
363 4052 415 4090 von
434 4036 563 4090 Christm.
599 4037 630 4092 L.
649 4053 670 4090 a
690 4035 714 4090 S.
735 4039 760 4090 8.
1416 4052 1417 4071 ¹

331 4117 356 4184 ¹)
376 4115 525 4182 ,Zweitens
556 4115 619 4172 eber
646 4115 809 4172 heschrhnkt
826 4116 874 4172 der
892 4115 928 4170 hl.
948 4114 1068 4183 cyprian
1087 4113 1132 4170 die
1149 4113 1313 4182 Bedsutnng
1328 4109 1365 4162 lo

260 4193 359 4248 Petrus
385 4193 431 4248 thr
455 4194 499 4249 die
520 4195 633 4250 Einheit
650 4196 697 4252 der
724 4195 825 4252 Kirchs
842 4195 925 4252 durch
947 4195 1001 4250 den
1017 4193 1142 4250 Hioweis
1164 4193 1215 4248 sul
1230 4193 1277 4248 die
1293 4190 1366 4248 uss
