2810 4846
445 477 628 533 Difficultates
646 477 793 532 diluuntur.
1125 481 1182 534 253

79 634 176 688 sutem
200 632 361 708 potestate
385 621 602 706 etymologica
631 621 723 686 vocis
756 621 949 689 derivantur
971 625 1093 689 multae
1117 628 1179 712 sig·

79 723 274 786 sificationes
296 742 358 784 usu
382 719 601 786 ecclesiastico
625 729 785 808 receptae.
823 721 934 802 Quum
958 723 1182 788 diversimode

79 821 166 904 possit
189 819 310 905 aliquis
337 839 468 902 operam
493 839 586 884 suam
609 823 756 888 conferre
771 832 808 886 ut
829 821 955 906 aliquid
978 820 1097 901 valeat,
1120 823 1179 886 im-

79 919 180 1003 primis
206 917 401 981 confirmare
433 913 554 979 dicitur
584 921 640 1004 qui
671 923 717 985 ita
747 941 841 1006 opem
865 939 958 982 suam
982 919 1117 1001 confert,
1142 929 1184 984 ut

78 1016 112 1079 ab
142 1018 211 1102 ipso
246 1012 461 1078 essentialiter
496 1013 681 1099 dependeat
714 1027 751 1082 ut
782 1016 892 1080 valeat
921 1039 983 1080 res.
1030 1015 1179 1081 Romano

77 1113 218 1178 Pontifici
253 1113 354 1196 igitur
383 1110 581 1176 adscribitur
610 1135 638 1180 e.
671 1138 702 1200 g.
727 1115 929 1180 confirmatio
954 1114 1122 1180 doctrinae
1147 1124 1181 1178 ot

78 1213 274 1275 decretorum
297 1209 437 1294 alicujus
449 1210 579 1275 concilii
595 1214 652 1294 sic,
667 1224 704 1277 ut
725 1216 761 1276 1⁰
788 1214 830 1276 sit
852 1215 1037 1296 cooperatio
1060 1214 1179 1298 potior,

77 1309 109 1372 2⁰
133 1309 317 1393 cooperatio
342 1306 532 1389 essentialis,
557 1310 603 1374 ita
627 1321 664 1374 ut
697 1313 724 1375 si
748 1309 830 1374 haec
854 1312 1037 1395 cooperatio
1063 1310 1179 1375 confir-

77 1407 187 1470 matrix
219 1405 323 1486 adsit,
357 1403 465 1467 valeat
497 1407 585 1490 quod
618 1408 810 1473 conclusum
839 1409 943 1471 estin
968 1407 1117 1490 concilio,
1142 1417 1180 1471 ut

75 1526 118 1568 res
148 1501 361 1566 materialiter
390 1503 551 1585 existens,
583 1505 635 1570 vel
666 1505 776 1570 valore
806 1505 949 1592 juridico
980 1527 1046 1570 non
1069 1504 1177 1590 pleno,

77 1603 205 1686 incipiat
229 1601 370 1664 existere
387 1599 485 1685 pleno
509 1601 615 1666 valore
631 1605 783 1694 juridico.
804 1641 840 1650 -
859 1600 1072 1666 Confirmatio
1097 1603 1178 1686 epis·

76 1719 232 1784 soporum,
268 1697 294 1761 si
326 1698 434 1780 agitur
466 1697 506 1761 de
539 1703 668 1765 statutis
695 1701 737 1765 ab
770 1700 850 1786 ipsis
883 1701 1048 1764 communi
1078 1721 1180 1784 opera

76 1796 234 1876 conlectis,
268 1805 316 1859 est
349 1798 514 1880 expressio
547 1819 659 1863 eorum
693 1819 869 1863 concursus
903 1796 945 1862 ad
969 1799 1179 1860 existentiam

75 1903 102 1955 et
122 1893 268 1956 valorem
287 1892 469 1977 juridicum
493 1893 609 1959 talium
634 1896 847 1961 decretorum.
879 1895 913 1960 Si
937 1896 1044 1978 agitur
1066 1903 1177 1958 autem

76 1991 109 2053 dc
131 1989 381 2054 confirmatione
407 1990 611 2056 decretorum
635 2015 720 2078 quae
743 1991 888 2056 valorem
906 1991 1088 2076 juridicum
1113 1990 1179 2076 ple-

75 2109 145 2151 num
165 2087 237 2172 jam
261 2085 394 2168 habent,
419 2090 492 2152 talis
509 2089 712 2154 confirmatio
737 2089 770 2178 a)
793 2090 907 2155 haberi
930 2111 997 2153 non
1020 2089 1118 2154 debet
1141 2098 1179 2153 ut

75 2186 272 2250 confirmatio
296 2184 402 2250 ethice
426 2186 538 2269 libera,
564 2186 621 2252 sed
636 2199 673 2252 ut
688 2190 880 2268 necessaria,
904 2189 950 2252 ita
972 2197 1009 2250 ut
1031 2188 1176 2272 episcopi

74 2305 131 2346 non
155 2284 324 2368 potuerint
343 2284 508 2349 moraliter
522 2307 616 2350 suum
635 2287 826 2370 suffragium
841 2295 874 2350 et
896 2284 1177 2349 confirmationem

4 2453 5 2456 Ἴ
72 2401 130 2443 non
154 2379 309 2466 adjicere.
341 2419 384 2428 -
416 2381 452 2468 b)
482 2383 624 2447 Proinde
655 2383 710 2447 illa
742 2384 945 2448 confirmatio
978 2385 1086 2468 potius
1109 2383 1179 2446 fere

72 2487 114 2541 est
144 2480 321 2564 praestatio
354 2481 465 2562 officii,
499 2503 598 2567 quam
616 2483 701 2566 juris
734 2482 936 2546 exercitium.
983 2480 1068 2544 Nam
1093 2503 1186 2566 quae·

71 2575 108 2638 ad
130 2597 281 2641 normam
313 2598 439 2643 morum
468 2581 682 2665 praetermitti
706 2601 772 2643 non
805 2587 949 2664 possunt,
984 2599 1022 2642 ea
1045 2599 1087 2641 ex
1106 2599 1178 2642 sese

73 2683 216 2758 spectant
239 2673 281 2737 ad
306 2675 453 2740 officium
483 2677 714 2757 exserendum,
738 2675 815 2738 licet
838 2675 1048 2760 caeteroquin
1070 2674 1113 2738 ad
1137 2697 1177 2740 ea

72 2773 164 2835 etiam
185 2771 242 2857 jus
266 2771 435 2838 habeatnr.
482 2773 517 2838 Si
541 2795 619 2838 vero
644 2795 720 2837 cum
744 2771 904 2857 ejusmodi
928 2771 1185 2836 confirmatione-

73 2865 170 2933 bonor
194 2879 226 2932 et
250 2868 420 2952 dignitatis
442 2872 660 2936 manifestatio
671 2873 866 2958 junguntur,
890 2879 988 2955 patet,
1013 2869 1186 2954 quomodo.

3 2995 5 3020 ε
72 2969 214 3031 exterius
237 2968 359 3051 passim
375 2971 480 3053 magis
496 2971 665 3032 insistatur
682 2968 739 3032 tali
749 2969 818 3054 juri
842 2966 1052 3048 ostendendo,
1077 2989 1180 3052 quam

3 3063 5 3144 l
72 3065 175 3129 ofi'rcio
193 3065 400 3131 affirmando.
416 3105 458 3114 -
473 3067 562 3130 Hinc
582 3065 613 3153 c)
633 3089 674 3130 ex
692 3065 939 3130 confirmatione
954 3087 1018 3150 qua
1031 3066 1176 3150 episcopi

3 3171 5 3202 ³
70 3164 188 3244 passim
213 3160 547 3249 confirmaruntquae
570 3163 751 3228 aRomano
766 3161 926 3227 Pontifice
940 3161 992 3224 vel
1016 3160 1058 3226 ab
1083 3183 1179 3226 oecu-

3 3265 5 3318 l
72 3261 205 3323 manicis
231 3256 388 3324 Consiliis
412 3260 543 3326 decreta
576 3270 684 3342 erant,
717 3259 903 3324 nullatenus
935 3259 1081 3344 profecta
1104 3281 1178 3324 cen-

71 3358 127 3420 seri
152 3365 261 3442 potest
283 3357 335 3420 vis
358 3359 502 3442 ipsorum
527 3357 732 3422 decretorum
757 3357 911 3443 juridica,
937 3377 1037 3442 quum
1063 3357 1179 3422 confir-

71 3456 165 3518 matio
189 3452 245 3516 illa
264 3463 347 3518 esset
359 3455 466 3518 ethice
480 3457 673 3520 necessaria.
689 3493 731 3502 -
748 3453 813 3519 Sed
838 3452 873 3539 d)
897 3453 994 3518 valde
1018 3453 1108 3518 utilis
1131 3465 1177 3519 ta·

71 3569 142 3614 men
165 3571 264 3635 saepe
288 3551 448 3636 ejusmodi
473 3553 678 3616 confirmatio
695 3562 752 3634 est,
777 3561 813 3616 ut
836 3553 1004 3616 consensio
1029 3554 1176 3616 omnium

63 3647 205 3730 juridice
236 3659 445 3735 praesumpta
478 3659 510 3714 et
542 3648 648 3714 ethice
687 3652 869 3714 necessaria
901 3647 1058 3713 reddatur
1089 3649 1176 3714 facto

70 3747 254 3831 conspicua,
279 3755 316 3810 ut
330 3745 499 3812 doctrinae
518 3769 617 3812 sanae
638 3747 856 3814 defendantur
869 3745 1022 3828 validius,
1047 3756 1080 3811 et
1101 3747 1177 3812 hae-

68 3846 240 3908 reticorum
263 3844 395 3910 fraudes
417 3847 647 3930 reprimantur.

154 3942 207 4006 86.
231 3940 324 4005 Haec
347 3944 510 4029 principia
533 3944 560 4008 si
583 3965 661 4028 prae
685 3943 787 4007 oculis
811 3942 983 4023 habentur,
1007 3941 1104 4006 facile
1128 3944 1276 4008 di·0bs'oet·
1289 3951 1353 3994 dits·

68 4035 197 4102 luentur
227 4040 347 4122 omnia,
383 4061 467 4125 quae
499 4042 646 4124 congerit
676 4040 791 4105 Illmus
815 4041 930 4120 filaret,
961 4061 1023 4104 neo
1046 4041 1177 4124 singula
1230 4013 1305 4054 Μ’

69 4137 215 4221 persequi
240 4137 459 4200 necessarium
483 4147 539 4201 est.
585 4136 671 4202 Illud
705 4147 832 4201 tantum
857 4138 1078 4219 observamus,
1103 4138 1176 4224 ejus

69 4231 317 4318 descriptionem
346 4255 456 4298 rerum
486 4237 596 4300 minus
627 4245 815 4299 accuratam
838 4257 918 4300 esse.
964 4235 1001 4300 Si
1023 4239 1111 4300 enim
1135 4259 1178 4304 ea
