2876 4814
503 455 629 528 Οτίςθιιίι
647 457 713 514 fata
1139 461 1191 518 uel

88 605 121 666 In
143 602 247 666 diebsss
270 604 373 688 ipsias
395 602 587 666 sanctissimi
611 602 767 668 Heraclea
791 614 861 668 erat
884 603 1103 672 narranaam
1123 607 1192 672 ort-

85 725 177 786 penes,
200 702 255 786 qui
277 711 386 786 aperte
404 701 573 786 propriam
605 721 694 764 msam
724 702 876 766 baeresim
908 702 1018 768 diebus
1041 705 1194 769 Mermoii

87 811 112 862 et
139 799 262 862 Veneris
279 799 489 884 proponebat.
538 797 632 862 Hense
646 799 754 882 ipitnr,
778 799 861 884 qaod
884 822 995 864 sarsum
1018 801 1193 868 docuinam

82 907 263 982 paumeret
286 907 316 960 et
339 896 379 959 ab
404 896 578 960 ortlsodoam
590 895 660 980 fide
691 897 862 978 recederet,
886 907 1013 962 ammitte
1037 899 1194 968 Heraclas

86 995 119 1058 ab
141 993 283 1060 Ecclema
305 995 434 1058 rensooit
457 1003 487 1058 et
510 993 713 1058 Alexandria
735 994 867 1080 expulit.
919 996 1068 1081 (tmpestas
1090 1008 1194 1062 autem

85 1099 188 1180 epuns
214 1088 431 1178 (intimatae)
463 1091 497 1154 in
521 1090 649 1177 &mam
666 1091 868 1176 profln'scens
895 1095 1039 1177 peruenit
1062 1095 1097 1158 in
1119 1095 1192 1158 cini-

86 1201 170 1254 laten
191 1186 369 1276 (Aegypti)
401 1190 525 1252 nomine
558 1189 721 1267 Timonis,
752 1189 913 1252 lubentem
945 1192 1122 1278 episcopam
1144 1215 1192 1256 or·

85 1289 243 1352 &dorum
265 1287 474 1367 Ammonium,
497 1288 551 1373 qui
579 1287 707 1372 (hipeni
723 1287 880 1372 permisit,
908 1299 943 1350 nt
965 1291 1000 1353 in
1023 1291 1125 1376 ipsius
1147 1315 1192 1356 ec·

83 1385 169 1450 alesia
206 1386 387 1450 widonem
424 1384 463 1448 de
476 1384 560 1468 fidei
582 1384 728 1448 doctrina
758 1385 884 1448 baberet
915 1381 1075 1472 (ὁμιλῆσαι
1098 1386 1193 1470 λόγον

83 1481 285 1568 uomitum).
322 1480 414 1555 Qseod
446 1505 538 1568 qutun
570 1481 744 1546 audivisset
778 1482 934 1548 Heraclas
960 1485 1124 1571 profectus
1147 1498 1193 1551 est

88 1582 251 1659 lineatim
276 1593 306 1644 et
323 1592 497 1666 propterea
510 1580 656 1666 deposuit
670 1579 867 1644 Ammonium
880 1592 910 1645 et
932 1580 999 1644 loco
1022 1587 1089 1672 ayne
1112 1586 1191 1670 epis·

82 1703 178 1764 copam
213 1678 379 1742 conutituit
402 1677 592 1764 Philippum,
610 1678 771 1766 justiorem
802 1678 936 1763 qnidam,
959 1679 1014 1742 sed
1041 1677 1191 1746 Cleristia·

83 1801 147 1840 nuu
172 1779 283 1864 myrti
296 1775 441 1861 faraonis
464 1773 569 1861 eren).
620 1775 674 1838 Ex
709 1797 748 1839 eo
785 1775 873 1860 quod
910 1777 1010 1840 etiam
1033 1776 1192 1842 Heraclea

84 1876 256 1960 Origenm
281 1896 302 1936 a
326 1874 558 1938 communione
590 1875 742 1955 removit,
765 1873 845 1937 satis
867 1883 1013 1959 apparet,
1039 1874 1192 1958 Origenis

84 1983 194 2038 sortem
233 1993 302 2036 uon
340 1992 435 2056 posse
459 1971 620 2034 Demetrii
652 1972 739 2036 senis
776 1971 924 2036 invidiae
960 1971 1115 2052 adscribi,
1153 1994 1192 2038 ae

82 2073 186 2155 gravia
210 2071 317 2134 fuisse
350 2070 474 2134 motiva
504 2067 735 2149 damnationis,
769 2090 835 2154 qua
857 2069 983 2133 Dootor
1006 2067 1060 2134 ille
1084 2069 1192 2135 elaris-

84 2171 175 2233 sitnns
197 2169 339 2233 affectus
361 2176 420 2232 eat.
751 2233 754 2238 ,

163 2267 215 2332 12.
242 2264 425 2330 Caesareae
448 2273 560 2328 tamen
575 2263 737 2348 Origenes
752 2265 786 2328 in
810 2263 969 2328 docendis
988 2264 1108 2330 litteris
1122 2265 1191 2352 phi-

83 2364 253 2450 losophicis
286 2372 318 2426 et
350 2359 542 2446 theologicis
574 2363 817 2446 perseveravit,
852 2360 1012 2448 multique
1044 2365 1143 2429 etiam
1174 2389 1191 2428 e

83 2460 306 2526 remotioribus
321 2461 503 2545 provinciis
527 2458 681 2544 discipuli
705 2457 748 2522 ad
772 2481 847 2524 eum
872 2459 1091 2543 confluebant,
1108 2464 1192 2528 inter

82 2581 153 2643 qnos
183 2558 396 2624 celebrantur
418 2556 598 2642 Gregorius
626 2555 894 2640 Thaumaturgus
923 2557 1060 2643 ejusque
1093 2560 1193 2624 frater

83 2656 317 2722 Athenodorus.
363 2657 450 2721 Satis
483 2653 620 2720 difficile
652 2663 701 2718 est
727 2653 895 2739 judicium
927 2655 1021 2736 ferne,
1054 2679 1120 2741 qua
1143 2680 1191 2721 ra-

83 2755 160 2820 tione
183 2753 298 2841 quoad
321 2755 587 2818 communionem
621 2773 696 2816 eum
719 2751 871 2816 Ecclesia
893 2752 1055 2836 Origenes
1078 2775 1113 2816 se
1137 2753 1192 2818 ha·

83 2850 190 2918 buerit.
253 2851 433 2916 Contendit
465 2851 677 2934 Hagemaun,
720 2849 922 2914 schismatici
966 2861 1075 2936 partes
1116 2873 1191 2916 eum

82 2953 195 3032 egisse3
230 2951 354 3014 etenim
386 2948 612 3014 Alexandriae
644 2971 663 3012 a
695 2947 865 3012 Demetrio
899 2948 1136 3014 condemnatus
1160 2960 1193 3014 et

81 3049 399 3128 excommunicatus,
432 3049 533 3111 etiam
566 3047 728 3111 sententia
761 3045 794 3110 S.
834 3046 989 3112 Pontiani
1022 3046 1192 3131 perculsus

82 3157 132 3228 ost,
154 3169 195 3212 ac
219 3167 279 3231 per
302 3144 412 3230 plures
435 3167 540 3210 annos
563 3143 647 3209 nihil
673 3144 753 3207 lecit
775 3155 812 3208 ut
835 3165 910 3208 enm
934 3143 1019 3210 Sede
1043 3144 1192 3210 Romana

82 3241 386 3328 emacularetur)
433 3241 666 3308 Animadverti
698 3251 809 3306 tamen
842 3251 957 3326 potest,
991 3263 1093 3327 quum
1117 3263 1192 3306 con·

81 3355 144 3422 stet,
167 3343 212 3408 ab
237 3338 380 3406 Heraola
403 3341 498 3404 initio
523 3340 731 3426 episcopatus
755 3340 858 3424 ipsius
880 3341 1067 3404 restitutum
1089 3340 1191 3404 fnisse

81 3439 265 3526 (trigenum,
290 3437 354 3504 hae
378 3439 412 3502 iu
443 3460 478 3502 re
501 3436 716 3522 probabiliter
739 3435 933 3521 implicitam
956 3437 1057 3500 fuisse
1081 3459 1191 3502 recon-

82 3537 275 3603 ciliationem
306 3557 381 3600 eum
410 3535 550 3600 ecclesia
573 3536 673 3600 etiam
697 3533 855 3599 Romana.
893 3535 946 3598 Ex
970 3556 1057 3598 nova
1080 3545 1191 3599 autem

81 3635 350 3702 condemnatione
369 3643 402 3697 et
417 3633 760 3698 excommunicatione
771 3631 925 3715 Origenis
941 3654 1000 3717 per
1015 3631 1191 3697 Heraclam

81 3755 132 3817 per
164 3755 202 3798 se
239 3753 307 3797 uon
344 3733 502 3817 sequitur,
540 3730 628 3816 quod
665 3731 767 3793 etiam
794 3729 949 3814 explicite
981 3729 1023 3794 ab
1052 3729 1192 3794 ecelesia

81 3830 223 3896 Romana
245 3830 554 3894 excommunicatus
578 3827 764 3892 haberetur.
788 3827 881 3890 Haec
905 3826 1043 3891 ecelesia
1060 3827 1191 3911 judicio

148 4071 167 4132 ¹)
188 4066 257 4122 Vide
276 4073 382 4120 textum
411 4067 458 4120 (tr.
486 4081 529 4134 ap.
548 4065 673 4127 Fontani,
694 4063 786 4118 Norae
804 4063 970 4118 eniditorum
992 4063 1112 4128 deliciae,
1132 4065 1191 4118 Flo·

83 4147 176 4202 tantiae
196 4149 274 4210 1875,
294 4151 358 4200 tom
377 4145 404 4212 1;
423 4151 452 4200 et
470 4143 618 4215 Dillinger,
637 4142 800 4212 Hippolytus
820 4143 873 4197 uno
892 4142 1020 4200 Callistus
1039 4159 1064 4212 p.
1085 4147 1145 4202 tal.

148 4229 169 4294 ¹)
187 4226 239 4284 Die
256 4230 323 4280 rtm.
342 4224 442 4280 Kirche
460 4223 486 4280 S.
504 4227 565 4282 286.
