2902 4824
265 461 299 522 ⁹⁶
618 477 658 532 De
676 475 742 533 Seue
758 475 881 532 Romana
899 477 923 533 S.
943 477 1027 533 Petri.

265 610 415 678 Christus
429 617 593 683 Dominus
615 631 711 685 natus
735 631 801 702 est3
826 621 1029 708 solidamque
1053 643 1225 686 censemus
1253 633 1388 687 senten-

265 713 345 776 tiam
378 737 490 782 eorum
523 721 578 804 qui
612 729 773 801 statuunt,
807 743 932 785 aunum
964 720 1107 784 natalem
1140 721 1278 784 Domini
1313 743 1388 784 esse

264 829 389 874 annum
412 813 448 879 P.
472 815 504 880 J.
528 817 626 896 4707,
651 826 684 881 et
706 817 747 883 U.
773 816 810 883 C.
837 820 910 902 747,
935 817 990 883 die
1013 819 1056 883 25
1079 819 1162 884 Dec.
1186 818 1238 882 Ita
1263 839 1388 882 revera

265 905 415 976 Christus
446 913 522 979 Kal.
554 915 631 980 Jan.
664 939 694 982 a.
726 915 743 979 Ι
775 939 871 980 aerae
903 917 1004 1000 vulg„
1039 915 1095 1004 (U
1120 913 1157 980 C.
1183 916 1261 998 454,
1285 915 1324 979 Ρ.
1349 915 1386 980 J.

264 1005 375 1092 4714),
395 1011 467 1096 jam
499 1011 686 1078 absolverat
717 1024 845 1078 sextum
870 1015 958 1079 vitae
990 1036 1116 1079 annum
1139 1035 1179 1078 ac
1202 1015 1386 1098 septimum

265 1103 552 1196 ingrediebatur.¹)

96 1215 254 1255 resumas
353 1205 405 1272 86.
428 1207 485 1273 Ad
508 1231 625 1274 conam
647 1211 761 1274 mortis
783 1207 901 1274 Christi
930 1210 1019 1296 quod
1040 1209 1168 1287 attinet,
1193 1209 1387 1272 communis

129 1273 218 1316 Christi.

264 1311 296 1366 et
319 1313 471 1370 constans
493 1309 592 1371 trium
615 1309 762 1392 priorum
797 1306 1001 1372 saeculorum
1025 1307 1188 1372 sententia
1210 1304 1283 1386 fuit,
1308 1323 1387 1389 pas·

264 1403 389 1466 monem
419 1423 458 1466 ac
491 1411 628 1469 mortem
658 1405 795 1469 Domini
826 1403 1081 1471 adscribendam
1115 1425 1185 1466 esse
1215 1423 1299 1465 anno
1325 1403 1386 1464 im·

259 1501 346 1584 peni
373 1499 493 1565 Tiberii
521 1501 592 1581 XV,
616 1503 655 1567 L.
679 1502 831 1568 Rubellio
861 1501 1014 1583 Gemino,
1046 1500 1083 1566 C.
1107 1500 1204 1564 Fufio
1234 1495 1385 1562 Gemino

264 1595 368 1680 Coss,
406 1601 463 1683 qui
495 1621 602 1664 annus
638 1611 687 1665 est
723 1623 820 1665 aerae
856 1599 1002 1685 vulgaris
1039 1599 1101 1680 29,
1145 1597 1187 1664 U.
1230 1594 1268 1661 C.
1304 1597 1384 1675 782,

262 1693 299 1758 Ρ.
323 1694 355 1760 J.
378 1695 477 1762 4742.
523 1697 637 1763 Multis
659 1709 771 1764 tamen
794 1698 858 1763 hac
872 1701 907 1763 in
930 1721 965 1762 re
989 1696 1167 1762 difficultas
1190 1695 1264 1774 fuit,
1288 1694 1384 1778 quod

262 1792 301 1858 Β.
325 1794 434 1859 Lucas
457 1794 555 1878 dicat,
587 1821 671 1862 cono
694 1798 759 1862 XV
783 1797 902 1861 Tiberii
928 1794 1075 1860 Caesaris
1105 1794 1270 1859 loannem
1292 1789 1384 1876 Bep-

262 1891 373 1957 tistam
404 1891 569 1977 legatione
600 1915 660 1959 sua
691 1895 785 1979 fungi
811 1895 975 1980 coepisse;
1008 1892 1158 1978 adeoque
1189 1895 1304 1975 postea
1338 1886 1384 1950 de

262 2009 348 2052 anuo
374 1987 495 2055 Christi
520 1991 691 2056 emortuali
720 1993 900 2056 sententiae
928 1993 1108 2055 variarunt.
1164 1985 1230 2052 Sed
1253 1985 1383 2070 optime

261 2082 303 2148 ab
328 2085 466 2151 eruditis
483 2089 554 2173 jam
584 2111 636 2154 res
666 2091 884 2175 componitur,
916 2087 996 2152 dum
1025 2085 1307 2164 animadvertunt,
1338 2082 1382 2148 B.

262 2179 388 2245 Lucam
412 2206 516 2251 annos
539 2187 669 2272 imperii
698 2186 823 2253 Tiberii
855 2207 1028 2251 numerare
1057 2205 1124 2249 non
1153 2182 1196 2248 ab
1226 2184 1381 2266 ingressu

262 2279 296 2342 iu
319 2299 458 2365 regnum
480 2293 554 2369 post
576 2295 714 2350 mortem
729 2284 870 2370 Augusti
907 2284 951 2370 (a.
992 2285 1032 2346 14
1056 2303 1152 2346 aerae
1176 2277 1293 2366 vulg),
1319 2277 1380 2342 sed

261 2373 303 2439 ab
337 2397 374 2441 eo
407 2400 494 2444 anno
527 2403 591 2468 quo
623 2381 757 2448 Tiberio
790 2383 957 2449 aSeuatu
985 2380 1101 2446 eadem
1125 2400 1201 2443 cum
1224 2376 1381 2462 Augusto

262 2473 296 2536 in
318 2477 507 2558 provincias
530 2489 674 2565 potestas
696 2481 785 2545 facta
808 2489 866 2547 est.
912 2478 953 2545 Id
974 2499 1053 2543 vero
1076 2477 1199 2542 accidit
1221 2495 1309 2542 anno
1334 2473 1379 2540 U.

262 2569 298 2633 C.
325 2572 398 2656 764,
422 2575 469 2640 ita
492 2586 529 2640 ut
550 2576 606 2642 hic
629 2598 736 2643 annus
759 2600 817 2664 pro
851 2578 1033 2664 provinciis
1056 2577 1182 2662 primus
1205 2581 1291 2639 esset
1313 2571 1381 2636 Im·

261 2671 344 2750 perii
367 2669 493 2737 Tiberii
517 2673 678 2741 Caesaris.
725 2676 824 2741 Unde
838 2675 892 2740 ille
916 2675 982 2740 XV
1005 2695 1112 2739 annus
1121 2674 1234 2738 Lucae
1258 2671 1379 2756 incipit

259 2764 398 2834 ludaeis
420 2792 507 2836 anno
531 2771 572 2839 U.
602 2771 639 2838 C.
666 2773 729 2838 778
753 2797 773 2838 a
797 2774 970 2838 neomenia
995 2772 1086 2836 Tiari
1112 2767 1311 2858 (Octobris),
1343 2777 1378 2830 et

260 2867 307 2929 sic
338 2865 438 2953 plane
471 2869 533 2934 sibi
567 2880 694 2936 constat
726 2873 898 2952 sententia,
931 2871 1114 2935 Dominum
1146 2887 1281 2955 passum
1305 2885 1379 2930 esse

259 2984 346 3029 anno
379 2965 421 3032 U.
446 2964 483 3032 C.
509 2968 588 3049 782,
613 2989 709 3032 aerae
739 2967 885 3051 vulgaris
926 2967 979 3032 29.
1025 2966 1108 3032 Dies
1144 2975 1255 3029 autem
1292 2983 1379 3027 mor-

260 3063 311 3142 tis,
335 3063 517 3128 secundum
541 3068 820 3152 computationem
839 3063 879 3130 cl.
893 3064 1034 3145 Patritii,
1055 3073 1103 3128 est
1127 3063 1197 3127 dies
1223 3060 1264 3124 16
1288 3079 1379 3124 men·

260 3159 304 3222 sis
327 3159 439 3224 Martii
462 3157 658 3248 Gregoriani
683 3162 728 3250 (d.
756 3165 796 3227 18
820 3163 930 3227 lllartii
951 3159 1101 3248 Julian),
1126 3181 1183 3224 seu
1207 3157 1273 3224 XV
1298 3169 1379 3224 ante

259 3253 323 3322 kal.
349 3255 515 3344 Aprilis.¹)

347 3353 443 3418 Patet
465 3356 613 3442 proinde,
647 3356 727 3423 dum
749 3359 847 3438 facta,
880 3378 965 3444 quae
992 3362 1227 3440 postmortem
1252 3349 1377 3417 Christi

260 3461 292 3514 et
315 3452 409 3516 initio
440 3456 606 3521 nascentis
629 3453 798 3520 Ecclesiae
821 3452 1023 3534 acciderunt,
1055 3461 1295 3537 computamus,
1327 3471 1379 3514 ca-

260 3547 406 3614 vendum
429 3571 508 3632 esse,
524 3574 567 3616 ne
581 3551 749 3637 vulgatam
764 3552 953 3638 opinionem
964 3571 1043 3636 prae
1057 3548 1160 3614 oculis
1183 3545 1378 3618 habeamus,

260 3643 428 3712 Christum
464 3669 597 3734 passum
634 3671 703 3714 esse
740 3671 825 3714 anno
862 3669 959 3712 aerae
996 3646 1142 3731 vulgaris
1179 3645 1233 3726 33,
1273 3665 1377 3731 quum

261 3745 330 3828 ipse
352 3745 488 3828 triginta
520 3755 586 3810 tres
618 3767 722 3812 annos
755 3745 901 3810 haberet.
946 3745 1018 3810 Imo
1041 3742 1187 3809 habebat
1209 3742 1379 3806 Dominus

260 3841 395 3924 triginta
418 3851 559 3930 quatuor
580 3863 684 3908 annos
716 3853 748 3907 et
770 3841 896 3928 aliquot
927 3863 1065 3926 menses,
1089 3859 1191 3926 quum
1215 3861 1306 3904 auno
1332 3861 1379 3904 sa

260 3936 336 4001 lutis
359 3939 402 4002 29
424 3951 563 4005 mortem
586 3940 721 4006 subiret.

335 4079 354 4148 ¹)
372 4077 405 4134 V.
424 4079 536 4136 Patritii
554 4081 666 4136 Dissert.
693 4081 722 4135 in
747 4079 852 4148 Evang.
877 4079 946 4133 Diss.
969 4077 1029 4132 XX
1053 4079 1093 4132 De
1112 4077 1220 4133 Christo
1239 4091 1313 4134 anno
1332 4093 1380 4133 na·

260 4155 318 4212 nli.
338 4185 370 4198 -
389 4155 434 4212 lta
448 4158 534 4215 enm
550 4161 644 4216 censet
661 4159 719 4215 Ilm
737 4157 947 4228 ngunrtthtr,
966 4155 1000 4212 K
1019 4157 1052 4212 G.
1069 4157 1103 4213 B.
1119 4157 1142 4214 1.
1159 4157 1186 4213 8.
1205 4158 1250 4213 Β.

333 4233 932 4312 ¹)V.Patrits'nnl.c.DinIaletI³lL
