<?xml version="1.0" encoding="UTF-8"?>
<!DOCTYPE html PUBLIC "-//W3C//DTD XHTML 1.0 Transitional//EN"
    "http://www.w3.org/TR/xhtml1/DTD/xhtml1-transitional.dtd">
<html xmlns="http://www.w3.org/1999/xhtml" xml:lang="en" lang="en">
 <head>
  <title>
</title>
<meta http-equiv="Content-Type" content="text/html;charset=utf-8" />
  <meta name='ocr-system' content='tesseract 3.04.00' />
  <meta name='ocr-capabilities' content='ocr_page ocr_carea ocr_par ocr_line ocrx_word'/>
</head>
<body>
  <div class='ocr_page' id='page_1' title='image "./dissertationess02junggoog_0437.png"; bbox 0 0 2790 4812; ppageno 0'>
   <div class='ocr_carea' id='block_1_1' title="bbox 202 477 1036 546">
    <p class='ocr_par' dir='ltr' id='par_1_1' title="bbox 202 477 1036 546">
     <span class='ocr_line' id='line_1_1' title="bbox 202 477 1036 546; baseline 0 -12"><span class='ocrx_word' id='word_1_1' title='bbox 202 482 256 534; x_wconf 74' lang='lat'><strong>4³0</strong></span> <span class='ocrx_word' id='word_1_2' title='bbox 485 479 526 546; x_wconf 82' lang='lat' dir='ltr'><strong>De</strong></span> <span class='ocrx_word' id='word_1_3' title='bbox 543 477 696 534; x_wconf 77' lang='lat' dir='ltr'><strong>Arianisrm</strong></span> <span class='ocrx_word' id='word_1_4' title='bbox 714 494 746 534; x_wconf 88' lang='lat' dir='ltr'><strong>ac</strong></span> <span class='ocrx_word' id='word_1_5' title='bbox 763 477 796 532; x_wconf 87' lang='lat' dir='ltr'><strong>de</strong></span> <span class='ocrx_word' id='word_1_6' title='bbox 814 477 892 533; x_wconf 81' lang='lat' dir='ltr'><strong>Cone</strong></span> <span class='ocrx_word' id='word_1_7' title='bbox 910 478 1036 534; x_wconf 79' lang='lat' dir='ltr'><strong>Nicaeae.</strong></span> 
     </span>
    </p>
   </div>
   <div class='ocr_carea' id='block_1_2' title="bbox 198 621 1325 1860">
    <p class='ocr_par' dir='ltr' id='par_1_2' title="bbox 198 621 1325 1860">
     <span class='ocr_line' id='line_1_2' title="bbox 203 621 1325 707; baseline 0 -21"><span class='ocrx_word' id='word_1_8' title='bbox 203 622 302 686; x_wconf 89' lang='lat' dir='ltr'><strong>Vitus</strong></span> <span class='ocrx_word' id='word_1_9' title='bbox 329 631 362 686; x_wconf 91' lang='lat' dir='ltr'><strong>et</strong></span> <span class='ocrx_word' id='word_1_10' title='bbox 393 623 590 686; x_wconf 79' lang='lat' dir='ltr'>Vincentius</span> <span class='ocrx_word' id='word_1_11' title='bbox 619 621 678 686; x_wconf 91' lang='lat' dir='ltr'><strong>soli</strong></span> <span class='ocrx_word' id='word_1_12' title='bbox 711 622 865 707; x_wconf 87' lang='lat' dir='ltr'><strong>leguntur</strong></span> <span class='ocrx_word' id='word_1_13' title='bbox 887 621 993 686; x_wconf 86' lang='lat' dir='ltr'><strong>Roma</strong></span> <span class='ocrx_word' id='word_1_14' title='bbox 1023 624 1113 688; x_wconf 88' lang='lat' dir='ltr'><strong>missi</strong></span> <span class='ocrx_word' id='word_1_15' title='bbox 1141 625 1325 688; x_wconf 79' lang='lat' dir='ltr'><strong>Nicaeam:</strong></span> 
     </span>
     <span class='ocr_line' id='line_1_3' title="bbox 204 719 1324 806; baseline 0 -22"><span class='ocrx_word' id='word_1_16' title='bbox 204 721 261 784; x_wconf 89' lang='lat' dir='ltr'><strong>sed</strong></span> <span class='ocrx_word' id='word_1_17' title='bbox 285 719 351 784; x_wconf 90' lang='lat' dir='ltr'><strong>huc</strong></span> <span class='ocrx_word' id='word_1_18' title='bbox 374 741 394 783; x_wconf 90' lang='lat' dir='ltr'><strong>a</strong></span> <span class='ocrx_word' id='word_1_19' title='bbox 416 719 576 784; x_wconf 89' lang='lat' dir='ltr'><strong>Pontifice</strong></span> <span class='ocrx_word' id='word_1_20' title='bbox 600 721 690 783; x_wconf 91' lang='lat' dir='ltr'><strong>missi</strong></span> <span class='ocrx_word' id='word_1_21' title='bbox 715 729 792 784; x_wconf 89' lang='lat' dir='ltr'><strong>sunt</strong></span> <span class='ocrx_word' id='word_1_22' title='bbox 814 739 891 784; x_wconf 92' lang='lat' dir='ltr'><strong>cum</strong></span> <span class='ocrx_word' id='word_1_23' title='bbox 906 720 1072 804; x_wconf 88' lang='lat' dir='ltr'><strong>mandato,</strong></span> <span class='ocrx_word' id='word_1_24' title='bbox 1097 731 1134 784; x_wconf 92' lang='lat' dir='ltr'><strong>ut</strong></span> <span class='ocrx_word' id='word_1_25' title='bbox 1159 731 1324 806; x_wconf 88' lang='lat' dir='ltr'><strong>tanquam</strong></span> 
     </span>
     <span class='ocr_line' id='line_1_4' title="bbox 203 817 1324 905; baseline 0.004 -25"><span class='ocrx_word' id='word_1_26' title='bbox 203 819 292 882; x_wconf 90' lang='lat' dir='ltr'><strong>socio</strong></span> <span class='ocrx_word' id='word_1_27' title='bbox 315 817 488 901; x_wconf 78' lang='lat' dir='ltr'><strong>legationis</strong></span> <span class='ocrx_word' id='word_1_28' title='bbox 512 817 745 902; x_wconf 83' lang='lat' dir='ltr'><strong>sejungerent</strong></span> <span class='ocrx_word' id='word_1_29' title='bbox 772 817 890 900; x_wconf 88' lang='lat' dir='ltr'><strong>Hosio,</strong></span> <span class='ocrx_word' id='word_1_30' title='bbox 922 820 979 903; x_wconf 90' lang='lat' dir='ltr'><strong>qui</strong></span> <span class='ocrx_word' id='word_1_31' title='bbox 1012 827 1092 884; x_wconf 90' lang='lat' dir='ltr'><strong>tunc</strong></span> <span class='ocrx_word' id='word_1_32' title='bbox 1121 819 1212 905; x_wconf 88' lang='lat' dir='ltr'><strong>apud</strong></span> <span class='ocrx_word' id='word_1_33' title='bbox 1237 819 1324 884; x_wconf 89' lang='lat' dir='ltr'><strong>Con·</strong></span> 
     </span>
     <span class='ocr_line' id='line_1_5' title="bbox 203 915 1324 1000; baseline 0 -20"><span class='ocrx_word' id='word_1_34' title='bbox 203 918 361 980; x_wconf 89' lang='lat' dir='ltr'><strong>stantium</strong></span> <span class='ocrx_word' id='word_1_35' title='bbox 392 915 629 999; x_wconf 85' lang='lat' dir='ltr'><strong>Imperatorem</strong></span> <span class='ocrx_word' id='word_1_36' title='bbox 670 915 875 980; x_wconf 79' lang='lat' dir='ltr'><strong>versabatur.</strong></span> <span class='ocrx_word' id='word_1_37' title='bbox 931 916 1101 1000; x_wconf 90' lang='lat' dir='ltr'><strong>Secundo,</strong></span> <span class='ocrx_word' id='word_1_38' title='bbox 1143 939 1212 982; x_wconf 91' lang='lat' dir='ltr'><strong>non</strong></span> <span class='ocrx_word' id='word_1_39' title='bbox 1252 929 1324 982; x_wconf 89' lang='lat' dir='ltr'><strong>erat</strong></span> 
     </span>
     <span class='ocr_line' id='line_1_6' title="bbox 203 1011 1324 1100; baseline 0.003 -24"><span class='ocrx_word' id='word_1_40' title='bbox 203 1035 345 1094; x_wconf 88' lang='lat' dir='ltr'><strong>necesse,</strong></span> <span class='ocrx_word' id='word_1_41' title='bbox 380 1021 417 1076; x_wconf 97' lang='lat' dir='ltr'><strong>ut</strong></span> <span class='ocrx_word' id='word_1_42' title='bbox 439 1011 562 1076; x_wconf 80' lang='lat' dir='ltr'><strong>Hostus</strong></span> <span class='ocrx_word' id='word_1_43' title='bbox 585 1012 796 1078; x_wconf 88' lang='lat' dir='ltr'><strong>subscribens</strong></span> <span class='ocrx_word' id='word_1_44' title='bbox 819 1021 932 1097; x_wconf 87' lang='lat' dir='ltr'><strong>aperte</strong></span> <span class='ocrx_word' id='word_1_45' title='bbox 956 1017 1155 1099; x_wconf 83' lang='lat' dir='ltr'><strong>exprimeret</strong></span> <span class='ocrx_word' id='word_1_46' title='bbox 1186 1015 1324 1100; x_wconf 83' lang='lat' dir='ltr'><strong>legatio·</strong></span> 
     </span>
     <span class='ocr_line' id='line_1_7' title="bbox 203 1109 1324 1198; baseline 0.002 -24"><span class='ocrx_word' id='word_1_47' title='bbox 203 1133 280 1174; x_wconf 91' lang='lat' dir='ltr'><strong>nem</strong></span> <span class='ocrx_word' id='word_1_48' title='bbox 316 1109 520 1195; x_wconf 89' lang='lat' dir='ltr'><strong>pontificiam</strong></span> <span class='ocrx_word' id='word_1_49' title='bbox 559 1133 660 1196; x_wconf 91' lang='lat' dir='ltr'><strong>quam</strong></span> <span class='ocrx_word' id='word_1_50' title='bbox 696 1131 810 1176; x_wconf 88' lang='lat' dir='ltr'><strong>omnes</strong></span> <span class='ocrx_word' id='word_1_51' title='bbox 848 1120 1026 1193; x_wconf 71' lang='lat' dir='ltr'><strong>noverant,</strong></span> <span class='ocrx_word' id='word_1_52' title='bbox 1073 1122 1106 1176; x_wconf 90' lang='lat' dir='ltr'><strong>et</strong></span> <span class='ocrx_word' id='word_1_53' title='bbox 1145 1112 1212 1176; x_wconf 91' lang='lat' dir='ltr'><strong>hoc</strong></span> <span class='ocrx_word' id='word_1_54' title='bbox 1251 1115 1324 1198; x_wconf 90' lang='lat' dir='ltr'><strong>ipso</strong></span> 
     </span>
     <span class='ocr_line' id='line_1_8' title="bbox 204 1207 1325 1296; baseline 0.001 -24"><span class='ocrx_word' id='word_1_55' title='bbox 204 1209 292 1294; x_wconf 90' lang='lat' dir='ltr'><strong>quod</strong></span> <span class='ocrx_word' id='word_1_56' title='bbox 315 1209 421 1293; x_wconf 91' lang='lat' dir='ltr'><strong>primo</strong></span> <span class='ocrx_word' id='word_1_57' title='bbox 444 1207 515 1272; x_wconf 88' lang='lat' dir='ltr'><strong>loco</strong></span> <span class='ocrx_word' id='word_1_58' title='bbox 539 1217 616 1273; x_wconf 90' lang='lat' dir='ltr'><strong>ante</strong></span> <span class='ocrx_word' id='word_1_59' title='bbox 639 1229 753 1272; x_wconf 90' lang='lat' dir='ltr'><strong>omnes</strong></span> <span class='ocrx_word' id='word_1_60' title='bbox 776 1209 947 1294; x_wconf 89' lang='lat' dir='ltr'><strong>episcopos</strong></span> <span class='ocrx_word' id='word_1_61' title='bbox 971 1209 1218 1296; x_wconf 78' lang='lat' dir='ltr'><strong>subscripserit,</strong></span> <span class='ocrx_word' id='word_1_62' title='bbox 1244 1213 1325 1274; x_wconf 88' lang='lat' dir='ltr'><strong>satis</strong></span> 
     </span>
     <span class='ocr_line' id='line_1_9' title="bbox 203 1304 1324 1392; baseline 0 -22"><span class='ocrx_word' id='word_1_63' title='bbox 203 1308 343 1370; x_wconf 88' lang='lat' dir='ltr'><strong>ostencit</strong></span> <span class='ocrx_word' id='word_1_64' title='bbox 366 1327 400 1370; x_wconf 88' lang='lat' dir='ltr'><strong>sc</strong></span> <span class='ocrx_word' id='word_1_65' title='bbox 424 1305 525 1369; x_wconf 86' lang='lat' dir='ltr'><strong>fuisse</strong></span> <span class='ocrx_word' id='word_1_66' title='bbox 549 1305 760 1392; x_wconf 88' lang='lat' dir='ltr'><strong>Apostolieae</strong></span> <span class='ocrx_word' id='word_1_67' title='bbox 784 1304 879 1370; x_wconf 89' lang='lat' dir='ltr'><strong>Sedis</strong></span> <span class='ocrx_word' id='word_1_68' title='bbox 908 1305 1063 1389; x_wconf 88' lang='lat' dir='ltr'><strong>legatum.</strong></span> <span class='ocrx_word' id='word_1_69' title='bbox 1110 1308 1209 1372; x_wconf 93' lang='lat' dir='ltr'><strong>Vitus</strong></span> <span class='ocrx_word' id='word_1_70' title='bbox 1242 1329 1324 1370; x_wconf 86' lang='lat' dir='ltr'><strong>vero</strong></span> 
     </span>
     <span class='ocr_line' id='line_1_10' title="bbox 204 1404 1324 1492; baseline 0.002 -25"><span class='ocrx_word' id='word_1_71' title='bbox 204 1413 236 1468; x_wconf 90' lang='lat' dir='ltr'><strong>et</strong></span> <span class='ocrx_word' id='word_1_72' title='bbox 268 1404 463 1468; x_wconf 83' lang='lat' dir='ltr'><strong>Vincentius</strong></span> <span class='ocrx_word' id='word_1_73' title='bbox 492 1425 568 1468; x_wconf 89' lang='lat' dir='ltr'><strong>eum</strong></span> <span class='ocrx_word' id='word_1_74' title='bbox 600 1426 668 1468; x_wconf 92' lang='lat' dir='ltr'><strong>non</strong></span> <span class='ocrx_word' id='word_1_75' title='bbox 697 1413 806 1468; x_wconf 89' lang='lat' dir='ltr'><strong>essent</strong></span> <span class='ocrx_word' id='word_1_76' title='bbox 834 1404 979 1488; x_wconf 90' lang='lat' dir='ltr'><strong>episcopi</strong></span> <span class='ocrx_word' id='word_1_77' title='bbox 1013 1405 1162 1492; x_wconf 88' lang='lat' dir='ltr'><strong>adeoque</strong></span> <span class='ocrx_word' id='word_1_78' title='bbox 1194 1427 1258 1492; x_wconf 90' lang='lat' dir='ltr'><strong>per</strong></span> <span class='ocrx_word' id='word_1_79' title='bbox 1291 1427 1324 1468; x_wconf 89' lang='lat' dir='ltr'><strong>se</strong></span> 
     </span>
     <span class='ocr_line' id='line_1_11' title="bbox 198 1501 1322 1586; baseline -0.001 -21"><span class='ocrx_word' id='word_1_80' title='bbox 198 1502 275 1586; x_wconf 88' lang='lat' dir='ltr'><strong>jure</strong></span> <span class='ocrx_word' id='word_1_81' title='bbox 299 1502 447 1584; x_wconf 85' lang='lat' dir='ltr'><strong>suffragii</strong></span> <span class='ocrx_word' id='word_1_82' title='bbox 480 1523 546 1565; x_wconf 93' lang='lat' dir='ltr'><strong>non</strong></span> <span class='ocrx_word' id='word_1_83' title='bbox 578 1501 777 1585; x_wconf 85' lang='lat' dir='ltr'><strong>gauderent,</strong></span> <span class='ocrx_word' id='word_1_84' title='bbox 811 1521 979 1586; x_wconf 90' lang='lat' dir='ltr'><strong>quumque</strong></span> <span class='ocrx_word' id='word_1_85' title='bbox 1011 1523 1126 1567; x_wconf 87' lang='lat' dir='ltr'><strong>recens</strong></span> <span class='ocrx_word' id='word_1_86' title='bbox 1158 1525 1201 1566; x_wconf 83' lang='lat' dir='ltr'><strong>ex</strong></span> <span class='ocrx_word' id='word_1_87' title='bbox 1227 1502 1322 1567; x_wconf 89' lang='lat' dir='ltr'><strong>Occi·</strong></span> 
     </span>
     <span class='ocr_line' id='line_1_12' title="bbox 204 1598 1324 1684; baseline 0 -22"><span class='ocrx_word' id='word_1_88' title='bbox 204 1599 302 1663; x_wconf 92' lang='lat' dir='ltr'><strong>dente</strong></span> <span class='ocrx_word' id='word_1_89' title='bbox 325 1598 483 1662; x_wconf 80' lang='lat' dir='ltr'><strong>Nicaeam</strong></span> <span class='ocrx_word' id='word_1_90' title='bbox 506 1598 719 1684; x_wconf 83' lang='lat' dir='ltr'><strong>appulissent,</strong></span> <span class='ocrx_word' id='word_1_91' title='bbox 744 1619 865 1662; x_wconf 90' lang='lat' dir='ltr'><strong>munus</strong></span> <span class='ocrx_word' id='word_1_92' title='bbox 888 1619 984 1662; x_wconf 88' lang='lat' dir='ltr'><strong>suum</strong></span> <span class='ocrx_word' id='word_1_93' title='bbox 1007 1599 1248 1665; x_wconf 86' lang='lat' dir='ltr'><strong>subscribendo</strong></span> <span class='ocrx_word' id='word_1_94' title='bbox 1269 1621 1324 1663; x_wconf 85' lang='lat' dir='ltr'><strong>ex·</strong></span> 
     </span>
     <span class='ocr_line' id='line_1_13' title="bbox 204 1695 1321 1783; baseline 0 -23"><span class='ocrx_word' id='word_1_95' title='bbox 204 1703 407 1782; x_wconf 87' lang='lat' dir='ltr'><strong>presserunt,</strong></span> <span class='ocrx_word' id='word_1_96' title='bbox 440 1717 481 1759; x_wconf 92' lang='lat' dir='ltr'><strong>ne</strong></span> <span class='ocrx_word' id='word_1_97' title='bbox 512 1698 586 1782; x_wconf 90' lang='lat' dir='ltr'><strong>quis</strong></span> <span class='ocrx_word' id='word_1_98' title='bbox 614 1718 670 1760; x_wconf 90' lang='lat' dir='ltr'><strong>eos</strong></span> <span class='ocrx_word' id='word_1_99' title='bbox 699 1705 776 1762; x_wconf 90' lang='lat' dir='ltr'><strong>ante</strong></span> <span class='ocrx_word' id='word_1_100' title='bbox 808 1695 980 1780; x_wconf 90' lang='lat' dir='ltr'><strong>episcopos</strong></span> <span class='ocrx_word' id='word_1_101' title='bbox 1003 1698 1238 1783; x_wconf 84' lang='lat' dir='ltr'><strong>subscripsisse</strong></span> <span class='ocrx_word' id='word_1_102' title='bbox 1263 1699 1321 1760; x_wconf 93' lang='lat' dir='ltr'><strong>mi·</strong></span> 
     </span>
     <span class='ocr_line' id='line_1_14' title="bbox 203 1805 339 1860; baseline -0.007 0"><span class='ocrx_word' id='word_1_103' title='bbox 203 1805 339 1860; x_wconf 87' lang='lat' dir='ltr'><strong>raretur.</strong></span> 
     </span>
    </p>
   </div>
   <div class='ocr_carea' id='block_1_3' title="bbox 203 1907 1324 2878">
    <p class='ocr_par' dir='ltr' id='par_1_3' title="bbox 203 1907 1324 2878">
     <span class='ocr_line' id='line_1_15' title="bbox 292 1907 1324 1996; baseline 0.001 -22"><span class='ocrx_word' id='word_1_104' title='bbox 292 1911 345 1975; x_wconf 82' lang='lat'><strong>92.</strong></span> <span class='ocrx_word' id='word_1_105' title='bbox 370 1908 424 1972; x_wconf 87' lang='lat' dir='ltr'><strong>Ad</strong></span> <span class='ocrx_word' id='word_1_106' title='bbox 448 1907 531 1971; x_wconf 86' lang='lat' dir='ltr'><strong>Aeto</strong></span> <span class='ocrx_word' id='word_1_107' title='bbox 554 1907 694 1972; x_wconf 91' lang='lat' dir='ltr'><strong>Concilii</strong></span> <span class='ocrx_word' id='word_1_108' title='bbox 715 1909 874 1972; x_wconf 87' lang='lat' dir='ltr'><strong>Nicaeani</strong></span> <span class='ocrx_word' id='word_1_109' title='bbox 890 1909 980 1996; x_wconf 93' lang='lat' dir='ltr'><strong>quod</strong></span> <span class='ocrx_word' id='word_1_110' title='bbox 994 1919 1129 1995; x_wconf 84' lang='lat' dir='ltr'><strong>spectat,</strong></span> <span class='ocrx_word' id='word_1_111' title='bbox 1152 1909 1324 1975; x_wconf 85' lang='lat' dir='ltr'><strong>Eusebius</strong></span> 
     </span>
     <span class='ocr_line' id='line_1_16' title="bbox 203 2005 1322 2088; baseline -0.002 -16"><span class='ocrx_word' id='word_1_112' title='bbox 203 2011 253 2072; x_wconf 87' lang='lat' dir='ltr'><strong>Do</strong></span> <span class='ocrx_word' id='word_1_113' title='bbox 283 2009 357 2072; x_wconf 82' lang='lat' dir='ltr'><strong>Vitn</strong></span> <span class='ocrx_word' id='word_1_114' title='bbox 383 2005 586 2070; x_wconf 77' lang='lat' dir='ltr'><strong>Constantini</strong></span> <span class='ocrx_word' id='word_1_115' title='bbox 608 2005 647 2071; x_wconf 87' lang='lat' dir='ltr'><strong>L.</strong></span> <span class='ocrx_word' id='word_1_116' title='bbox 671 2005 732 2071; x_wconf 90' lang='lat' dir='ltr'><strong>HI.</strong></span> <span class='ocrx_word' id='word_1_117' title='bbox 758 2007 995 2088; x_wconf 81' lang='lat' dir='ltr'><strong>c.14indicat,</strong></span> <span class='ocrx_word' id='word_1_118' title='bbox 1020 2017 1202 2071; x_wconf 84' lang='lat' dir='ltr'><strong>eatantum</strong></span> <span class='ocrx_word' id='word_1_119' title='bbox 1217 2008 1322 2072; x_wconf 85' lang='lat' dir='ltr'><strong>fuisse</strong></span> 
     </span>
     <span class='ocr_line' id='line_1_17' title="bbox 203 2104 1321 2193; baseline 0 -23"><span class='ocrx_word' id='word_1_120' title='bbox 203 2131 223 2170; x_wconf 87' lang='lat' dir='ltr'><strong>a</strong></span> <span class='ocrx_word' id='word_1_121' title='bbox 245 2107 352 2170; x_wconf 87' lang='lat' dir='ltr'><strong>Patris</strong></span> <span class='ocrx_word' id='word_1_122' title='bbox 376 2105 552 2168; x_wconf 87' lang='lat' dir='ltr'><strong>Nicaennis</strong></span> <span class='ocrx_word' id='word_1_123' title='bbox 585 2106 770 2190; x_wconf 84' lang='lat' dir='ltr'><strong>conscripta</strong></span> <span class='ocrx_word' id='word_1_124' title='bbox 800 2113 832 2168; x_wconf 88' lang='lat' dir='ltr'><strong>et</strong></span> <span class='ocrx_word' id='word_1_125' title='bbox 863 2104 905 2169; x_wconf 90' lang='lat' dir='ltr'><strong>ab</strong></span> <span class='ocrx_word' id='word_1_126' title='bbox 939 2105 1093 2170; x_wconf 84' lang='lat' dir='ltr'><strong>omnibus</strong></span> <span class='ocrx_word' id='word_1_127' title='bbox 1121 2105 1321 2193; x_wconf 86' lang='lat' dir='ltr'><strong>subscripta,</strong></span> 
     </span>
     <span class='ocr_line' id='line_1_18' title="bbox 204 2201 1322 2290; baseline 0 -22"><span class='ocrx_word' id='word_1_128' title='bbox 204 2205 245 2268; x_wconf 92' lang='lat' dir='ltr'><strong>de</strong></span> <span class='ocrx_word' id='word_1_129' title='bbox 269 2204 389 2290; x_wconf 89' lang='lat' dir='ltr'><strong>quibus</strong></span> <span class='ocrx_word' id='word_1_130' title='bbox 413 2203 578 2266; x_wconf 89' lang='lat' dir='ltr'><strong>communi</strong></span> <span class='ocrx_word' id='word_1_131' title='bbox 604 2201 740 2266; x_wconf 90' lang='lat' dir='ltr'><strong>consilio</strong></span> <span class='ocrx_word' id='word_1_132' title='bbox 766 2213 975 2268; x_wconf 89' lang='lat' dir='ltr'><strong>convenerat.</strong></span> <span class='ocrx_word' id='word_1_133' title='bbox 1012 2203 1073 2282; x_wconf 84' lang='lat' dir='ltr'><strong>Eo,</strong></span> <span class='ocrx_word' id='word_1_134' title='bbox 1097 2205 1215 2290; x_wconf 86' lang='lat' dir='ltr'><strong>inquit,</strong></span> <span class='ocrx_word' id='word_1_135' title='bbox 1241 2227 1322 2290; x_wconf 78' lang='lat' dir='ltr'><strong>quat</strong></span> 
     </span>
     <span class='ocr_line' id='line_1_19' title="bbox 204 2299 1322 2388; baseline 0.002 -24"><span class='ocrx_word' id='word_1_136' title='bbox 204 2305 239 2365; x_wconf 84' lang='lat' dir='ltr'><strong>in</strong></span> <span class='ocrx_word' id='word_1_137' title='bbox 261 2302 413 2364; x_wconf 79' lang='lat' dir='ltr'><strong>conmuni</strong></span> <span class='ocrx_word' id='word_1_138' title='bbox 430 2299 622 2388; x_wconf 81' lang='lat' dir='ltr'><strong>placuerant</strong></span> <span class='ocrx_word' id='word_1_139' title='bbox 645 2301 772 2386; x_wconf 85' lang='lat' dir='ltr'><strong>seriptis</strong></span> <span class='ocrx_word' id='word_1_140' title='bbox 793 2301 958 2380; x_wconf 84' lang='lat' dir='ltr'><strong>mandata,</strong></span> <span class='ocrx_word' id='word_1_141' title='bbox 983 2311 1012 2365; x_wconf 87' lang='lat' dir='ltr'><strong>et</strong></span> <span class='ocrx_word' id='word_1_142' title='bbox 1035 2301 1230 2388; x_wconf 77' lang='lat' dir='ltr'><strong>ainpulcrnm</strong></span> <span class='ocrx_word' id='word_1_143' title='bbox 1254 2301 1322 2366; x_wconf 75' lang='lat' dir='ltr'><strong>nrb-</strong></span> 
     </span>
     <span class='ocr_line' id='line_1_20' title="bbox 205 2396 1323 2484; baseline 0.003 -23"><span class='ocrx_word' id='word_1_144' title='bbox 205 2402 373 2484; x_wconf 81' lang='lat' dir='ltr'><strong>scriptionc</strong></span> <span class='ocrx_word' id='word_1_145' title='bbox 409 2397 560 2461; x_wconf 81' lang='lat' dir='ltr'><strong>roborato</strong></span> <span class='ocrx_word' id='word_1_146' title='bbox 597 2407 677 2461; x_wconf 76' lang='lat' dir='ltr'><strong>sont.</strong></span> <span class='ocrx_word' id='word_1_147' title='bbox 726 2396 902 2462; x_wconf 82' lang='lat' dir='ltr'><strong>Communi</strong></span> <span class='ocrx_word' id='word_1_148' title='bbox 937 2409 1047 2462; x_wconf 85' lang='lat' dir='ltr'><strong>autem</strong></span> <span class='ocrx_word' id='word_1_149' title='bbox 1078 2399 1214 2463; x_wconf 89' lang='lat' dir='ltr'><strong>consilio</strong></span> <span class='ocrx_word' id='word_1_150' title='bbox 1249 2421 1323 2464; x_wconf 89' lang='lat' dir='ltr'><strong>con-</strong></span> 
     </span>
     <span class='ocr_line' id='line_1_21' title="bbox 205 2493 1321 2582; baseline 0.001 -23"><span class='ocrx_word' id='word_1_151' title='bbox 205 2507 341 2560; x_wconf 87' lang='lat' dir='ltr'><strong>venerat</strong></span> <span class='ocrx_word' id='word_1_152' title='bbox 371 2497 412 2560; x_wconf 90' lang='lat' dir='ltr'><strong>de</strong></span> <span class='ocrx_word' id='word_1_153' title='bbox 436 2495 609 2580; x_wconf 85' lang='lat' dir='ltr'><strong>Symbolo,</strong></span> <span class='ocrx_word' id='word_1_154' title='bbox 640 2495 682 2560; x_wconf 90' lang='lat' dir='ltr'><strong>de</strong></span> <span class='ocrx_word' id='word_1_155' title='bbox 706 2493 898 2560; x_wconf 89' lang='lat' dir='ltr'><strong>Canonibus</strong></span> <span class='ocrx_word' id='word_1_156' title='bbox 927 2504 960 2559; x_wconf 91' lang='lat' dir='ltr'><strong>et</strong></span> <span class='ocrx_word' id='word_1_157' title='bbox 993 2495 1034 2560; x_wconf 91' lang='lat' dir='ltr'><strong>de</strong></span> <span class='ocrx_word' id='word_1_158' title='bbox 1063 2495 1201 2581; x_wconf 77' lang='lat' dir='ltr'><strong>epistola</strong></span> <span class='ocrx_word' id='word_1_159' title='bbox 1225 2519 1321 2582; x_wconf 84' lang='lat' dir='ltr'><strong>syno-</strong></span> 
     </span>
     <span class='ocr_line' id='line_1_22' title="bbox 205 2591 1322 2672; baseline 0 -14"><span class='ocrx_word' id='word_1_160' title='bbox 205 2595 290 2659; x_wconf 87' lang='lat' dir='ltr'><strong>dica.</strong></span> <span class='ocrx_word' id='word_1_161' title='bbox 336 2593 387 2658; x_wconf 89' lang='lat' dir='ltr'><strong>Ae</strong></span> <span class='ocrx_word' id='word_1_162' title='bbox 411 2595 545 2657; x_wconf 87' lang='lat' dir='ltr'><strong>merito:</strong></span> <span class='ocrx_word' id='word_1_163' title='bbox 576 2593 756 2672; x_wconf 84' lang='lat' dir='ltr'><strong>Follnntnr,</strong></span> <span class='ocrx_word' id='word_1_164' title='bbox 780 2593 827 2656; x_wconf 89' lang='lat' dir='ltr'><strong>ait</strong></span> <span class='ocrx_word' id='word_1_165' title='bbox 849 2591 1001 2658; x_wconf 88' lang='lat' dir='ltr'><strong>Valesius</strong></span> <span class='ocrx_word' id='word_1_166' title='bbox 1025 2595 1059 2658; x_wconf 90' lang='lat' dir='ltr'><strong>in</strong></span> <span class='ocrx_word' id='word_1_167' title='bbox 1090 2593 1179 2658; x_wconf 87' lang='lat' dir='ltr'><strong>hune</strong></span> <span class='ocrx_word' id='word_1_168' title='bbox 1209 2594 1322 2659; x_wconf 91' lang='lat' dir='ltr'><strong>locum</strong></span> 
     </span>
     <span class='ocr_line' id='line_1_23' title="bbox 203 2691 1323 2780; baseline 0 -23"><span class='ocrx_word' id='word_1_169' title='bbox 203 2692 358 2775; x_wconf 81' lang='lat' dir='ltr'><strong>Eusebii,</strong></span> <span class='ocrx_word' id='word_1_170' title='bbox 391 2695 445 2778; x_wconf 81' lang='lat' dir='ltr'><strong>qni</strong></span> <span class='ocrx_word' id='word_1_171' title='bbox 474 2701 606 2778; x_wconf 86' lang='lat' dir='ltr'><strong>praeter</strong></span> <span class='ocrx_word' id='word_1_172' title='bbox 634 2693 699 2754; x_wconf 82' lang='lat' dir='ltr'><strong>ista</strong></span> <span class='ocrx_word' id='word_1_173' title='bbox 737 2693 801 2754; x_wconf 76' lang='lat' dir='ltr'><strong>tria</strong></span> <span class='ocrx_word' id='word_1_174' title='bbox 823 2701 940 2777; x_wconf 83' lang='lat' dir='ltr'><strong>patant</strong></span> <span class='ocrx_word' id='word_1_175' title='bbox 970 2693 1067 2755; x_wconf 86' lang='lat' dir='ltr'><strong>ctiam</strong></span> <span class='ocrx_word' id='word_1_176' title='bbox 1089 2691 1173 2754; x_wconf 80' lang='lat' dir='ltr'><strong>Acta</strong></span> <span class='ocrx_word' id='word_1_177' title='bbox 1198 2691 1323 2780; x_wconf 74' lang='lat' dir='ltr'><strong>Synodi</strong></span> 
     </span>
     <span class='ocr_line' id='line_1_24' title="bbox 204 2787 1319 2878; baseline 0 -23"><span class='ocrx_word' id='word_1_178' title='bbox 204 2793 331 2878; x_wconf 69' lang='lat' dir='ltr'><strong>seriptis</strong></span> <span class='ocrx_word' id='word_1_179' title='bbox 354 2815 418 2854; x_wconf 84' lang='lat' dir='ltr'><strong>esse</strong></span> <span class='ocrx_word' id='word_1_180' title='bbox 441 2789 604 2853; x_wconf 80' lang='lat' dir='ltr'><strong>mandato.</strong></span> <span class='ocrx_word' id='word_1_181' title='bbox 651 2789 727 2853; x_wconf 87' lang='lat' dir='ltr'><strong>Non</strong></span> <span class='ocrx_word' id='word_1_182' title='bbox 759 2787 936 2853; x_wconf 88' lang='lat' dir='ltr'><strong>defuerunt</strong></span> <span class='ocrx_word' id='word_1_183' title='bbox 967 2787 1122 2853; x_wconf 85' lang='lat' dir='ltr'><strong>videlicet</strong></span> <span class='ocrx_word' id='word_1_184' title='bbox 1155 2801 1319 2868; x_wconf 85' lang='lat' dir='ltr'><strong>auctores,</strong></span> 
     </span>
    </p>
   </div>
   <div class='ocr_carea' id='block_1_4' title="bbox 203 2885 1394 3268">
    <p class='ocr_par' dir='ltr' id='par_1_4' title="bbox 203 2885 1394 3268">
     <span class='ocr_line' id='line_1_25' title="bbox 204 2885 1322 2976; baseline 0 -24"><span class='ocrx_word' id='word_1_185' title='bbox 204 2891 260 2976; x_wconf 94' lang='lat' dir='ltr'><strong>qui</strong></span> <span class='ocrx_word' id='word_1_186' title='bbox 291 2911 366 2954; x_wconf 90' lang='lat' dir='ltr'><strong>cum</strong></span> <span class='ocrx_word' id='word_1_187' title='bbox 397 2887 539 2952; x_wconf 89' lang='lat' dir='ltr'><strong>Baronio</strong></span> <span class='ocrx_word' id='word_1_188' title='bbox 571 2885 628 2974; x_wconf 85' lang='lat' dir='ltr'><strong>(ad</strong></span> <span class='ocrx_word' id='word_1_189' title='bbox 657 2909 686 2951; x_wconf 89' lang='lat' dir='ltr'><strong>a.</strong></span> <span class='ocrx_word' id='word_1_190' title='bbox 718 2885 783 2950; x_wconf 79' lang='lat'><strong>325</strong></span> <span class='ocrx_word' id='word_1_191' title='bbox 813 2908 845 2951; x_wconf 91' lang='lat' dir='ltr'><strong>n.</strong></span> <span class='ocrx_word' id='word_1_192' title='bbox 871 2885 927 2974; x_wconf 82' lang='lat'><strong>62)</strong></span> <span class='ocrx_word' id='word_1_193' title='bbox 961 2887 1200 2970; x_wconf 84' lang='lat' dir='ltr'><strong>existimarint,</strong></span> <span class='ocrx_word' id='word_1_194' title='bbox 1235 2887 1322 2952; x_wconf 83' lang='lat' dir='ltr'><strong>Aeta</strong></span> 
     </span>
     <span class='ocr_line' id='line_1_26' title="bbox 203 2983 1394 3070; baseline 0.001 -21"><span class='ocrx_word' id='word_1_195' title='bbox 203 2987 355 3051; x_wconf 89' lang='lat' dir='ltr'><strong>uberiora</strong></span> <span class='ocrx_word' id='word_1_196' title='bbox 384 2988 419 3049; x_wconf 94' lang='lat' dir='ltr'><strong>in</strong></span> <span class='ocrx_word' id='word_1_197' title='bbox 451 2987 522 3070; x_wconf 90' lang='lat' dir='ltr'><strong>ipso</strong></span> <span class='ocrx_word' id='word_1_198' title='bbox 554 2983 702 3048; x_wconf 86' lang='lat' dir='ltr'><strong>Concilio</strong></span> <span class='ocrx_word' id='word_1_199' title='bbox 735 3007 755 3048; x_wconf 91' lang='lat' dir='ltr'><strong>a</strong></span> <span class='ocrx_word' id='word_1_200' title='bbox 787 2985 923 3048; x_wconf 89' lang='lat' dir='ltr'><strong>notariis</strong></span> <span class='ocrx_word' id='word_1_201' title='bbox 953 3007 1024 3048; x_wconf 89' lang='lat' dir='ltr'><strong>esse</strong></span> <span class='ocrx_word' id='word_1_202' title='bbox 1052 2985 1223 3069; x_wconf 79' lang='lat' dir='ltr'><strong>confecta3</strong></span> <span class='ocrx_word' id='word_1_203' title='bbox 1264 2985 1320 3050; x_wconf 87' lang='lat' dir='ltr'><strong>sed</strong></span> <span class='ocrx_word' id='word_1_204' title='bbox 1393 2999 1394 3026; x_wconf 64' lang='lat'>¹</span> 
     </span>
     <span class='ocr_line' id='line_1_27' title="bbox 203 3081 1320 3170; baseline 0.001 -22"><span class='ocrx_word' id='word_1_205' title='bbox 203 3093 311 3149; x_wconf 88' lang='lat' dir='ltr'><strong>nostro</strong></span> <span class='ocrx_word' id='word_1_206' title='bbox 335 3095 481 3168; x_wconf 88' lang='lat' dir='ltr'><strong>tempore</strong></span> <span class='ocrx_word' id='word_1_207' title='bbox 505 3083 592 3147; x_wconf 88' lang='lat' dir='ltr'><strong>inter</strong></span> <span class='ocrx_word' id='word_1_208' title='bbox 613 3081 757 3147; x_wconf 89' lang='lat' dir='ltr'><strong>eruditos</strong></span> <span class='ocrx_word' id='word_1_209' title='bbox 780 3081 934 3148; x_wconf 90' lang='lat' dir='ltr'><strong>omnibus</strong></span> <span class='ocrx_word' id='word_1_210' title='bbox 956 3083 1018 3146; x_wconf 89' lang='lat' dir='ltr'><strong>rite</strong></span> <span class='ocrx_word' id='word_1_211' title='bbox 1041 3085 1214 3170; x_wconf 90' lang='lat' dir='ltr'><strong>perpensis</strong></span> <span class='ocrx_word' id='word_1_212' title='bbox 1247 3107 1320 3149; x_wconf 92' lang='lat' dir='ltr'><strong>eon·</strong></span> 
     </span>
     <span class='ocr_line' id='line_1_28' title="bbox 203 3179 810 3268; baseline -0.003 -22"><span class='ocrx_word' id='word_1_213' title='bbox 203 3191 275 3266; x_wconf 86' lang='lat' dir='ltr'><strong>stat,</strong></span> <span class='ocrx_word' id='word_1_214' title='bbox 299 3205 369 3246; x_wconf 92' lang='lat' dir='ltr'><strong>rem</strong></span> <span class='ocrx_word' id='word_1_215' title='bbox 394 3184 440 3246; x_wconf 89' lang='lat' dir='ltr'><strong>ita</strong></span> <span class='ocrx_word' id='word_1_216' title='bbox 462 3179 553 3244; x_wconf 86' lang='lat' dir='ltr'><strong>haud</strong></span> <span class='ocrx_word' id='word_1_217' title='bbox 576 3203 610 3245; x_wconf 89' lang='lat' dir='ltr'><strong>se</strong></span> <span class='ocrx_word' id='word_1_218' title='bbox 634 3180 766 3245; x_wconf 87' lang='lat' dir='ltr'><strong>habere.</strong></span> <span class='ocrx_word' id='word_1_219' title='bbox 783 3179 810 3268; x_wconf 86' lang='lat'><strong>¹)</strong></span> 
     </span>
    </p>
   </div>
   <div class='ocr_carea' id='block_1_5' title="bbox 201 3501 1393 4073">
    <p class='ocr_par' dir='ltr' id='par_1_5' title="bbox 201 3501 1393 4073">
     <span class='ocr_line' id='line_1_29' title="bbox 203 3501 1318 3590; baseline -0.002 -22"><span class='ocrx_word' id='word_1_220' title='bbox 203 3515 288 3584; x_wconf 90' lang='lat' dir='ltr'><strong>sunt,</strong></span> <span class='ocrx_word' id='word_1_221' title='bbox 313 3503 370 3568; x_wconf 91' lang='lat' dir='ltr'><strong>sed</strong></span> <span class='ocrx_word' id='word_1_222' title='bbox 393 3501 594 3590; x_wconf 82' lang='lat' dir='ltr'><strong>amplificata</strong></span> <span class='ocrx_word' id='word_1_223' title='bbox 617 3501 699 3566; x_wconf 85' lang='lat' dir='ltr'><strong>baec</strong></span> <span class='ocrx_word' id='word_1_224' title='bbox 732 3524 801 3566; x_wconf 89' lang='lat' dir='ltr'><strong>esse</strong></span> <span class='ocrx_word' id='word_1_225' title='bbox 834 3524 941 3588; x_wconf 91' lang='lat' dir='ltr'><strong>neque</strong></span> <span class='ocrx_word' id='word_1_226' title='bbox 973 3503 1016 3568; x_wconf 89' lang='lat' dir='ltr'><strong>ad</strong></span> <span class='ocrx_word' id='word_1_227' title='bbox 1046 3503 1205 3567; x_wconf 87' lang='lat' dir='ltr'><strong>amussim</strong></span> <span class='ocrx_word' id='word_1_228' title='bbox 1238 3501 1318 3566; x_wconf 87' lang='lat' dir='ltr'><strong>cele·</strong></span> 
     </span>
     <span class='ocr_line' id='line_1_30' title="bbox 202 3599 1316 3682; baseline -0.004 -15"><span class='ocrx_word' id='word_1_229' title='bbox 202 3603 385 3668; x_wconf 86' lang='lat' dir='ltr'><strong>brationem</strong></span> <span class='ocrx_word' id='word_1_230' title='bbox 410 3599 550 3665; x_wconf 92' lang='lat' dir='ltr'><strong>Concilii</strong></span> <span class='ocrx_word' id='word_1_231' title='bbox 575 3602 752 3682; x_wconf 89' lang='lat' dir='ltr'><strong>continere,</strong></span> <span class='ocrx_word' id='word_1_232' title='bbox 776 3599 867 3664; x_wconf 90' lang='lat' dir='ltr'><strong>haud</strong></span> <span class='ocrx_word' id='word_1_233' title='bbox 891 3599 1030 3664; x_wconf 90' lang='lat' dir='ltr'><strong>dubium</strong></span> <span class='ocrx_word' id='word_1_234' title='bbox 1053 3609 1112 3666; x_wconf 87' lang='lat' dir='ltr'><strong>est.</strong></span> <span class='ocrx_word' id='word_1_235' title='bbox 1147 3599 1316 3664; x_wconf 88' lang='lat' dir='ltr'><strong>Immerito</strong></span> 
     </span>
     <span class='ocr_line' id='line_1_31' title="bbox 202 3697 1315 3784; baseline -0.003 -21"><span class='ocrx_word' id='word_1_236' title='bbox 202 3711 313 3764; x_wconf 91' lang='lat' dir='ltr'><strong>tamen</strong></span> <span class='ocrx_word' id='word_1_237' title='bbox 336 3698 487 3764; x_wconf 85' lang='lat' dir='ltr'><strong>Gelasins</strong></span> <span class='ocrx_word' id='word_1_238' title='bbox 511 3699 670 3784; x_wconf 87' lang='lat' dir='ltr'><strong>carpitur,</strong></span> <span class='ocrx_word' id='word_1_239' title='bbox 703 3721 743 3762; x_wconf 90' lang='lat' dir='ltr'><strong>ac</strong></span> <span class='ocrx_word' id='word_1_240' title='bbox 775 3699 801 3762; x_wconf 90' lang='lat' dir='ltr'><strong>si</strong></span> <span class='ocrx_word' id='word_1_241' title='bbox 826 3698 912 3762; x_wconf 84' lang='lat' dir='ltr'><strong>Acta</strong></span> <span class='ocrx_word' id='word_1_242' title='bbox 935 3698 1067 3784; x_wconf 88' lang='lat' dir='ltr'><strong>proprie</strong></span> <span class='ocrx_word' id='word_1_243' title='bbox 1098 3697 1187 3762; x_wconf 87' lang='lat' dir='ltr'><strong>dicta</strong></span> <span class='ocrx_word' id='word_1_244' title='bbox 1220 3707 1254 3760; x_wconf 89' lang='lat' dir='ltr'><strong>et</strong></span> <span class='ocrx_word' id='word_1_245' title='bbox 1284 3698 1315 3760; x_wconf 90' lang='lat' dir='ltr'><strong>in</strong></span> 
     </span>
     <span class='ocr_line' id='line_1_32' title="bbox 203 3794 1393 3882; baseline -0.002 -22"><span class='ocrx_word' id='word_1_246' title='bbox 203 3795 350 3860; x_wconf 84' lang='lat' dir='ltr'><strong>Concilio</strong></span> <span class='ocrx_word' id='word_1_247' title='bbox 375 3797 561 3882; x_wconf 88' lang='lat' dir='ltr'><strong>conscripta</strong></span> <span class='ocrx_word' id='word_1_248' title='bbox 576 3816 672 3880; x_wconf 93' lang='lat' dir='ltr'><strong>opere</strong></span> <span class='ocrx_word' id='word_1_249' title='bbox 688 3817 745 3859; x_wconf 88' lang='lat' dir='ltr'><strong>suo</strong></span> <span class='ocrx_word' id='word_1_250' title='bbox 761 3794 918 3860; x_wconf 83' lang='lat' dir='ltr'><strong>exhibere</strong></span> <span class='ocrx_word' id='word_1_251' title='bbox 933 3795 1089 3878; x_wconf 76' lang='lat' dir='ltr'><strong>voluerit3</strong></span> <span class='ocrx_word' id='word_1_252' title='bbox 1113 3794 1215 3860; x_wconf 82' lang='lat' dir='ltr'><strong>talem</strong></span> <span class='ocrx_word' id='word_1_253' title='bbox 1229 3797 1314 3860; x_wconf 89' lang='lat' dir='ltr'><strong>enim</strong></span> <span class='ocrx_word' id='word_1_254' title='bbox 1392 3829 1393 3878; x_wconf 67' lang='lat'>3</span> 
     </span>
     <span class='ocr_line' id='line_1_33' title="bbox 201 3889 1393 3981; baseline -0.002 -23"><span class='ocrx_word' id='word_1_255' title='bbox 201 3897 273 3981; x_wconf 87' lang='lat' dir='ltr'><strong>ejus</strong></span> <span class='ocrx_word' id='word_1_256' title='bbox 296 3906 439 3960; x_wconf 86' lang='lat' dir='ltr'><strong>mentem</strong></span> <span class='ocrx_word' id='word_1_257' title='bbox 464 3916 530 3958; x_wconf 92' lang='lat' dir='ltr'><strong>non</strong></span> <span class='ocrx_word' id='word_1_258' title='bbox 553 3893 665 3976; x_wconf 88' lang='lat' dir='ltr'><strong>fuisse,</strong></span> <span class='ocrx_word' id='word_1_259' title='bbox 689 3916 731 3956; x_wconf 85' lang='lat' dir='ltr'><strong>ex</strong></span> <span class='ocrx_word' id='word_1_260' title='bbox 754 3894 857 3978; x_wconf 87' lang='lat' dir='ltr'><strong>ipsius</strong></span> <span class='ocrx_word' id='word_1_261' title='bbox 880 3893 1015 3958; x_wconf 87' lang='lat' dir='ltr'><strong>exordio</strong></span> <span class='ocrx_word' id='word_1_262' title='bbox 1040 3895 1120 3958; x_wconf 89' lang='lat' dir='ltr'><strong>satis</strong></span> <span class='ocrx_word' id='word_1_263' title='bbox 1143 3893 1314 3978; x_wconf 84' lang='lat' dir='ltr'><strong>colligitur.</strong></span> <span class='ocrx_word' id='word_1_264' title='bbox 1392 3889 1393 3906; x_wconf 55' lang='lat'>³</span> 
     </span>
     <span class='ocr_line' id='line_1_34' title="bbox 201 3991 1315 4073; baseline -0.003 -16"><span class='ocrx_word' id='word_1_265' title='bbox 201 3993 334 4057; x_wconf 87' lang='lat' dir='ltr'><strong>Etenim</strong></span> <span class='ocrx_word' id='word_1_266' title='bbox 358 4001 486 4057; x_wconf 86' lang='lat' dir='ltr'><strong>tantum</strong></span> <span class='ocrx_word' id='word_1_267' title='bbox 510 3992 635 4073; x_wconf 85' lang='lat' dir='ltr'><strong>asserit,</strong></span> <span class='ocrx_word' id='word_1_268' title='bbox 660 3993 695 4054; x_wconf 92' lang='lat' dir='ltr'><strong>in</strong></span> <span class='ocrx_word' id='word_1_269' title='bbox 719 3993 820 4055; x_wconf 90' lang='lat' dir='ltr'><strong>variis</strong></span> <span class='ocrx_word' id='word_1_270' title='bbox 843 3991 1049 4056; x_wconf 90' lang='lat' dir='ltr'><strong>documentis</strong></span> <span class='ocrx_word' id='word_1_271' title='bbox 1073 3993 1213 4056; x_wconf 88' lang='lat' dir='ltr'><strong>vetustis</strong></span> <span class='ocrx_word' id='word_1_272' title='bbox 1231 4015 1264 4056; x_wconf 89' lang='lat' dir='ltr'><strong>se</strong></span> <span class='ocrx_word' id='word_1_273' title='bbox 1278 4013 1315 4054; x_wconf 89' lang='lat' dir='ltr'><strong>ea</strong></span> 
     </span>
    </p>
   </div>
   <div class='ocr_carea' id='block_1_6' title="bbox 275 4239 786 4311">
    <p class='ocr_par' dir='ltr' id='par_1_6' title="bbox 275 4239 786 4311">
     <span class='ocr_line' id='line_1_35' title="bbox 275 4239 786 4311; baseline -0.002 -17"><span class='ocrx_word' id='word_1_274' title='bbox 275 4241 299 4310; x_wconf 88' lang='lat'><strong>¹)</strong></span> <span class='ocrx_word' id='word_1_275' title='bbox 320 4239 376 4294; x_wconf 82' lang='lat' dir='ltr'><strong>cn.</strong></span> <span class='ocrx_word' id='word_1_276' title='bbox 396 4239 492 4295; x_wconf 79' lang='lat' dir='ltr'><strong>Helela</strong></span> <span class='ocrx_word' id='word_1_277' title='bbox 511 4240 539 4294; x_wconf 84' lang='lat' dir='ltr'><strong>C.</strong></span> <span class='ocrx_word' id='word_1_278' title='bbox 558 4239 590 4294; x_wconf 84' lang='lat' dir='ltr'><strong>G.</strong></span> <span class='ocrx_word' id='word_1_279' title='bbox 609 4239 641 4294; x_wconf 89' lang='lat' dir='ltr'><strong>B.</strong></span> <span class='ocrx_word' id='word_1_280' title='bbox 659 4239 681 4294; x_wconf 90' lang='lat'><strong>1.</strong></span> <span class='ocrx_word' id='word_1_281' title='bbox 700 4240 723 4311; x_wconf 42' lang='lat'><strong>§2</strong></span> <span class='ocrx_word' id='word_1_282' title='bbox 744 4239 786 4293; x_wconf 71' lang='grc'><strong>23.</strong></span> 
     </span>
    </p>
   </div>
   <div class='ocr_carea' id='block_1_7' title="bbox 0 0 1400 4812">
    <p class='ocr_par' dir='ltr' id='par_1_7' title="bbox 0 0 1400 4812">
     <span class='ocr_line' id='line_1_36' title="bbox 0 0 1400 4812; baseline 0 0"><span class='ocrx_word' id='word_1_283' title='bbox 0 0 1400 4812; x_wconf 95' lang='lat' dir='ltr'><strong> </strong></span> 
     </span>
    </p>
   </div>
  </div>
 </body>
</html>
