2836 4804
458 465 547 520 Series
563 467 640 522 Rom.
657 467 826 522 Pontificum.
1133 459 1200 519 ‘327

12 669 13 672 ,
92 605 317 690 pontificatum
348 609 511 690 gessisset,
544 631 573 672 a.
606 609 669 672 461
704 609 747 673 ad
779 608 952 673 coelestem
979 609 1120 694 patriam
1143 609 1202 671 mi·

91 705 205 786 gravit,
229 705 320 767 vitae
352 706 539 786 sanctitate,
573 706 769 792 eloquentia,
802 705 880 770 fidei
905 703 1095 769 defensione
1118 704 1201 769 aliis-

91 821 152 886 que
174 800 274 865 rebus
296 803 396 886 gestis
419 823 496 866 vere
520 803 669 888 Magnus.
701 843 745 852 —
776 803 940 868 Successit
962 805 1025 890 ipsi
1050 801 1082 867 S.
1109 801 1366 866 fflzanmmar.

90 919 142 962 raa
164 897 207 964 ab
232 921 319 964 anno
342 899 405 963 461
430 900 474 966 ad
508 923 633 965 annum
656 902 741 984 4673
765 901 919 988 huncque
943 911 1073 964 secutus
1097 910 1145 964 est
1168 899 1201 965 S.

92 993 282 1082 Simplicius,
306 999 363 1082 qui
395 1019 499 1083 usque
531 998 574 1063 ad
607 1021 731 1063 annum
763 999 828 1064 483
861 997 1028 1063 Ecclesiae
1051 999 1202 1084 praefuit.

92 1092 236 1179 Uterque
267 1095 421 1159 Pontifex
454 1095 667 1180 dignissimus
698 1097 762 1160 fuit
795 1095 827 1162 S.
865 1096 987 1160 Leonis
1026 1117 1202 1162 successor.

91 1189 207 1254 Fidem
232 1213 361 1256 summa
384 1193 558 1278 vigilantia
580 1195 655 1258 tuiti
680 1205 765 1278 sunt,
791 1204 823 1258 et
846 1203 1005 1280 quantum
1027 1203 1204 1278 potuerunt
1228 1207 1349 1258 simplicius

91 1287 333 1374 Menophysitis
356 1293 413 1376 qui
437 1293 471 1355 in
487 1289 623 1356 Oriente
647 1311 771 1358 errores
795 1313 869 1356 suos
893 1291 1092 1376 spargebant
1113 1293 1204 1355 resti·
1259 1268 1284 1309 Β·
1301 1269 1325 1311 ⁹·

92 1395 208 1450 terunt.
256 1387 309 1452 In
329 1386 511 1454 Occidente
544 1398 648 1453 status
677 1410 786 1454 rerum
819 1388 972 1474 politicus
995 1409 1033 1452 eo
1057 1397 1204 1474 tempore

91 1482 187 1548 valde
210 1483 362 1549 turbatus
385 1495 471 1567 erat,
496 1495 595 1572 atque
618 1508 703 1551 anno
726 1487 792 1550 476
815 1485 995 1571 Imperium
1018 1486 1204 1551 Romanum

90 1579 129 1644 ab
153 1581 307 1647 Odoacro
331 1582 530 1648 Herulorum
554 1583 638 1648 duce
660 1585 792 1670 penitus
815 1585 1012 1648 exstinctum
1037 1591 1094 1648 est.

176 1679 232 1744 21.
256 1679 426 1766 Simplicio
459 1701 545 1745 anno
578 1683 644 1747 483
677 1682 833 1746 successit
855 1681 947 1744 Fatis
971 1681 1031 1760 III,
1055 1681 1116 1745 sub
1140 1703 1371 1766 quereremus.

12 1819 14 1860 ,
90 1775 298 1842 Acacianum
322 1777 474 1858 schisma,
499 1799 601 1865 quum
624 1779 780 1843 Pontifex
803 1779 1032 1842 orthodoxiam
1056 1787 1204 1842 constan-

12 1875 14 1890 ’
90 1883 137 1939 ter
158 1883 318 1957 tueretur,
347 1877 479 1940 initium
513 1875 639 1942 habuit.
671 1915 716 1924 —
742 1877 820 1940 Post
843 1875 987 1940 Felicem
1011 1875 1062 1939 III
1085 1899 1114 1940 a.
1139 1877 1204 1941 492

91 1982 256 2038 mortuum
276 1972 423 2039 Galatiae
446 1975 470 2037 Ι
486 1976 520 2038 in
532 1974 728 2038 Pontificem
752 1972 874 2038 electus
898 1983 955 2054 est,
980 1983 1012 2038 et
1035 1995 1138 2058 usque
1162 1973 1205 2037 ad

91 2091 214 2136 annum
238 2071 305 2135 496
334 2071 561 2156 Apostolicam
589 2071 709 2138 Sedem
742 2073 857 2136 tenuit.
903 2071 994 2135 Inter
1016 2071 1083 2135 alia
1105 2070 1205 2156 hujus

91 2167 262 2232 Pontificis
296 2178 401 2253 gesta,
436 2172 615 2256 praecipue
657 2169 982 2234 commemorandum
1020 2177 1078 2250 est,
1114 2167 1203 2254 quod
1229 2191 1325 2234 osaea
1340 2193 1356 2242 1.

90 2287 177 2330 anno
201 2265 268 2330 494
291 2265 405 2330 habita
436 2269 643 2352 septuaginta
675 2268 903 2353 episcoporum
927 2265 1052 2351 synodo
1077 2263 1204 2330 celebre
1260 2252 1284 2294 γ’
1303 2253 1327 2293 P·

91 2361 196 2426 edidit
220 2363 395 2442 Decretum,
427 2366 461 2428 in
494 2385 558 2450 quo
592 2367 763 2450 utriusque
785 2365 988 2428 Testamenti
1010 2363 1086 2428 libri
1111 2383 1205 2427 cano·

91 2461 159 2524 nici
183 2461 322 2542 definiti,
347 2471 380 2525 et
402 2472 551 2526 veterum
574 2462 711 2526 Petrum
743 2462 820 2527 libri
844 2461 886 2526 ah
909 2461 1060 2526 Ecclesia
1083 2463 1205 2547 recepti

91 2567 122 2620 et
146 2559 307 2623 inoffenso
331 2559 416 2644 pede
446 2560 669 2645 percurrendi,
699 2559 742 2623 ah
770 2558 969 2645 apocryphis
992 2568 1024 2622 et
1047 2569 1142 2622 caute
1164 2559 1207 2623 le-

91 2655 211 2738 gendis
234 2655 367 2720 discreti
391 2668 476 2722 sunt.
513 2693 556 2706 —
594 2655 725 2721 Gelasio
761 2657 916 2720 defuncto
941 2676 1027 2720 anno
1051 2655 1116 2719 496
1143 2657 1206 2719 suf-

90 2754 198 2818 fectus
232 2763 281 2818 est
310 2754 504 2818 Anastasius
526 2755 568 2818 ΙΙ.
615 2755 647 2819 Is
681 2754 866 2819 Clodovaeo
901 2753 1103 2817 Francorum
1135 2754 1205 2838 regi

91 2851 131 2915 ob
158 2861 345 2936 susceptam
371 2850 493 2916 Christi
518 2852 617 2915 fidem
643 2861 675 2916 et
697 2852 862 2938 baptisma
885 2848 1001 2915 litteris
1024 2849 1206 2934 gratulatus
1217 2853 1373 2958 Α’ἪΕῙᾸ

91 2959 149 3013 est.
205 2947 261 3012 Ad
299 2948 541 3013 conciliandam
581 2949 790 3014 concordiam
829 2950 916 3012 inter
948 2947 1132 3012 Romanam
1174 2957 1207 3010 et
1281 2948 1286 2956 ’
1323 2946 1328 2956 ’

94 3046 268 3112 orientales
293 3045 462 3126 ecclesias,
487 3046 609 3131 legatos
637 3049 727 3110 misit
756 3047 800 3111 ad
822 3047 1036 3112 Anastasium
1065 3045 1207 3132 Impera-

93 3153 195 3208 torem
226 3143 418 3209 orientalem
450 3165 526 3208 cum
556 3143 708 3229 epistola,
733 3146 767 3208 in
792 3165 856 3230 qua
885 3145 982 3208 enixe
1012 3141 1206 3226 postulabat,

93 3253 127 3305 ut
149 3263 272 3307 nomen
296 3240 412 3305 Aeacii
446 3241 655 3328 ediptyohis
685 3240 863 3323 deleretur,
891 3239 1106 3326 jubebatque,
1137 3249 1208 3304 rata

93 3339 293 3404 haberentur
305 3339 518 3404 Sacramenta
540 3338 697 3424 baptismi
722 3351 754 3404 et
775 3341 900 3404 ordinis
923 3339 964 3403 ab
989 3338 1104 3402 eodem
1124 3336 1208 3402 Aca·

93 3441 141 3502 cio
167 3437 295 3503 collata.
341 3436 388 3501 At
416 3436 529 3522 legati,
554 3439 601 3500 uti
621 3436 692 3522 jam
712 3439 867 3518 diximus,
882 3458 916 3500 re
932 3435 1054 3500 infecta
1069 3436 1207 3499 Romam

92 3537 216 3600 reversi
239 3543 325 3599 sunt.

180 3633 234 3698 22.
259 3633 337 3698 Post
359 3631 527 3697 Anastasii
559 3634 593 3699 II
626 3633 751 3696 obitum
784 3631 827 3696 ad
851 3651 1015 3695 summum
1039 3629 1207 3716 pontifica—
1227 3667 1363 3720 βψω

93 3743 162 3796 tam
195 3730 318 3795 electus
350 3729 413 3793 fuit
435 3729 644 3816 Symmachum,
678 3731 786 3815 patria
819 3729 942 3794 Sardus
976 3739 1008 3791 et
1039 3727 1208 3791 Romanae
1263 3729 1288 3770 R*
1304 3729 1330 3771 Ρ·

94 3830 251 3895 ecclesiae
274 3827 443 3893 diaconus.
489 3829 535 3892 At
547 3829 666 3892 Festus
690 3836 819 3891 senator
838 3827 1015 3905 Romanus,
1040 3827 1096 3911 qui
1121 3845 1207 3890 anno

93 3927 309 4012 praecedente
331 3947 390 4011 pro
414 3926 618 3991 Theoderico
642 3947 718 4011 rege
741 3925 904 4010 legatione
927 3924 969 3987 ad
994 3923 1207 3989 Anastasium

12 4027 13 4070 l
93 4025 176 4111 Imp.
199 4025 334 4088 furimus
364 4021 442 4086 huic
471 4027 680 4110 promiserat,
714 4045 749 4086 se
782 4023 974 4086 effecturum
1007 4030 1043 4085 ut
1066 4020 1208 4084 Zenonis

95 4123 294 4186 Heneticnm
325 4143 345 4185 a
378 4119 538 4186 Pontifice
570 4121 827 4202 confirmaretur,
861 4117 1025 4198 diffidens,
1060 4139 1094 4180 se
1130 4116 1207 4180 ida

95 4219 292 4304 Symmacho
317 4221 566 4304 inpetraturum,
590 4216 763 4283 nonnullos
796 4239 814 4280 e
838 4213 923 4280 clero
953 4224 985 4279 et
1008 4215 1129 4300 populo
1154 4235 1206 4300 pe·
