2874 4812
223 415 277 474 312
657 412 697 472 De
715 411 741 471 S.
760 411 902 484 Cypriane.

222 573 308 628 teras
331 560 491 648 Stephani
522 560 625 626 alium
657 561 849 646 episcopum
873 559 1043 624 Marciano
1073 553 1353 624 substituendum

222 659 363 725 voluerit
377 658 574 745 Cyprianus,
600 667 708 722 utrum
723 655 880 722 videlicet
894 655 1043 720 indicare
1062 655 1214 738 voluerit,
1242 655 1354 720 alium
1432 665 1433 734 ᾗ

223 757 403 822 mandante
425 755 587 822 Pontifice
620 777 689 820 esse
720 753 911 838 eligendum
935 776 994 840 per
1016 754 1188 839 episcopos
1211 750 1354 817 Galliae

222 865 255 920 et
277 855 390 920 fideles
412 853 632 937 Arelatenses,
663 876 707 918 an
740 874 817 916 vero
846 852 1025 918 intenderit
1048 872 1181 915 movere
1205 849 1355 936 Stepha·
1432 839 1433 866 ¹

223 975 313 1034 num,
347 961 391 1035 ut,
416 950 696 1039 quemadmodum
728 949 847 1015 obvius
871 971 986 1014 sensus
1009 946 1165 1034 epistolae
1193 947 1354 1012 indicare
1432 981 1433 1020 2

223 1051 364 1132 videtur,
397 1050 587 1114 immediate
619 1071 679 1114 sua
711 1049 905 1114 auctoritate
937 1047 1108 1112 Marciano
1132 1045 1238 1110 alium
1267 1047 1354 1132 epis·
1432 1043 1433 1062 ¹

224 1170 343 1234 copum
375 1147 561 1213 substituat.
595 1145 691 1212 Certe
720 1144 908 1231 Cyprianus
940 1145 1105 1229 insignem
1136 1166 1177 1207 ac
1210 1142 1355 1229 plenam

223 1247 450 1311 auctoritatem
475 1242 641 1331 Stephano
666 1243 834 1326 adscribit,
869 1253 905 1306 ut
927 1263 1045 1328 pacem
1068 1250 1166 1326 atque
1190 1241 1354 1306 ordinem
1432 1279 1433 1302 2

224 1346 259 1407 in
281 1342 337 1406 illa
370 1341 509 1406 ecclesia
540 1343 711 1406 restituere
744 1339 890 1428 possit1).
938 1340 1050 1426 Atque
1072 1339 1156 1403 haec
1179 1341 1355 1406 sententia
1432 1331 1433 1336 ¹

224 1441 294 1525 ejus
319 1440 359 1503 de
382 1448 542 1525 potestate
564 1440 705 1503 Romani
729 1439 912 1521 Pontificis,
942 1460 1019 1502 cum
1043 1440 1145 1524 ipsius
1168 1439 1355 1525 principiis

225 1536 265 1600 de
284 1537 433 1600 Romana
456 1536 594 1602 ecclesia
617 1536 803 1622 principali,
828 1547 861 1600 et
883 1537 1019 1600 unitatis
1042 1536 1132 1600 fonte
1155 1558 1197 1600 ac
1221 1547 1353 1618 centro,

224 1635 339 1698 intimo
363 1655 453 1698 nexu
476 1634 640 1700 cohaeret.

312 1731 365 1798 58.
389 1731 486 1797 Vana
518 1742 628 1797 autem
661 1743 738 1796 sunt
760 1733 893 1816 effugia,
925 1732 1046 1818 quibus
1069 1729 1153 1795 haec
1173 1731 1355 1796 Reinkens

225 1829 390 1895 declinare
412 1831 537 1896 nititur.
584 1830 720 1912 Asserit,
759 1829 956 1894 Faustinum
979 1828 1242 1913 Lugdunensem
1269 1828 1353 1896 dum

225 1929 259 1992 in
282 1927 345 1992 hoc
368 1929 498 2011 negotio
521 1928 661 1992 Romam
684 1949 855 1992 recursum
880 1925 1015 2009 habuit,
1048 1927 1138 1991 haud
1168 1928 1284 2012 egisse
1319 1928 1352 1989 vi

225 2025 365 2110 alicujus
396 2026 552 2111 principii
586 2025 627 2089 de
653 2025 887 2111 jurisdictione
919 2047 1073 2110 suprema
1094 2023 1241 2089 Romani
1265 2024 1354 2088 Pon-

224 2123 332 2188 tificio.
379 2122 492 2208 thue
516 2122 602 2186 hanc
616 2124 794 2207 gratuitam
815 2124 1028 2188 assertionem
1043 2121 1250 2207 comprobet,
1275 2143 1353 2186 con-

225 2221 340 2303 tendit,
374 2218 578 2304 Cyprianum
613 2221 721 2305 ipsum
753 2221 788 2284 in
821 2242 922 2284 causa
951 2219 1113 2284 Marciani
1145 2220 1353 2284 sententiam

225 2320 295 2382 sine
317 2317 534 2382 haesitatione
549 2317 672 2398 tulisse,
696 2339 736 2382 ac
751 2317 919 2402 Stephano
940 2316 1091 2399 dictasse,
1115 2339 1197 2403 quas
1220 2316 1353 2381 litteras

226 2414 369 2478 scribere
399 2413 575 2500 deberet2).
622 2414 719 2480 Tales
751 2416 947 2479 assertiones
977 2437 1020 2478 ex
1052 2417 1132 2499 ipsis
1154 2414 1279 2480 litteris
1304 2417 1351 2478 in·

226 2513 345 2597 spectis
367 2509 569 2577 refelluntur.
602 2512 752 2577 Profecto
777 2511 965 2597 Cyprianus
987 2512 1080 2597 petit,
1104 2521 1141 2575 ut
1154 2511 1351 2599 Stephanus

225 2617 384 2694 tanquam
408 2609 513 2698 judea
545 2611 580 2674 in
612 2611 675 2674 ista
707 2632 807 2674 causa
838 2619 925 2694 agat,
950 2618 1052 2694 utque
1083 2611 1147 2696 ipsi
1171 2610 1253 2676 dein
1279 2633 1351 2676 sen·

225 2707 362 2770 tentiam
385 2705 485 2771 latam
509 2718 541 2772 et
563 2708 750 2772 executioni
775 2707 966 2772 mandatam
990 2709 1222 2774 communicet.
1271 2711 1351 2774 Pro·

226 2803 304 2866 inde
328 2802 534 2888 Stephanum
562 2803 663 2869 habet
686 2815 722 2867 ut
740 2804 891 2890 judicem
921 2815 1172 2891 competentem,
1202 2809 1265 2892 qni
1289 2829 1350 2893 pro

226 2922 286 2964 sus
309 2902 503 2964 auctoritate
526 2923 578 2966 res
602 2923 798 2987 componere
821 2905 934 2987 possit.

313 2997 367 3061 59.
392 2996 469 3062 Alia
502 2998 653 3084 exempla
684 2998 915 3084 appellationis
944 2999 988 3071 ad
1016 3000 1136 3068 Sedens
1158 3001 1348 3068 Romanam

226 3095 342 3176 factae,
367 3094 421 3158 vel
444 3117 596 3160 recursus
618 3095 662 3160 ad
686 3095 860 3162 Summum
876 3096 1082 3180 Pontificem,
1106 3111 1290 3164 occurrunt
1313 3102 1349 3164 in

226 3193 275 3272 iis,
306 3214 391 3278 quae
416 3192 488 3276 jam
512 3192 658 3258 vidimus
692 3194 733 3258 de
756 3195 886 3258 Privato
919 3196 1073 3281 episcopo
1096 3195 1348 3276 Lamhesitano,

86 3332 205 3362 ΗΜ,
226 3298 257 3352 et
294 3291 329 3353 in
362 3289 534 3354 conatibus
566 3291 736 3355 Fortunati
767 3290 1039 3378 pseudoepiscopi
1071 3291 1349 3378 Carthaginensis

227 3384 393 3471 Cypriane
418 3389 569 3472 oppositi,
593 3399 631 3451 ut
652 3388 776 3452 Romae
808 3400 1050 3473 agnosceretur.
1095 3391 1271 3456 Privatum
1295 3391 1349 3457 bis

226 3483 391 3569 repulsam
414 3485 457 3548 ab
478 3484 617 3549 ecclesis
631 3486 781 3552 Romana
794 3489 962 3572 accepisse
978 3487 1140 3570 diximus3
1165 3489 1208 3553 de
1221 3489 1348 3554 machi·

227 3581 417 3646 nationibus
457 3603 534 3647 vero
571 3581 744 3648 Fortunati
786 3593 818 3648 et
854 3584 1052 3649 Felicissimi
1089 3585 1240 3671 pluribus
1278 3589 1348 3672 agit

227 3677 259 3746 S.
285 3677 472 3765 Cyprianus
500 3682 535 3744 in
567 3702 618 3765 ep.
645 3681 689 3744 59
717 3681 761 3746 ad
785 3679 975 3748 Cornelium
1003 3681 1137 3749 directa.
1184 3683 1347 3750 Fortuna·

225 3784 278 3840 tus
303 3777 472 3858 videlicet,
504 3776 675 3844 ordinatus
702 3801 722 3841 a
745 3781 892 3865 quinque
922 3781 1085 3866 episcopis
1114 3781 1346 3863 schismaticis,

226 3874 364 3938 Romam
388 3877 478 3938 misit
492 3875 734 3939 Felicissimum
758 3899 834 3940 cum
856 3876 973 3942 litteris
991 3877 1035 3942 ad
1056 3876 1263 3960 Cornelium3
1288 3881 1344 3964 qui

226 3972 331 4056 primo
356 3972 491 4059 quidem
515 3973 629 4058 rejecit
650 3971 903 4056 Felicissimum,
928 3974 986 4038 sed
1008 3986 1122 4061 postea
1145 3975 1233 4040 illius
1255 3997 1345 4040 men·

243 4139 246 4146 ’
303 4175 321 4240 ῑ)
340 4173 372 4227 v.
392 4173 487 4228 reem
507 4173 522 4228 1.
542 4192 563 4227 ο.
584 4174 609 4229 s,
628 4177 689 4231 rra.
848 4177 910 4246 un
941 4193 962 4231 a
981 4177 1006 4232 s.
1025 4179 1068 4244 ae,
1086 4181 1129 4234 es.
