2836 4804
255 487 310 538 aee
615 485 653 540 De
673 485 790 540 Concilio
809 487 1026 542 Chalcedonensi.

257 628 375 707 citatis,
401 638 566 692 caeterum
598 649 719 712 magna
750 652 825 694 cum
855 631 1032 716 prudentia
1064 630 1309 708 animadvertit,
1341 653 1371 693 se

256 732 299 798 de
322 727 520 810 Eutychetis
553 749 653 790 cauea
680 727 847 812 judicium
879 729 1022 792 formare
1054 751 1120 792 non
1144 751 1251 814 ponae,
1276 751 1369 814 quum

256 831 392 894 alterius
416 827 518 910 partis
542 823 779 908 explicationes
803 849 869 892 non
894 837 1081 910 cognoscat.
1123 827 1273 890 Romano
1297 828 1371 891 Pon-

257 927 338 992 tifioi
358 927 414 1011 jus
438 933 632 1006 competere,
657 933 693 987 ut
718 927 914 988 sententiam
938 924 1032 989 feret.
1078 925 1194 989 Jmter
1225 925 1372 988 mediator

256 1049 321 1092 own
344 1035 399 1103 eet,
424 1019 548 1100 scribit,
573 1021 627 1104 qni
649 1022 694 1084 eie
725 1047 822 1086 unam
839 1033 967 1110 per-tem
996 1023 1098 1101 eadit,
1122 1033 1158 1086 ut
1179 1022 1263 1086 niet
1285 1023 1374 1086 elteri

251 1124 346 1212 parti
368 1130 511 1186 reservet.
558 1120 598 1182 In
621 1119 762 1184 omnihus
786 1132 889 1184 actm
920 1121 1083 1186 hortamur
1106 1131 1145 1198 te,
1162 1121 1275 1208 sroter·
1295 1145 1371 1183 oene-

256 1221 382 1298 roiiiie‚
418 1229 452 1282 ut
486 1218 636 1301 linquae
672 1241 693 1280 a
716 1217 895 1282 bennarimo
925 1242 1019 1305 popa
1042 1221 1208 1284 Romanae
1244 1221 1372 1284 ciuitatis

258 1323 378 1405 scripta
401 1327 473 1380 aunt
496 1315 676 1378 obedienter
699 1315 864 1394 attentae,
888 1319 1036 1401 quoniam
1060 1315 1170 1382 beatae
1194 1319 1306 1381 Petrae
1328 1319 1374 1402 pri

259 1419 294 1482 in
312 1417 449 1503 propr-iu
476 1413 554 1478 Sede
579 1423 608 1476 et
630 1414 707 1476 eicit
737 1423 766 1476 et
783 1415 960 1498 praesidet,
988 1425 1137 1501 praeetnt
1161 1415 1374 1502 quaerentibus

249 1516 332 1599 fidei
354 1515 525 1578 ceritatem.
575 1511 645 1574 Noe
680 1513 761 1574 enim
792 1533 853 1597 pro
887 1512 992 1576 alodio
1010 1516 1105 1600 paeie
1139 1525 1170 1578 et
1184 1515 1270 1598 fidei
1292 1525 1373 1576 entre

259 1634 440 1678 eonsensum
475 1612 638 1672 Romanae
673 1609 812 1672 ciuitatis
839 1611 978 1696 Epicopn
1011 1633 1125 1675 caueae
1150 1611 1238 1694 'fidei
1271 1613 1372 1675 ooelire

258 1733 322 1774 non
339 1729 509 1796 possumne
519 1704 551 1790 ¹).

88 1823 109 1864 s.
126 1825 205 1866 neon
227 1825 248 1867 r.
352 1807 402 1870 13.
427 1805 518 1868 Inter
552 1805 699 1868 Leonem
721 1803 917 1868 Pontificem
953 1817 985 1868 et
1010 1806 1211 1871 Flavianum
1248 1811 1307 1871 ista
1338 1806 1372 1868 dr

259 1927 359 1970 causa
383 1903 493 1989 plures
516 1901 644 1966 litterae
673 1901 768 1966 datae
800 1913 886 1968 sunt.
932 1903 1032 1967 Initio
1051 1905 1131 1985 Leo,
1156 1927 1260 1992 quum
1285 1906 1372 1968 totius

260 2003 382 2087 negotii
407 1999 600 2064 relationem
633 1999 782 2064 noudum
813 2003 1003 2085 accepisset,
1030 2001 1232 2067 Flavianum
1266 2003 1305 2066 de
1327 2025 1370 2064 nr·

257 2101 366 2184 gleeta
389 2097 588 2180 Eutychetis
611 2097 653 2161 ad
679 2099 711 2162 S.
741 2097 861 2162 Sedem
896 2099 1116 2184 appellatione
1152 2103 1291 2177 monuit,
1324 2097 1371 2162 sod

262 2197 359 2285 paulo
391 2208 464 2282 post
487 2194 668 2260 Flavianus
702 2198 863 2280 integrum
897 2217 1030 2260 oausam
1063 2208 1162 2283 atque
1187 2197 1372 2282 Eutychetis

261 2318 387 2360 errores
422 2294 610 2358 accuratius
642 2294 794 2358 Pontifici
831 2297 993 2380 exposuit,
1030 2295 1195 2382 simulque
1230 2296 1369 2360 advertit.

262 2392 518 2478 appellationem
542 2391 585 2456 ab
609 2391 798 2474 Eutychete
831 2401 978 2478 tempore
1009 2396 1173 2458 examinis
1199 2395 1371 2459 nullatenus

264 2492 388 2556 iactam
412 2489 523 2575 esee2).
570 2489 691 2554 Iisdem
725 2488 842 2552 litteris
866 2489 1048 2555 Flavianus
1072 2495 1163 2577 petit,
1190 2505 1227 2556 ut
1250 2489 1369 2578 epistola

262 2591 386 2674 scripta
420 2611 440 2652 a
467 2587 580 2652 Leone
614 2587 782 2652 damnatio
818 2588 1039 2668 confirmetur,
1074 2601 1107 2652 et
1141 2591 1189 2653 ita
1226 2611 1368 2654 consensu

264 2689 368 2774 ipsius
391 2695 459 2748 tota
482 2706 582 2749 cauea
606 2683 749 2764 finiatur,
774 2693 872 2769 atque
902 2689 1095 2751 convocatio
1120 2685 1262 2752 Concilii
1287 2689 1367 2750 erite-

263 2799 327 2850 tur.
352 2785 579 2869 Propriamqne
594 2782 727 2868 faciens
742 2805 929 2846 communem
946 2805 1082 2862 caueam,
1107 2787 1228 2872 inquit,
1253 2797 1281 2849 et
1295 2808 1366 2848 ronr-

264 2895 368 2948 torum
392 2881 591 2944 ecelesiarum
615 2880 827 2966 diaeeplinom,
848 2881 943 2944 timul
965 2883 1128 2946 derenwre
1151 2883 1365 2946 dominationem

264 2982 417 3046 aduersae
439 3003 507 3042 cern
529 2979 719 3064 rapula-riter
733 2978 862 3062 faecem
885 2990 915 3042 et
932 3001 994 3064 per
1011 2982 1150 3066 proprie
1174 2982 1292 3066 scriptu
1314 2978 1365 3062 elly-

264 3103 353 3156 narc,
388 3077 568 3162 cerefertere
604 3087 707 3140 nutem
741 3085 771 3139 et
799 3077 942 3161 piissimi
977 3087 1007 3140 et
1039 3074 1161 3141 Christo
1196 3073 1367 3141 dedititeini

264 3179 368 3242 rtoetri
383 3177 588 3262 Imperatoria
603 3173 711 3256 fidem.
756 3171 861 3238 Canac
885 3177 967 3238 enim
990 3185 1055 3258 epet
1071 3173 1261 3239 solummodo
1285 3183 1365 3236 reatrr

265 3273 380 3340 solatio
406 3285 497 3358 otqeee
530 3272 723 3358 defensione,
756 3295 819 3356 quo
848 3272 989 3336 debeatis
1015 3293 1165 3336 mesenen
1183 3273 1312 3360 proprio
1331 3265 1365 3330 od

267 3371 530 3458 tranquillitatem
553 3381 582 3434 et
601 3393 714 3456 pacem
741 3381 853 3434 corneto
871 3371 1053 3456 perducere.
1101 3371 1154 3435 sie
1177 3373 1258 3435 maim
1279 3371 1361 3431 laeu-

266 3472 312 3533 eie
335 3494 413 3556 quere
447 3470 595 3546 orerrenit,
632 3479 661 3530 et
685 3468 793 3532 turbae
825 3493 903 3553 qnae
921 3479 1055 3554 propter
1084 3491 1153 3532 corn
1167 3471 1278 3555 saetae
1298 3471 1361 3528 mol.

263 3569 420 3653 facillime
444 3569 643 3632 destruentur
666 3567 734 3630 Deo
768 3577 954 3653 cooperante
971 3591 1034 3653 per
1065 3579 1184 3631 veruna
1209 3559 1361 3631 annonari·

343 3791 366 3857 ¹)
387 3787 451 3842 Coll.
472 3789 550 3842 Cone.
571 3783 652 3840 Lacr.
671 3785 700 3839 Τ.
722 3787 753 3839 V.
773 3803 798 3854 p.
818 3789 861 3840 37.
1400 3777 1401 3845 l

342 3873 364 3939 l)
385 3869 478 3934 Quoad
497 3869 566 3922 haue
584 3866 770 3932 quaeetiouem
789 3867 821 3922 de
849 3867 1029 3938 appellatione
1048 3867 1157 3922 dubium
1175 3865 1278 3934 aliquod
1294 3875 1361 3916 rene·

265 3959 323 4004 net.
361 3949 496 4015 Eutyches
516 3946 643 4002 videlieet
662 3947 763 4000 citatus
777 3947 882 4004 dumde
901 3949 953 4004 lide
971 3965 1022 4002 sna
1041 3949 1360 4018 interrogationem

265 4029 449 4082 obstinatione
475 4029 588 4096 quedam
617 4027 711 4095 inepta
739 4030 920 4096 responderet,
949 4029 1028 4083 simul
1055 4029 1155 4096 syuodo
1174 4021 1359 4094 aliquemne
1399 4077 1400 4096 ,

266 4111 375 4163 tradere
394 4107 489 4172 voluit,
509 4123 577 4176 quae
596 4107 667 4160 haud
686 4113 795 4174 recepta
812 4109 929 4174 fuerunt,
944 4125 1025 4176 quum
1043 4115 1169 4164 oretenus
1188 4097 1357 4162 munterte

267 4189 437 4256 interrogare
457 4189 566 4244 vellent.
604 4187 685 4242 Forte
704 4187 777 4242 inter
795 4189 843 4242 illa
854 4189 1013 4245 documento
1032 4189 1219 4244 continebatur
1235 4177 1356 4252 intitulatio

267 4269 303 4322 ad
321 4269 396 4324 Rom.
407 4269 574 4332 Pontificem,
587 4281 656 4336 quoe
669 4267 720 4320 hnc
729 4267 835 4324 ratione
848 4272 882 4324 ed
894 4285 989 4325 menna
999 4269 1123 4324 Floriani
1142 4283 1194 4323 nou
1212 4265 1354 4336 pervenerat

1393 4653 1398 4771 l
