2876 4814
445 501 488 558 Au
504 501 669 572 Hippolytus
688 509 789 558 auctor.
1127 502 1179 556 943

81 669 192 733 semper
213 645 460 732 celebratum¹),
485 647 543 712 sed
572 647 627 712 vel
650 647 751 713 fuisse
775 649 884 712 virum
909 649 965 733 qui
990 668 1056 712 nou
1079 644 1178 711 habe·

82 746 162 809 batur
181 747 215 810 in
238 767 362 829 magua
383 747 611 810 aestimatione
642 747 795 832 quamvis
824 743 1008 810 eruditione
1032 744 1177 832 quadam

80 845 236 928 insignitus
259 852 355 924 essct,
380 843 433 906 vel
460 845 570 908 virum
600 843 747 930 alioquin
765 845 837 930 jam
862 851 899 907 ut
921 843 1098 906 sectarium
1122 864 1176 907 no·

80 953 143 1022 tum,
173 943 214 1030 (si
245 942 331 1007 forte
364 963 446 1027 opus
475 940 821 1029 Philosophoumenon
854 939 1110 1006 adscribendum
1135 943 1177 1006 sit

80 1038 289 1128 Tertulliano.)

151 1139 200 1204 82.
223 1138 337 1219 blodo,
349 1147 535 1223 etagamus
551 1139 591 1203 de
605 1140 797 1225 arpuorcotia
808 1139 952 1217 laternis,
969 1137 1090 1224 quibus
1104 1158 1174 1200 eru·
1184 1154 1338 1206 manamaur

79 1234 125 1300 liu
137 1235 265 1322 probari
281 1245 418 1301 censent
431 1245 598 1300 auctorem
608 1235 954 1321 Philosophoumenon
964 1256 1034 1299 esse
1045 1234 1078 1300 S.
1090 1233 1173 1320 Hip·
1181 1217 1344 1320 unq-''intor-

80 1333 217 1418 polytum,
237 1334 555 1416 animadvertimus,
571 1355 687 1398 revera
710 1333 970 1398 combinationes
994 1343 1027 1397 et
1049 1332 1175 1418 conjec-

78 1448 150 1495 turas
179 1454 263 1519 quae
297 1431 361 1496 hac
394 1434 429 1496 in
460 1455 496 1496 re
518 1439 766 1518 proponuntur,
790 1434 817 1497 si
840 1433 876 1497 in
910 1453 944 1496 se
974 1440 1173 1517 spectantur,

79 1529 226 1612 probabile
253 1529 425 1617 quoddam
454 1537 686 1616 argumentum
717 1531 924 1596 constituere.
971 1527 1038 1594 Sed
1060 1528 1174 1594 favore

78 1627 352 1711 combinationem,
377 1650 395 1692 e
423 1628 544 1715 quihus
573 1630 709 1714 ingenia
736 1627 882 1711 subtilia,
907 1627 986 1691 dum
1011 1626 1174 1692 derebus

77 1727 285 1792 clarentibus
311 1728 518 1814 antiquitatis
532 1729 713 1814 inquirunt,
729 1728 846 1792 miram
868 1724 1073 1812 voluptatem
1095 1724 1173 1789 hau·

78 1825 156 1907 nunt,
177 1845 244 1890 nou
268 1833 348 1890 sunt
370 1824 568 1911 negligenda
601 1826 726 1890 motiva
756 1823 870 1906 solida,
895 1846 980 1911 quae
1004 1843 1172 1908 opponun-

76 1933 125 1987 tur.
164 1923 317 1990 Tradunt
339 1945 435 2009 porro
467 1925 532 1989 viri
564 1925 643 1988 artis
676 1925 809 1988 criticae
841 1923 956 2009 periti,
989 1941 1172 2006 agnoscere

77 2029 220 2086 auctorem
251 2023 397 2109 alicujus
427 2021 504 2088 libri
537 2022 665 2109 antiqui
689 2043 731 2088 ex
764 2019 841 2086 solie
864 2020 998 2087 indiciis
1022 2020 1169 2103 internis,

78 2117 141 2183 dum
169 2119 288 2188 desunt
322 2123 509 2186 testimonia
546 2129 696 2185 veterum
733 2130 766 2185 et
797 2120 975 2186 auctoritas
1008 2117 1170 2200 codicum,

79 2237 132 2280 rem
152 2240 219 2284 esse
240 2241 378 2306 prorsus
401 2220 549 2302 arduam,
573 2219 689 2304 inqua
711 2217 809 2288 facile
832 2225 943 2283 errant
965 2217 1065 2281 etiam
1086 2215 1170 2302 peri-

78 2315 182 2382 imni.

146 2415 193 2482 83.
218 2415 367 2482 Cessent
395 2417 497 2500 igitur
524 2415 571 2480 illi
595 2414 732 2499 eruditi,
761 2415 794 2482 S.
819 2412 1039 2501 Hippolytum
1062 2421 1170 2478 sectae

77 2507 186 2578 Callisto
213 2515 387 2602 oppositae
424 2513 528 2598 fuisse
556 2515 764 2602 episcopum,
796 2514 940 2600 indeque
968 2515 1091 2600 optime
1115 2531 1168 2575 ex-

77 2675 116 2729 n'ffl
153 2679 231 2738 Rome
257 2681 310 2738 has
337 2698 355 2735 a
381 2683 447 2751 long
474 2698 591 2750 memory
618 2682 650 2736 ol
665 2681 777 2750 injuries
804 2679 904 2736 offered
922 2686 950 2735 to
973 2680 1022 2734 her
1039 2680 1167 2749 maleety3

77 2757 117 2810 tud
132 2758 186 2814 that
215 2763 319 2831 special
347 2761 463 2817 honours
490 2761 584 2818 should
602 2763 672 2816 have
690 2761 758 2817 been
775 2761 839 2830 paid
857 2762 933 2816 there
952 2765 980 2814 to
998 2775 1015 2812 a
1032 2757 1168 2828 pamphle-
1246 2829 1252 2838 Ι

75 2843 126 2895 teas,
141 2855 168 2894 aa
183 2857 222 2898 we
240 2859 304 2898 now
321 2843 414 2912 spealr,
433 2843 493 2897 who
511 2843 557 2898 did
575 2847 623 2898 not
641 2842 747 2911 scruple
764 2842 794 2896 iu
811 2847 854 2896 set
873 2840 960 2896 words
978 2845 1007 2895 to
1026 2839 1077 2895 call
1095 2839 1167 2908 Pope

75 2913 217 2986 zephyrinus
234 2940 252 2977 a
269 2923 350 2978 wealr
368 2923 422 2977 and
440 2923 520 2978 renal
539 2924 633 2989 dunos,
658 2923 712 2979 and
729 2923 802 2992 Pope
820 2922 950 2978 Callistus
969 2938 985 2975 a
1003 2919 1166 2990 sumilegous

76 2995 185 3066 πόλει,
202 3019 236 3057 an
255 3003 390 3058 iniamous
408 3003 523 3070 couviot,
542 3004 595 3059 and
614 3020 648 3059 an
667 3003 820 3059 heresiarch
838 3020 874 3058 ex
899 3001 1069 3066 cathedra,
1089 3000 1112 3054 is
1130 3016 1166 3055 an

75 3071 203 3144 hauteu
220 3083 309 3138 sucu
327 3084 448 3152 requos
466 3101 538 3140 more
562 3085 648 3141 ures
671 3084 799 3139 essaenos
821 3083 850 3137 in
868 3082 906 3138 rs
924 3081 1017 3137 asan
1032 3080 1099 3136 chan
1116 3080 1165 3136 ua

75 3152 172 3213 hiberia
187 3161 252 3218 been
270 3164 430 3232 produced“
449 3164 480 3220 L.
500 3181 521 3219 c
540 3165 575 3220 ll
594 3166 694 3220 Causas
717 3164 748 3219 oi
764 3163 810 3218 the
827 3163 893 3218 Rise
911 3163 964 3218 aud
982 3162 1119 3217 Successes
1137 3161 1169 3216 ol

75 3233 232 3312 fficnimep.
250 3245 306 3300 220
322 3259 379 3312 sqq.
393 3275 426 3284 -
440 3245 470 3300 P.
490 3245 637 3311 Dasmedt
653 3247 669 3300 1.
689 3261 711 3300 c.
730 3259 757 3300 ιι.
772 3243 933 3311 usumin
949 3257 1098 3311 supponere
1114 3241 1165 3296 hoc

74 3327 244 3389 mmmm,
264 3325 336 3392 quod
354 3323 490 3380 iullrmare
508 3327 616 3392 nititur,
634 3323 817 3390 muccosum,
835 3324 905 3392 quod
923 3323 1086 3393 Hippolytus
1103 3338 1164 3392 pas

74 3393 113 3450 siu
126 3395 217 3457 Batus
234 3409 264 3460 st
282 3403 398 3460 Sanctus
416 3404 535 3474 dicatur;
563 3407 609 3462 sed
627 3406 684 3461 rim
701 3404 857 3476 mgumeuti
875 3405 957 3460 aliam
976 3417 1087 3472 eamque
1104 3418 1163 3473 per

74 3489 177 3544 mm
193 3495 250 3538 etse
268 3499 303 3540 ex
321 3485 401 3540 dictis
419 3486 571 3556 perspicies.

133 3559 150 3628 ¹)
165 3559 193 3616 P.
210 3561 250 3619 De
269 3563 362 3620 Smedt
380 3565 397 3622 l.
417 3582 439 3622 c.
462 3581 488 3622 n.
509 3569 556 3620 64:
582 3565 726 3634 „Gratuito
748 3565 917 3635 supponitur,
942 3563 1043 3630 scribit,
1062 3563 1163 3633 Hippo-

74 3631 142 3724 lytum
157 3657 202 3696 sua
219 3651 312 3699 aetate
330 3645 396 3700 adeo
414 3645 515 3701 clarum
542 3646 635 3714 luisse,
664 3647 786 3716 quamvis
813 3649 908 3715 postea
934 3649 1045 3714 propter
1061 3643 1163 3712 scripta

73 3723 118 3778 ε1111
139 3733 200 3786 ΨΜ
222 3723 282 3792 jam
313 3725 373 3780 sola
389 3731 456 3780 nota
474 3731 559 3792 eraut,
579 3729 647 3782 satis
666 3727 769 3782 celebre
797 3741 894 3781 nomen
914 3725 973 3792 ejus
994 3725 1159 3780 exstiterit.“

76 3821 99 3832 -
114 3795 157 3853 Sel
172 3799 250 3859 aliter
267 3819 324 3860 rem
341 3805 440 3862 habere
466 3821 610 3862 censemus.
641 3807 681 3862 Oh
709 3807 811 3877 cyclum
828 3805 980 3876 paschalem
998 3805 1084 3874 primo
1101 3821 1161 3861 con·

74 3869 160 3944 lttim
185 3887 212 3936 et
238 3883 271 3940 ob
299 3885 385 3940 multa
411 3886 513 3956 scripta
531 3887 708 3958 Hippolytum
730 3888 792 3944 dum
818 3886 926 3942 viveret
954 3884 1032 3938 valde
1059 3885 1160 3940 clarum

75 3949 146 4042 illst
161 3975 192 4016 m
208 3963 247 4018 rei
265 3969 365 4019 natura
382 3965 507 4032 infertur,
535 3972 564 4022 et
590 3983 624 4023 ex
642 3967 813 4036 antiquorum
830 3967 992 4036 scriptorum
1009 3962 1098 4020 verbis
1115 3963 1160 4020 ob·

76 4045 109 4086 ¹¹⁰
123 4051 193 4095 num
208 4044 325 4114 acceptis
343 4045 489 4117 colligitur.
527 4045 598 4102 Hinc
617 4048 700 4104 etiam
723 4047 877 4112 auvecurt,
896 4045 1044 4116 Hippolyto
1062 4045 1159 4100 famili·

75 4123 131 4168 ‘lm
138 4117 212 4176 ltine
223 4122 382 4196 Origeuem
399 4127 454 4182 imo
466 4126 524 4196 ejus
534 4129 715 4185 aemulatione
725 4128 798 4183 hunc
806 4133 909 4183 motum
927 4125 1010 4181 lause
1028 4125 1063 4180 ud
1071 4139 1159 4182 sacro·

77 4193 242 4258 uoluam
260 4203 511 4274 iuterpretctiauem
528 4209 724 4280 suscipiendam
732 4207 912 4278 Hieronymus
929 4205 1031 4263 scribit
1068 4204 1156 4263 Gatal.

76 4273 522 4358 til-cfruuanparlc.

982 4377 1034 4435 ie·
