2936 4814
262 499 297 552 st
614 501 655 558 De
673 503 739 560 Sede
756 503 875 563 &mana
895 505 919 560 S.
938 503 1022 560 Petri.

261 671 352 711 asam
384 657 414 712 et
436 647 572 734 falsum,
596 649 679 734 quod
708 651 750 712 sit
767 652 927 734 posterius
951 649 1163 736 immissum.1)
1214 649 1253 713 4ο
1285 649 1383 714 Dum

263 744 416 828 clamant,
440 743 666 832 metaphoram
690 769 755 811 non
771 750 948 811 convenire
972 769 1047 811 cum
1071 748 1207 833 epistola
1231 747 1380 834 simplici

264 853 295 906 et
327 843 468 908 naturali
501 843 584 928 stylo
618 847 748 930 scripta,
781 843 894 909 fucum
933 846 1069 928 faciunt,
1102 843 1137 910 id
1169 845 1381 909 adverbum

263 942 398 1006 unicum
422 942 639 1028 applicantes,
663 931 752 1029 quod
782 942 864 1006 forte
888 943 996 1030 quoad
1025 943 1177 1030 periodos
1201 942 1383 1029 ampliores

263 1047 442 1125 utcumque
475 1039 541 1105 dici
574 1049 691 1126 posset.
738 1039 862 1126 Ecquis
895 1050 959 1123 est,
993 1043 1049 1128 qui
1082 1044 1301 1125 incongruum
1333 1063 1382 1104 re-

262 1145 356 1220 putet
384 1133 510 1223 aliquid
539 1137 752 1223 allegoricum
785 1141 817 1202 in
853 1139 998 1224 epistolis
1031 1139 1183 1222 scribere,
1217 1148 1253 1203 ut
1277 1140 1380 1203 etiam

262 1233 392 1319 profani
425 1237 608 1321 scriptores,
642 1234 768 1319 Cicero,
792 1236 928 1319 Plinius,
962 1236 1084 1324 aliique
1113 1238 1146 1302 in
1170 1239 1237 1301 suis
1259 1234 1382 1301 litteris

263 1353 328 1394 non
353 1329 556 1398 dubitarunt.
602 1333 782 1398 Nominum
807 1344 918 1399 autem
942 1337 1157 1400 mutationem
1182 1337 1216 1398 in
1239 1333 1380 1420 Aposto-

262 1426 369 1490 lorum
400 1426 517 1494 litteris
548 1429 639 1497 hand
673 1434 863 1496 inusitatam
896 1454 975 1515 esse,
1000 1431 1032 1498 S.
1065 1429 1160 1496 Pauli
1189 1429 1380 1516 exemplum

264 1525 445 1608 confirmat,
479 1529 535 1614 qui
568 1527 603 1592 II
634 1529 721 1594 Tim.
755 1553 783 1594 c.
807 1531 828 1594 4
851 1531 914 1594 ait:
946 1542 976 1594 et
999 1529 1150 1594 liberatus
1173 1553 1240 1594 sum
1264 1552 1304 1592 ese
1329 1551 1380 1592 ore

265 1621 374 1702 leouis,
399 1645 463 1710 quo
496 1628 630 1691 nomine
661 1627 827 1692 Neronem
861 1627 1022 1712 designat,
1056 1627 1127 1712 ejus
1151 1623 1380 1690 crudelitatem

265 1721 453 1804 respiciens.
501 1722 676 1791 Caeterum
709 1725 814 1790 Roma
842 1725 974 1810 gentilis
1006 1724 1092 1790 illius
1122 1725 1279 1810 temporis
1302 1745 1324 1786 a
1349 1723 1382 1788 S.

265 1817 360 1882 Petro
393 1819 436 1884 ad
468 1820 614 1888 Judaeos
651 1821 816 1888 scribente
853 1825 976 1909 optime
1009 1823 1116 1908 potuit
1148 1822 1288 1908 exprimi
1324 1841 1384 1906 per

265 1936 384 1980 nomen
399 1915 590 2003 Babylonis,
606 1942 708 2007 quum
724 1923 786 1984 ista
805 1921 924 1984 civitas
937 1918 1119 2004 Babylonis
1133 1918 1271 1986 Judaeis
1287 1916 1384 1981 sedes

265 2017 443 2101 praecipua
457 2026 489 2081 et
503 2016 690 2102 symbolum
703 2017 865 2100 luxuriae,
881 2017 1086 2104 aliorumque
1100 2018 1275 2082 criminum
1286 2024 1382 2079 esset.

265 2107 431 2196 Impietati
455 2135 533 2180 vero
558 2115 739 2181 effrenatae
763 2123 795 2179 et
818 2114 980 2180 idolorum
1005 2114 1107 2179 cultui
1133 2124 1219 2178 certe
1243 2111 1300 2176 illa
1319 2111 1382 2176 Im·

266 2216 452 2290 paratorum
468 2221 575 2278 aetate
598 2215 743 2279 maxime
766 2211 900 2277 addicta
915 2222 985 2277 erat
1006 2213 1121 2294 Roma,
1145 2233 1231 2298 quae
1245 2211 1383 2274 omnium

265 2307 402 2389 peritiam
433 2311 587 2377 seruiebat
619 2309 786 2389 erroribus,
819 2322 849 2376 st
880 2333 1026 2398 mapsam
1057 2309 1118 2374 sibi
1145 2307 1311 2374 videbatur
1336 2330 1383 2370 as·

267 2406 433 2488 umrpsisse
470 2408 669 2496 relipioaem,
702 2410 778 2496 quio
809 2405 930 2472 nullam
965 2405 1130 2494 respuebat
1154 2403 1382 2493 falsitatem.²)

268 2497 501 2570 Similitudinis
534 2509 644 2593 capita
667 2508 761 2571 varia
793 2506 893 2571 etiam
919 2515 1068 2570 recenset
1095 2503 1247 2585 Orosius,
1271 2526 1293 2567 a
1316 2525 1382 2589 quo

267 2599 397 2684 utrique
420 2602 494 2668 urbi
518 2603 639 2670 dantur
667 2601 782 2669 similis
813 2614 910 2682 orma
944 2603 1057 2668 similis
1082 2603 1239 2690 potentia,
1268 2600 1383 2666 similis

268 2699 460 2782 mapuitudo,
493 2703 614 2768 similia
645 2713 795 2788 tempora,
829 2701 948 2766 similia
980 2701 1071 2777 lona,
1104 2697 1223 2765 similia
1252 2697 1382 2784 malas)

270 2787 381 2858 Facile
404 2818 536 2884 quoque
558 2799 721 2886 conjicere
735 2800 856 2884 poteris
869 2800 1013 2862 rationes
1034 2796 1225 2886 peculiares,
1250 2805 1384 2882 propter
1452 2849 1453 2856 ,

269 2912 350 2976 quas
382 2894 558 2979 prudentia
591 2906 687 2961 utens
719 2893 753 2961 S.
785 2895 901 2961 Petrus
934 2895 1039 2960 noluit
1068 2915 1220 2980 expresse
1250 2895 1384 2957 Romam

270 2989 449 3056 nominare.
496 2993 625 3058 Erroris
649 3015 728 3057 vero
751 3015 810 3079 pro
844 2994 884 3058 iis
917 2993 1038 3080 quibus
1061 2991 1226 3062 scribebat
1255 2989 1383 3055 nullum

270 3097 340 3151 erat
362 3087 555 3174 periculum,
576 3111 679 3177 quum
693 3089 857 3172 Silvanus,
882 3091 938 3176 qui
954 3088 1124 3176 epistolam
1140 3085 1318 3169 deferebat,
1344 3085 1385 3151 de

271 3183 303 3249 S.
319 3185 416 3250 Petro
431 3209 470 3252 ac
486 3187 527 3251 de
541 3187 698 3253 Romanis
713 3196 865 3252 oretenus
879 3186 967 3274 loqui
983 3197 1102 3274 posset.
1126 3223 1169 3234 —-
1192 3185 1231 3250 5⁰
1254 3185 1385 3270 Operae
1451 3261 1452 3274 χ

271 3285 413 3367 pretium
438 3293 486 3348 cst
509 3285 628 3349 iterum
652 3283 925 3366 animadvertere,
952 3286 1050 3349 etiam
1074 3286 1108 3348 in
1122 3284 1274 3368 Liturgia
1299 3283 1384 3345 etin

272 3377 391 3444 Officio
414 3379 572 3465 Syrorum
601 3391 633 3445 et
661 3378 903 3447 Chaldaeorum
932 3380 1112 3447 identidem
1137 3381 1386 3445 commemorari

272 3473 361 3542 Petri
372 3480 597 3565 episcopatum
608 3479 794 3544 Romanum
811 3477 947 3565 ejusque
967 3479 1163 3564 martyrium
1176 3477 1301 3541 Romae
1319 3477 1385 3540 fac·

272 3583 353 3640 tum.
375 3574 427 3639 Ita
451 3597 478 3642 e.
502 3597 533 3660 g.
558 3579 592 3641 in
604 3577 730 3661 Liturg.
742 3575 859 3642 Chald.
884 3577 918 3640 in
934 3575 1031 3642 Festo
1043 3575 1100 3643 SS.
1124 3575 1212 3640 Petri
1236 3583 1270 3638 et
1291 3573 1385 3639 Pauli

272 3671 367 3738 Noct.
391 3669 441 3737 H:
476 3673 604 3738 Fratres
637 3696 779 3738 omaemus
810 3675 1014 3760 nometipsos
1044 3671 1219 3738 eumenidas
1243 3671 1388 3736 laudati·
1450 3703 1451 3752 ς

274 3769 356 3834 libus
388 3781 417 3836 et
451 3773 586 3850 euimiis,
618 3773 654 3836 irs
686 3773 1002 3834 commemorationem
1033 3771 1141 3834 lorum
1168 3767 1388 3856 Apostolorum
1450 3769 1451 3849 l

275 3878 304 3931 et
327 3867 506 3947 Doctorum,
530 3870 584 3956 qui
607 3867 753 3933 doctrina
776 3891 834 3932 sua
856 3869 1005 3931 muudum
1027 3868 1267 3946 illuminantem
1304 3867 1390 3930 Petri

352 4121 358 4150 ,
563 4116 569 4129 .

350 4116 372 4264 'l
390 4115 755 4262 SeLIdlieSdlldlladsllllB.
774 4193 840 4262 App.
860 4190 942 4248 Petro
961 4197 989 4248 et
1007 4189 1094 4246 Pauli.

350 4273 638 4346 Sffimlssca
