2900 4800
441 461 577 514 Judicium
595 461 719 516 criticum
737 462 770 515 de
788 461 900 530 vigilio.
1179 459 1235 514 306

108 605 275 668 stantinus
287 605 322 668 in
336 605 485 688 imperio,
496 603 574 668 fidei
587 604 769 670 catholicae
783 613 1008 690 propugnator
1025 613 1057 668 et
1075 625 1232 689 propaga·

108 713 171 780 ter,
185 710 363 787 perpetuus
376 701 549 766 haeresum
562 704 749 784 insectator,
759 704 795 766 in
805 701 1039 766 Pontificatum
1045 702 1232 766 Romanum

109 809 144 864 et
162 801 197 863 in
213 801 385 885 episcopos
397 798 611 865 ecclesiarum
624 800 943 878 observantissimus,
949 798 1234 886 jurisprudentiae

108 897 312 962 christianae
326 899 490 983 princeps,
515 898 780 984 religiosissimus
800 900 862 979 vir,
880 899 1008 962 sincera
1031 905 1141 960 mente
1158 917 1232 959 cau·

108 1019 181 1060 sam
198 997 389 1080 suscipiens
412 996 573 1060 adversus
602 999 666 1060 tria
689 995 859 1082 Capitula,
883 995 925 1060 de
949 993 1234 1060 insimulatoribus

109 1095 179 1158 suis
203 1093 417 1178 triumphat“
453 1131 495 1144 ·-
527 1093 706 1160 Contendit
729 1096 838 1179 igitur,
863 1115 948 1179 quae
972 1092 1013 1156 dc
1036 1090 1159 1177 Vigilio
1184 1093 1231 1156 in·

105 1193 236 1277 juriosa
260 1199 444 1272 narrantur,
461 1214 482 1256 a
496 1191 724 1256 defensoribus
740 1194 842 1256 trium
858 1189 1084 1275 Capitulorum
1109 1189 1231 1254 calum·

109 1291 202 1354 niosc
227 1311 298 1354 esse
322 1289 473 1370 conficta,
500 1291 656 1375 variaque
680 1289 721 1354 ab
737 1292 779 1354 iis
803 1289 982 1374 composita
1005 1287 1233 1352 fraudulenter

109 1387 320 1451 documenta.
370 1386 475 1470 ,Cum
501 1387 638 1452 indubie
662 1388 866 1452 declaratum
893 1387 1003 1466 fuerit,
1027 1385 1151 1466 scribit,
1185 1387 1231 1450 in-

109 1457 315 1550 fensissimos
338 1485 433 1550 Sedis
466 1484 677 1571 Apostolicae
708 1487 904 1570 praecipuos
933 1483 1048 1548 baberi
1081 1492 1233 1548 auctores

110 1583 229 1646 harum
245 1584 486 1664 narrationum,
511 1605 653 1670 eumque
672 1583 871 1648 luculentius
895 1581 1086 1661 constiterit,
1102 1580 1230 1644 Facun-

110 1681 191 1746 dum
203 1680 490 1763 Hermianensem,
515 1681 708 1746 Liberatum
736 1691 769 1744 et
792 1681 960 1744 Victorem
984 1679 1230 1760 Tununensem,

109 1779 292 1864 aegerrime
315 1800 429 1863 passos
452 1782 552 1842 trium
567 1778 795 1864 Capitulorum
815 1778 1076 1856 damnationem,
1101 1777 1233 1862 scriptis

19 1868 23 1883 '
110 1877 266 1942 nefandis
290 1877 421 1940 adortos
444 1877 546 1941 fuisse
578 1887 649 1941 tum
672 1877 788 1961 Vigilii
819 1878 983 1962 privatam
1007 1885 1040 1938 et
1062 1873 1232 1959 publicam

110 1996 285 2060 personam
322 1976 356 2038 in
380 1974 548 2040 Ecclesiae
580 1979 750 2060 regimine,
786 1986 856 2039 tum
886 1973 1125 2053 Justinianum,
1160 1981 1231 2036 tum

111 2074 252 2137 eximios
277 2073 458 2158 episcopos,
475 2075 613 2159 quisque
629 2074 760 2154 viderit,
777 2073 892 2159 quanti
906 2070 979 2135 ideo
996 2072 1062 2136 sint
1076 2070 1232 2134 facienda

18 2228 22 2237 .
110 2170 228 2234 borum
252 2172 458 2250 testimonia,
483 2181 515 2234 et
542 2172 623 2257 quid
652 2172 818 2256 agendum
847 2171 890 2233 sit
913 2169 954 2233 de
977 2179 1026 2233 tot
1048 2169 1230 2252 scripturis,

111 2269 172 2333 sub
206 2269 311 2354 ipsius
343 2269 454 2354 Papae
487 2279 544 2333 aut
568 2269 708 2334 aliorum
733 2269 821 2334 idem
846 2289 922 2332 cum
951 2289 988 2332 co
1018 2268 1231 2332 sentientium

112 2369 246 2431 nomine
270 2366 377 2448 editis,
410 2370 604 2452 praesertim
635 2370 720 2450 inter
753 2389 788 2430 se
811 2364 1097 2430 colluctantibus.“
1124 2403 1167 2414 «-
1190 2365 1231 2430 In

108 2465 172 2530 fine
197 2466 306 2550 operis
321 2467 372 2528 sui
390 2465 430 2530 cl.
452 2466 614 2529 Vincenzi
631 2464 778 2552 Sylloqeu
794 2467 933 2530 inseruit
947 2464 1233 2528 matrudictioaam

108 2566 190 2627 sister
222 2561 392 2628 catholicos
427 2573 457 2626 et
488 2565 700 2628 schimaticos
731 2567 766 2626 ia
795 2563 929 2626 bistonio
961 2563 1153 2647 quaestionis
1191 2561 1230 2624 de

17 2702 23 2713 ·
109 2661 207 2725 uitur
234 2658 402 2746 Capitulis,
435 2660 549 2746 ibique
573 2664 762 2725 summatim
793 2669 973 2739 enumerat,
998 2681 1082 2745 quae
1107 2657 1229 2722 bacin

16 2758 21 2827 ἶ
110 2781 143 2822 re
178 2783 198 2822 a
236 2757 455 2824 schismaticis
491 2759 632 2823 conficta
665 2769 698 2822 et
731 2760 900 2844 supposita
937 2767 1058 2821 censet.
1106 2755 1231 2821 Omnia

17 2844 21 2915 Ῑ
110 2877 192 2942 qnae
216 2857 342 2940 Vigilio
367 2867 400 2922 et
421 2858 611 2922 Justiniano
635 2857 830 2943 Imperatori
855 2857 965 2918 minus
990 2853 1094 2938 proba
1118 2863 1150 2916 et
1174 2854 1230 2918 ho·

108 2967 201 3021 nesta
224 2955 461 3034 attribuuntur,
486 2958 611 3041 exipso
626 2953 828 3019 calumniose
852 2953 992 3018 conficte
1016 2961 1102 3016 sunt.
1129 2953 1229 3016 Dam-

109 3057 267 3118 nationem
293 3054 451 3117 Tleeodori
477 3052 702 3130 Caesariensis,
726 3051 926 3139 Euryclicum
955 3048 1065 3134 Vipitii
1095 3049 1230 3114 destris

109 3154 284 3230 aerumnis,
312 3150 519 3217 Constitutum
550 3149 657 3236 Viqr’lr'i
680 3161 827 3236 tempore
851 3148 977 3233 Synodi
1001 3148 1125 3230 datum,
1150 3147 1228 3212 alia-

111 3271 171 3334 que
205 3250 404 3314 documenta
435 3251 549 3313 statuit
572 3269 642 3313 esse
667 3249 886 3334 supposititia.
934 3245 1120 3311 Concordia
1142 3248 1230 3311 inter

111 3347 270 3432 Vigilium
295 3357 326 3411 et
349 3347 575 3412 Justinianum
600 3349 836 3432 episcoposque
859 3344 1032 3410 orientales
1055 3365 1228 3430 nunquam

111 3445 171 3510 fuit
207 3445 349 3510 turbata.
396 3445 539 3529 Vigilius
574 3467 641 3510 non
676 3445 783 3508 adfuit
818 3442 966 3508 Concilio
1002 3464 1044 3505 ex
1070 3441 1227 3526 prudenti

112 3543 253 3627 quadam
289 3545 497 3625 oeconomia,
534 3564 675 3628 sequens
712 3541 900 3627 exemplum
936 3540 1226 3626 praedecessorum

112 3661 252 3722 suorum,
286 3641 344 3705 sed
377 3663 506 3726 semper
538 3641 601 3704 fuit
624 3641 833 3704 adversarius
861 3641 961 3702 trium
986 3637 1225 3722 Capitulorum,

112 3747 142 3800 et
163 3741 333 3825 aptissima
356 3741 641 3824 argumentatione
665 3740 855 3822 praemissa,
880 3757 1022 3800 consone
1046 3755 1123 3799 cum
1142 3733 1226 3800 Con-

113 3835 184 3900 cilio
210 3835 396 3902 Constituto
421 3859 480 3900 sue
505 3835 681 3923 (secundo)
705 3857 744 3899 ea
769 3836 952 3900 damnavit.

199 3936 249 4000 73.
274 3933 432 3998 Attamen
462 3934 525 3999 boc
548 3935 718 3998 Vincentii
751 3944 895 4018 systema
918 3931 1030 3996 solidis
1054 3951 1226 4014 argumen·
1243 3955 1303 3997 mur
1320 3957 1397 4001 orrea

16 4099 17 4108 χ
112 4031 153 4094 tis
175 4053 239 4096 non
262 4034 389 4113 nititur,
415 4043 447 4096 et
471 4055 555 4117 quae
585 4041 776 4096 asseruntur
808 4031 899 4096 haud
929 4031 1008 4094 satis
1031 4029 1224 4114 probantur.

16 4137 17 4176 Τ
112 4127 178 4192 Nec
201 4130 330 4194 admitti
363 4139 479 4216 potest,
514 4150 652 4194 coaevos
686 4131 868 4214 scriptores,
895 4129 1047 4214 quamvis
1071 4127 1225 4191 adversa-

111 4237 220 4292 rentur
230 4227 365 4312 vigilio,
376 4229 512 4292 linxisse
522 4227 574 4290 vel
587 4229 732 4312 potuisse
745 4227 869 4312 fingere
883 4229 995 4292 omnia
1007 4227 1071 4290 ista
1084 4247 1168 4312 quae
1183 4225 1225 4289 de
