2766 4836
453 487 554 543 Liberii
572 490 699 546 encomia
1098 493 1133 546 ts

49 625 176 710 lubitum,
202 629 298 714 eique
321 631 503 716 praemittit
534 631 617 698 haec
645 631 766 698 verba:
804 633 937 720 Tempus
965 645 1021 715 est,
1044 657 1134 699 soror

48 737 142 805 meac,
163 750 203 791 ca
224 751 304 814 qaae
326 751 441 792 mactem
464 731 605 818 conferre
628 732 710 797 soles
732 731 842 796 beatae
864 733 1030 798 memoriae
1045 733 1133 797 bibe-

47 826 78 886 rii
90 836 255 912 praecepta
276 827 440 910 revomere,
472 839 508 892 at
539 853 598 916 quo
621 831 672 894 uir
699 830 848 909 sanctior,
871 849 905 893 co
929 853 1027 895 sernia
1051 853 1132 894 acce·

46 919 89 984 iot
105 924 229 1009 pedor.
254 923 298 988 Et
321 947 393 1010 cap.
417 927 439 989 4
461 936 535 1012 post
546 928 718 992 recitatam
742 927 923 991 orationem
947 927 1132 1014 subjungit:

46 1019 114 1084 llaec
133 1033 229 1086 tecum
252 1035 380 1088 sanctae
403 1027 570 1089 memoriae
602 1025 756 1089 Liberius.
802 1023 854 1089 Ita
880 1023 1076 1111 loquebatur
1099 1025 1132 1094 S.

44 1117 224 1202 Ambrosius,
248 1121 381 1206 quando
405 1141 519 1187 recens
542 1132 613 1187 erat
634 1121 724 1210 apud
737 1122 903 1187 Romanos
926 1125 1084 1188 memoria
1099 1123 1132 1191 S.

44 1214 154 1298 liberii,
176 1217 222 1282 ad
245 1240 388 1283 sororem
403 1219 628 1286 Mareellinam
651 1221 775 1285 Romae
798 1219 1014 1288 habitantem.
1048 1221 1133 1287 (lum

43 1323 130 1377 sutem
163 1314 248 1380 haec
270 1316 441 1382 Liberium
474 1327 541 1383 toto
575 1318 787 1404 pontificatus
817 1327 963 1404 tompore
990 1322 1132 1402 novisse,

42 1431 70 1474 ae
88 1412 203 1478 Romae
227 1423 296 1478 tem
319 1425 396 1480 ante
420 1437 518 1502 quam
543 1425 618 1502 post
647 1417 784 1481 exilium
807 1416 997 1503 frequenter
1018 1417 1133 1483 videre

42 1507 177 1594 debuerit,
203 1533 271 1577 non
293 1513 622 1602 poterat⁴(quantum
637 1513 783 1602 videtur)
806 1513 853 1580 ita
876 1524 1024 1580 sanctam
1048 1535 1132 1580 eoro-

41 1627 91 1670 reru
120 1609 242 1696 alloqui
276 1610 487 1695 Ambrosius,
522 1614 585 1677 nisi
624 1615 780 1695 novisset,
814 1632 968 1698 magnam
1002 1634 1133 1701 quoque

40 1702 120 1770 insse
140 1709 246 1795 ipsius
269 1711 546 1776 existimationem
571 1711 611 1775 de
639 1712 812 1776 sanctitate
835 1731 964 1774 morum
987 1713 1133 1776 viventis

40 1803 116 1868 etde
136 1807 226 1872 felici
248 1809 339 1872 vitae
363 1810 464 1874 exitu.

106 1992 157 2058 66.
181 1995 311 2060 Pariter
333 2005 403 2060 tum
426 1996 515 2083 apud
539 1995 772 2062 Occidentales
804 2001 874 2058 tum
904 1994 994 2080 apud
1017 1993 1133 2060 Orien·
1149 2030 1231 2072 Μ
1246 2043 1290 2074 m-

41 2086 101 2154 talcs
121 2095 355 2158 vetustissimis
377 2095 485 2159 Fastis
517 2094 684 2179 adscripta
716 2102 765 2158 est
787 2093 893 2157 sancti
916 2091 1043 2157 Liberii
1067 2113 1132 2157 me
1179 2093 1257 2135 ”⁰¹¹¹-

41 2191 130 2270 non'a,
152 2189 272 2256 nullibi
297 2194 440 2256 oeeunit
468 2193 590 2257 mentio
613 2191 741 2278 lapsus„
768 2190 826 2255 sed
849 2191 920 2277 ejus
943 2190 1020 2256 fidei
1045 2211 1133 2276 egre·

39 2285 78 2364 ais
99 2289 199 2354 virtus
222 2289 416 2355 celebretur.
463 2290 519 2356 Sic
551 2313 584 2355 v.
607 2312 638 2375 g.
672 2291 706 2354 iu
730 2287 916 2373 Menologio
944 2287 1131 2352 Basiliano:

38 2379 66 2444 B.
86 2385 225 2452 laberius
247 2389 393 2453 veritatis
409 2399 631 2476 propaqaator
658 2386 843 2453 Cossutarstio
865 2387 1040 2473 imperante
1063 2396 1132 2451 erat

39 2479 179 2549 Romanas
202 2487 367 2572 epiecopus
399 2537 406 2552 .
431 2536 439 2551 .
474 2535 481 2550 .
512 2487 680 2573 Postquam
702 2483 832 2549 maltam
853 2485 1018 2572 redarpuit
1041 2494 1132 2571 atpae

39 2577 191 2666 increpavit
206 2584 430 2648 baereticorum
447 2585 649 2670 impietatem,
664 2584 699 2647 in
713 2581 865 2646 Beroeam
883 2581 1036 2646 lbraciae
1060 2583 1132 2646 ciui·

40 2683 113 2741 lolem
134 2691 180 2744 est
202 2681 370 2769 relepotus.
417 2681 462 2746 At
485 2705 552 2746 cnm
572 2681 711 2746 Romani
724 2679 792 2764 fide
816 2689 846 2744 et
868 2677 1035 2743 dilectione
1059 2703 1133 2766 erpa

40 2771 109 2838 llum
129 2791 232 2844 esseut
254 2780 400 2858 decincti,
418 2790 612 2846 accesserant
631 2779 675 2842 ad
689 2779 911 2864 imperatorem
934 2789 1134 2862 eaposcmm

39 2893 107 2954 emm
128 2901 166 2941 oc
184 2889 359 2965 propterea
382 2881 515 2943 Romam
537 2879 650 2942 iterum
677 2879 791 2940 missas
813 2897 881 2938 cum
904 2897 992 2938 mam
1013 2897 1133 2961 prepem

39 2981 99 3035 rrae
118 2976 330 3062 yrsbernasset,
355 2977 496 3042 decessit.
542 2975 600 3042 SS.
619 2974 846 3061 Epiphanius,
878 2971 1031 3053 Basilius,
1056 2973 1132 3036 Siri-

38 3069 100 3154 rius,
122 3093 243 3160 magno
268 3095 344 3139 eum
366 3073 490 3140 honore
515 3083 551 3139 ut
574 3073 748 3138 beatissimi
771 3072 910 3159 episcopi
931 3071 1131 3134 mentionem

38 3165 144 3236 iaciunt
165 3173 305 3256 Liberii;
335 3196 397 3239 nec
429 3173 500 3260 ejus
521 3169 651 3258 lapsum
684 3176 959 3250 commemorant3
983 3165 1131 3233 Theodo-

37 3279 106 3334 mtus
128 3273 236 3358 ipsum
259 3271 416 3336 laudibus
440 3271 594 3336 cumulat.
640 3271 686 3335 Et
708 3268 861 3355 quamvis
883 3266 918 3330 in
941 3265 1132 3349 Martyrolo·

38 3365 77 3446 tio
96 3369 242 3436 Romano
272 3369 428 3435 Liberius
461 3373 545 3434 inter
577 3369 715 3434 Sanctus
747 3387 814 3432 nou
846 3371 1063 3443 recenseatur,
1096 3364 1130 3426 in

38 3461 167 3544 pluribus
190 3479 302 3536 tamen
325 3467 399 3533 aliis
429 3469 574 3554 antiquis
606 3465 864 3552 Martyrologiis,
893 3461 942 3526 uti
966 3462 1000 3524 in
1024 3461 1132 3524 Fastis

39 3559 308 3652 Hieronymianis,
344 3569 379 3632 in
418 3565 652 3651 Martyrologio
688 3564 901 3647 Augustam,
936 3557 1131 3640 Turonensi,

38 3654 209 3733 Gelonemi
232 3666 303 3752 ejus
326 3687 447 3730 nomen
471 3659 514 3728 ad
547 3663 636 3728 diem
659 3663 701 3728 23
726 3657 929 3746 Septembris
953 3657 1131 3720 invenitur.

39 3755 112 3823 llaec
125 3762 274 3826 validum
298 3772 412 3827 creant
434 3761 676 3849 praejudicium
692 3767 806 3823 contra
828 3755 1035 3841 suppositum
1049 3754 1132 3817 Pon·

39 3855 117 3923 tifieis
138 3860 277 3948 lapsum.
286 3861 310 3947 ¹)

97 4102 120 4156 'l
137 4100 208 4155 siue
224 4101 289 4156 baec
308 4116 350 4170 ap.
376 4101 492 4169 Stllting
515 4101 532 4156 l.
552 4115 573 4154 c.
601 4099 624 4170 9.
645 4100 669 4154 1.
690 4129 721 4139 -
743 4098 832 4152 Etiam
864 4097 960 4151 Graeci
978 4097 1132 4151 memoriam

39 4173 57 4224 S,
72 4178 163 4234 Liberti
188 4197 241 4235 nna
259 4199 318 4236 cum
337 4183 464 4237 memoria
483 4183 507 4235 S.
531 4181 607 4235 Hosii
631 4178 768 4232 celebrant
795 4179 829 4232 sd
858 4179 925 4232 uem
952 4178 986 4230 27
1005 4179 1131 4245 Augusti,

39 4273 77 4320 luo
100 4261 141 4316 die
169 4261 266 4317 Hosius
296 4263 455 4332 perhibetur
480 4261 631 4316 detunctus.
675 4259 763 4312 Minus
786 4260 874 4313 severi
903 4258 1009 4325 quidem
1035 4257 1132 4311 Graeci

72 4360 193 4418 imm,
210 4363 384 4408 Diuertetiosms.
412 4364 470 4406 Tum.
490 4363 515 4405 ll.
1009 4357 1027 4412 4
