2806 4848
496 468 640 526 Eummtic
659 468 733 528 lacti
1117 476 1166 530 141

79 615 189 681 viderit
236 613 411 679 Caeterum
445 635 559 678 susam
592 636 634 678 ex
667 636 704 678 eo
733 616 870 699 siugulis
893 617 1005 682 datam
1028 641 1096 682 esse
1120 621 1167 684 vi-

78 713 134 794 deo,
157 723 192 777 ut
215 713 335 778 delicta
358 735 417 776 sua
450 713 593 776 invicem
623 712 764 797 amplius
798 735 864 778 non
893 727 1080 801 coarguant,
1104 739 1166 782 nec

76 811 235 876 observent
262 821 473 896 praeceptum
506 809 588 873 illud
615 809 763 895 Apostoli
797 811 885 896 quod
913 814 958 876 ita
986 837 1020 878 se
1047 813 1164 878 babet:

74 909 166 974 Nolite
188 910 433 974 communicare
455 907 608 993 operibus
632 909 841 972 infructuosis
864 909 1081 994 tenebrarum,
1106 915 1163 978 sed

73 1011 165 1092 potius
187 1007 382 1092 redarguite.
407 1007 530 1070 Verum
554 1005 596 1070 de
618 1005 669 1070 bis
692 1007 799 1071 satis.“

146 1107 175 1172 6.
201 1104 299 1170 Modo
318 1106 389 1190 jam
409 1103 591 1186 videamus,
610 1103 773 1189 quomodo
788 1104 988 1170 Sozomenus
1011 1108 1163 1174 eumdem

71 1205 175 1268 referat
198 1213 371 1284 eventum3
405 1201 499 1287 plura
532 1202 665 1288 quidem
700 1201 832 1267 videtur
856 1215 1020 1268 mutuasse
1044 1228 1085 1270 ex
1109 1207 1164 1272 So-

71 1311 153 1384 crate,
177 1300 337 1366 nonnulla
359 1311 469 1364 tamen
492 1299 586 1364 addit
609 1323 693 1386 quae
715 1300 846 1364 novisse
870 1304 1034 1368 convenit.
1083 1305 1166 1388 ,Per
1199 1317 1308 1358 ιιιιιιιιιιί

70 1399 142 1464 idem
165 1413 312 1484 tempus,
345 1398 468 1479 scribit,
501 1398 674 1462 Nectarius
698 1395 851 1462 CPtanns
883 1400 1056 1486 episcopus
1079 1425 1163 1488 pres
1199 1379 1300 1421 ”mm

69 1497 208 1581 byternm
233 1495 325 1560 illum
349 1498 404 1582 qui
437 1497 640 1581 praepositus
664 1506 734 1560 erat
761 1497 1015 1581 poenitentibus,
1039 1502 1163 1584 primus

67 1619 99 1660 ex
128 1595 268 1660 ecclesia
302 1591 442 1658 sustulit.
489 1591 593 1679 Cujus
625 1593 813 1679 exemplum
846 1616 958 1659 omnes
982 1596 1049 1660 fere
1083 1600 1162 1684 epis-

67 1697 125 1780 copi
156 1705 272 1782 postes
302 1703 379 1756 sunt
409 1694 522 1756 secuti.
569 1691 659 1772 Quid
690 1703 801 1756 autem
836 1691 898 1756 hoc
928 1694 979 1772 sit,
1010 1706 1043 1758 ct
1075 1695 1162 1760 unde

66 1795 215 1876 originem
239 1792 422 1875 sumpserit,
447 1800 480 1852 et
502 1812 601 1876 quam
617 1790 659 1854 ob
684 1811 818 1854 oausam
841 1789 1005 1854 sublatum
1030 1794 1080 1874 sit,
1105 1793 1161 1857 alii

64 1891 184 1975 quidem
210 1889 306 1954 aliter
328 1889 464 1952 fortasse
488 1898 631 1953 narrant.
677 1887 748 1972 Ego
782 1909 858 1952 vero
883 1909 921 1952 ea
945 1889 1054 1953 dicam
1077 1912 1162 1975 quac

64 1991 163 2053 sentio.
214 1986 298 2051 Cum
324 1987 357 2049 in
380 1984 469 2050 nullo
489 1987 619 2071 penitus
632 2007 768 2070 peceare
792 1986 965 2050 divinioris
988 1987 1161 2072 eujusdam

63 2097 187 2150 namrae
213 2087 256 2149 sit
288 2094 320 2147 et
351 2083 497 2148 humana
525 2085 788 2169 praestantioris,
816 2084 1060 2170 poenitentibus
1083 2108 1160 2150 vero

62 2185 176 2248 etiarnsi
203 2185 335 2268 saepius
358 2181 556 2266 deliquerint
576 2183 707 2246 veniam
727 2181 805 2246 dare
827 2181 921 2246 Deus
943 2187 1159 2268 praeceperit3

61 2301 190 2367 cumque
226 2282 260 2344 in
292 2279 434 2365 peteuda
465 2281 564 2343 venia
595 2287 767 2366 peccatum
800 2282 982 2344 necessario
1013 2281 1159 2346 confiteri

61 2391 212 2463 oporteat3
236 2399 337 2464 grave
370 2399 409 2442 ac
433 2377 605 2442 molestum
628 2377 670 2442 ab
700 2379 793 2442 initio
812 2379 888 2463 jure
911 2379 1026 2443 merito
1052 2381 1159 2444 visum

60 2487 99 2539 est
124 2475 363 2558 sacerdotibus,
387 2487 545 2562 tanquam
576 2477 610 2540 in
640 2475 776 2558 theatro,
806 2477 1038 2541 circumstante
1061 2480 1159 2542 totius

61 2572 219 2640 Ecclesiae
258 2573 476 2657 multitudine,
511 2576 650 2639 crimina
673 2597 733 2638 sua
763 2573 927 2658 evulgare.
977 2575 1093 2661 Itaque
1116 2600 1158 2642 ex

59 2673 251 2757 presbyteris
282 2672 425 2758 aliquem
462 2675 520 2758 qni
559 2674 647 2738 vitae
683 2674 869 2756 integritate
902 2675 1158 2757 spectatissimus

1 2815 2 2818 ,
58 2783 144 2850 esset,
180 2783 214 2834 et
246 2771 469 2836 taciturnitate
501 2793 540 2834 ac
572 2771 747 2857 prudentia
779 2769 923 2856 polleret,
948 2769 1027 2835 huic
1049 2774 1157 2838 officio

1 2895 2 2960 p
57 2869 278 2950 praefecerunt
287 2868 333 2954 ι),·
364 2869 407 2934 ad
448 2891 545 2955 quem
581 2869 776 2934 accedentes
807 2870 830 2932 ii
859 2870 914 2954 qui
953 2867 1159 2954 deliquerant

119 3115 153 3214 ¹)
156 3115 263 3170 'sextus
287 3132 400 3185 graecus
418 3115 512 3171 hebet:
535 3117 608 3170 Ἐπεὶ
623 3119 675 3190 γάρ
693 3120 723 3170 τό
736 3121 774 3189 ιιή
788 3126 957 3184 uamsloic‘
941 3133 1074 3196 αμαριιῖν
1088 3133 1157 3182 θεω-

56 3199 120 3264 ripn<
138 3197 153 3262 ἢ
180 3195 248 3249 amri
275 3198 424 3267 ἄνθρωπον
442 3197 528 3250 ἐδεῖτο
547 3198 660 3268 φύσεως
680 3205 930 3274 ιιειιιμιλοιιιιιοοις
948 3207 976 3258 di
995 3211 1038 3258 scri
1057 3209 1156 3260 πολλά-

53 3295 86 3334 κις
101 3277 294 3346 cipoeprsrvovcs
312 3277 479 3347 συγγνώμην
498 3280 616 3348 νέμειν
602 3299 617 3330 o
639 3280 702 3338 esdr
720 3285 938 3352 παρεκελεύσατο,
958 3289 986 3340 ἐν
1005 3293 1041 3354 rqi
1059 3307 1156 3360 ιιιιριιι-

54 3375 83 3406 ιι
80 3363 151 3410 obus
171 3361 376 3428 συνομολογεῖν
394 3359 442 3424 τήν
466 3358 603 3430 ἁμαρτίαν
627 3379 718 3430 χριωιι
736 3366 869 3432 φορτικόν
887 3366 922 3425 ὠς
940 3367 1009 3426 εἰκὸς
1027 3370 1087 3433 ἐξ’
1071 3376 1157 3440 αρχῆς

55 3441 125 3495 scin
117 3441 242 3536 asperiore
265 3438 365 3503 ἔδοξεν,
394 3438 475 3498 sicis
460 3443 598 3510 θνέαιρω
622 3438 675 3492 siud
695 3441 814 3514 μάρτυρι
834 3450 871 3512 τῷ
889 3448 986 3513 πλήθει
1005 3453 1049 3513 τῆ·
1067 3451 1155 3518 ἐκκλη-

52 3521 104 3576 σίας
121 3520 169 3578 nic
188 3519 325 3588 ἁμαρτίας
342 3521 515 3588 ἐξαγγέλλειν·
536 3520 718 3592 πρεσβύτερον
746 3521 963 3598 districtiorem
981 3531 1154 3599 uoisrsvous'-

54 3616 99 3648 surr
115 3599 263 3668 ἒχίμυθόι
282 3618 307 3652 ιε
327 3601 403 3651 καί
389 3619 499 3670 ιμφρου
518 3601 560 3652 s'ul
580 3605 658 3652 ιοῠιο
679 3603 825 3672 inclytum
844 3613 958 3663 etc-
989 3584 1154 3677 Epiphanius

51 3676 224 3734 eremiticus
243 3685 273 3734 et
290 3679 461 3736 Cassiodorus
481 3681 562 3744 (Hist.
586 3669 694 3748 tri'pert
718 3683 749 3738 L.
769 3687 792 3738 9.
812 3702 826 3740 c
853 3689 898 3756 35)
918 3688 1000 3744 verba
1018 3690 1155 3746 Sozomeni

50 3756 84 3810 ita
101 3759 292 3814 reddiderunt:
320 3761 468 3828 .Qucnism
491 3761 598 3816 omuino
626 3779 679 3817 uon
697 3780 805 3831 peccare
823 3767 951 3834 divinum,
970 3775 999 3824 et
1016 3771 1089 3824 ultra
1106 3772 1153 3826 hu-

50 3853 148 3894 manam
167 3847 297 3894 naturum
324 3857 382 3896 esse
399 3843 577 3911 cognoscitur.
604 3844 778 3910 peccantibus
805 3853 894 3902 autem
913 3855 941 3903 et
958 3851 1154 3916 poenitentiam

49 3920 190 3986 agentibus
209 3921 317 3976 veniam
329 3921 401 3978 Deus
411 3923 469 3976 duri
481 3923 625 3992 praecepit,
639 3924 684 3990 qui
698 3941 760 3978 vero
773 3926 893 3982 confiteri
907 3929 1048 3998 refugiunt
1068 3951 1081 3983 n
1094 3934 1153 4002 ujus

49 4009 212 4064 peecatorum
231 4017 297 4056 onus
316 4002 471 4070 acquirunt:
499 4009 641 4072 propterea
668 4005 755 4058 visum
774 4013 815 4060 est
839 4009 957 4076 antiquis
975 4011 1152 4080 pontificibus,

48 4089 74 4132 ut
90 4081 169 4136 vdut
187 4081 216 4136 iu
236 4082 342 4138 theatro
360 4083 409 4138 sub
437 4084 591 4138 testimonio
619 4085 791 4141 ecclesiastici
810 4089 899 4156 populi
918 4089 1017 4144 delicta
1035 4094 1151 4160 pandan-

48 4167 93 4221 tur.
121 4169 152 4216 et
179 4163 215 4216 ad
242 4162 311 4217 bunc
337 4179 393 4218 rem
410 4164 597 4234 presbyterum
616 4165 701 4219 bonae
719 4169 929 4224 conversationis
948 4179 1152 4242 servantemque

47 4249 174 4298 secretum
193 4259 225 4296 ar
243 4244 392 4312 sapientem
410 4245 498 4300 virum
511 4247 719 4312 statuarumque
737 4263 815 4315 quem
833 4251 987 4306 accedentes
1005 4253 1025 4306 ii
1044 4254 1089 4321 qui
1108 4255 1151 4310 de·
