<?xml version="1.0" encoding="UTF-8"?>
<!DOCTYPE html PUBLIC "-//W3C//DTD XHTML 1.0 Transitional//EN"
    "http://www.w3.org/TR/xhtml1/DTD/xhtml1-transitional.dtd">
<html xmlns="http://www.w3.org/1999/xhtml" xml:lang="en" lang="en">
 <head>
  <title>
</title>
<meta http-equiv="Content-Type" content="text/html;charset=utf-8" />
  <meta name='ocr-system' content='tesseract 3.04.00' />
  <meta name='ocr-capabilities' content='ocr_page ocr_carea ocr_par ocr_line ocrx_word'/>
</head>
<body>
  <div class='ocr_page' id='page_1' title='image "./dissertationess02junggoog_0149.png"; bbox 0 0 2924 4818; ppageno 0'>
   <div class='ocr_carea' id='block_1_1' title="bbox 117 621 216 735">
    <p class='ocr_par' dir='ltr' id='par_1_1' title="bbox 117 621 216 735">
     <span class='ocr_line' id='line_1_1' title="bbox 117 621 216 664; baseline 0.02 -2"><span class='ocrx_word' id='word_1_1' title='bbox 117 621 216 664; x_wconf 61' lang='lat' dir='ltr'><strong><em>suaa</em></strong></span> 
     </span>
     <span class='ocr_line' id='line_1_2' title="bbox 126 684 211 735; baseline 0.012 -11"><span class='ocrx_word' id='word_1_2' title='bbox 126 684 211 735; x_wconf 77' lang='lat' dir='ltr'><strong><em>phorm.</em></strong></span> 
     </span>
    </p>
   </div>
   <div class='ocr_carea' id='block_1_2' title="bbox 258 451 1129 521">
    <p class='ocr_par' dir='ltr' id='par_1_2' title="bbox 258 451 1129 521">
     <span class='ocr_line' id='line_1_3' title="bbox 258 451 1129 521; baseline -0.003 -12"><span class='ocrx_word' id='word_1_3' title='bbox 258 457 310 510; x_wconf 81' lang='lat' dir='ltr'><strong><em>lae</em></strong></span> <span class='ocrx_word' id='word_1_4' title='bbox 499 453 539 508; x_wconf 81' lang='lat' dir='ltr'><strong><em>De</em></strong></span> <span class='ocrx_word' id='word_1_5' title='bbox 558 453 633 508; x_wconf 74' lang='lat' dir='ltr'><strong><em>Rom</em></strong></span> <span class='ocrx_word' id='word_1_6' title='bbox 652 453 731 510; x_wconf 87' lang='lat' dir='ltr'><strong><em>Pont.</em></strong></span> <span class='ocrx_word' id='word_1_7' title='bbox 750 453 851 508; x_wconf 71' lang='lat' dir='ltr'><strong><em>monti</em></strong></span> <span class='ocrx_word' id='word_1_8' title='bbox 870 451 949 521; x_wconf 84' lang='lat' dir='ltr'><strong><em>primi</em></strong></span> <span class='ocrx_word' id='word_1_9' title='bbox 968 459 997 508; x_wconf 85' lang='lat' dir='ltr'><strong><em>et</em></strong></span> <span class='ocrx_word' id='word_1_10' title='bbox 1014 451 1129 508; x_wconf 65' lang='lat' dir='ltr'><strong><em>usundi.</em></strong></span> 
     </span>
    </p>
   </div>
   <div class='ocr_carea' id='block_1_3' title="bbox 254 596 1381 2152">
    <p class='ocr_par' dir='ltr' id='par_1_3' title="bbox 254 596 1381 2152">
     <span class='ocr_line' id='line_1_4' title="bbox 345 596 1379 686; baseline -0.002 -22"><span class='ocrx_word' id='word_1_11' title='bbox 345 599 400 666; x_wconf 81' lang='lat'><strong><em>39.</em></strong></span> <span class='ocrx_word' id='word_1_12' title='bbox 424 599 457 666; x_wconf 89' lang='lat' dir='ltr'><strong><em>S.</em></strong></span> <span class='ocrx_word' id='word_1_13' title='bbox 474 596 798 684; x_wconf 76' lang='lat' dir='ltr'>Telesphorus,</span> <span class='ocrx_word' id='word_1_14' title='bbox 816 598 860 684; x_wconf 74' lang='lat' dir='ltr'><strong><em>(a.</em></strong></span> <span class='ocrx_word' id='word_1_15' title='bbox 874 597 1379 686; x_wconf 71' lang='lat' dir='ltr'><strong><em>let-139)succossitS.sixt0</em></strong></span> 
     </span>
     <span class='ocr_line' id='line_1_5' title="bbox 257 694 1380 783; baseline 0 -21"><span class='ocrx_word' id='word_1_16' title='bbox 257 699 345 762; x_wconf 86' lang='lat' dir='ltr'><strong><em>circa</em></strong></span> <span class='ocrx_word' id='word_1_17' title='bbox 367 719 491 762; x_wconf 89' lang='lat' dir='ltr'><strong><em>annum</em></strong></span> <span class='ocrx_word' id='word_1_18' title='bbox 517 697 591 760; x_wconf 78' lang='lat'><strong>127.</strong></span> <span class='ocrx_word' id='word_1_19' title='bbox 615 695 668 760; x_wconf 94' lang='lat' dir='ltr'><strong><em>De</em></strong></span> <span class='ocrx_word' id='word_1_20' title='bbox 698 697 767 782; x_wconf 87' lang='lat' dir='ltr'><strong><em>ipso</em></strong></span> <span class='ocrx_word' id='word_1_21' title='bbox 798 695 881 760; x_wconf 83' lang='lat' dir='ltr'><strong><em>haec</em></strong></span> <span class='ocrx_word' id='word_1_22' title='bbox 911 694 1012 761; x_wconf 88' lang='lat' dir='ltr'><strong><em>habet</em></strong></span> <span class='ocrx_word' id='word_1_23' title='bbox 1035 697 1210 783; x_wconf 74' lang='lat' dir='ltr'><strong><em>(latalogus</em></strong></span> <span class='ocrx_word' id='word_1_24' title='bbox 1234 695 1380 762; x_wconf 78' lang='lat' dir='ltr'><strong><em>Felicia·</em></strong></span> 
     </span>
     <span class='ocr_line' id='line_1_6' title="bbox 256 792 1381 881; baseline 0 -21"><span class='ocrx_word' id='word_1_25' title='bbox 256 818 334 860; x_wconf 88' lang='lat' dir='ltr'><strong><em>nus:</em></strong></span> <span class='ocrx_word' id='word_1_26' title='bbox 363 796 511 881; x_wconf 84' lang='lat' dir='ltr'><strong><em>Telespor</em></strong></span> <span class='ocrx_word' id='word_1_27' title='bbox 532 796 661 858; x_wconf 75' lang='lat' dir='ltr'><strong><em>natiorre</em></strong></span> <span class='ocrx_word' id='word_1_28' title='bbox 689 792 838 872; x_wconf 75' lang='lat' dir='ltr'><strong><em>Graemts,</em></strong></span> <span class='ocrx_word' id='word_1_29' title='bbox 871 817 912 858; x_wconf 74' lang='lat' dir='ltr'><strong><em>eo</em></strong></span> <span class='ocrx_word' id='word_1_30' title='bbox 935 796 1138 878; x_wconf 74' lang='lat' dir='ltr'><strong><em>Anadsors&#39;tn,</em></strong></span> <span class='ocrx_word' id='word_1_31' title='bbox 1166 799 1248 864; x_wconf 78' lang='lat' dir='ltr'><strong><em>sedit</em></strong></span> <span class='ocrx_word' id='word_1_32' title='bbox 1271 820 1381 862; x_wconf 65' lang='lat' dir='ltr'><strong><em>aratos</em></strong></span> 
     </span>
     <span class='ocr_line' id='line_1_7' title="bbox 255 892 1381 978; baseline -0.002 -20"><span class='ocrx_word' id='word_1_33' title='bbox 255 895 407 972; x_wconf 76' lang='lat' dir='ltr'><strong><em>undecim,</em></strong></span> <span class='ocrx_word' id='word_1_34' title='bbox 432 892 737 969; x_wconf 60' lang='lat' dir='ltr'><strong><em>memoraretur</em></strong></span> <span class='ocrx_word' id='word_1_35' title='bbox 767 894 881 978; x_wconf 64' lang='lat' dir='ltr'><strong><em>mp&#39;nti</em></strong></span> <span class='ocrx_word' id='word_1_36' title='bbox 902 916 1007 958; x_wconf 71' lang='lat' dir='ltr'><strong><em>mum.</em></strong></span> <span class='ocrx_word' id='word_1_37' title='bbox 1056 897 1119 962; x_wconf 86' lang='lat' dir='ltr'><strong><em>Hic</em></strong></span> <span class='ocrx_word' id='word_1_38' title='bbox 1141 897 1315 972; x_wconf 68' lang='lat' dir='ltr'><strong><em>mentituit,</em></strong></span> <span class='ocrx_word' id='word_1_39' title='bbox 1340 905 1381 956; x_wconf 86' lang='lat' dir='ltr'><strong><em>at</em></strong></span> 
     </span>
     <span class='ocr_line' id='line_1_8' title="bbox 256 989 1379 1079; baseline 0.002 -23"><span class='ocrx_word' id='word_1_40' title='bbox 256 1003 370 1078; x_wconf 80' lang='lat' dir='ltr'><strong><em>septem</em></strong></span> <span class='ocrx_word' id='word_1_41' title='bbox 393 989 594 1056; x_wconf 71' lang='lat' dir='ltr'><em>hebdomadis</em></span> <span class='ocrx_word' id='word_1_42' title='bbox 611 990 771 1078; x_wconf 80' lang='lat' dir='ltr'><strong><em>jejrmium</em></strong></span> <span class='ocrx_word' id='word_1_43' title='bbox 794 989 1004 1056; x_wconf 74' lang='lat' dir='ltr'><strong><em>celebraretur</em></strong></span> <span class='ocrx_word' id='word_1_44' title='bbox 1027 993 1173 1060; x_wconf 82' lang='lat' dir='ltr'><strong><em>Paeobae.</em></strong></span> <span class='ocrx_word' id='word_1_45' title='bbox 1211 995 1379 1079; x_wconf 69' lang='lat' dir='ltr'><strong><em>Martyria</em></strong></span> 
     </span>
     <span class='ocr_line' id='line_1_9' title="bbox 256 1086 1380 1172; baseline -0.002 -18"><span class='ocrx_word' id='word_1_46' title='bbox 256 1099 433 1154; x_wconf 75' lang='lat' dir='ltr'><strong><em>cormsahsr.</em></strong></span> <span class='ocrx_word' id='word_1_47' title='bbox 482 1088 544 1151; x_wconf 83' lang='lat' dir='ltr'><strong><em>Hic</em></strong></span> <span class='ocrx_word' id='word_1_48' title='bbox 559 1087 651 1172; x_wconf 84' lang='lat' dir='ltr'><strong><em>fecit,</em></strong></span> <span class='ocrx_word' id='word_1_49' title='bbox 676 1098 710 1150; x_wconf 84' lang='lat' dir='ltr'><strong><em>ut</em></strong></span> <span class='ocrx_word' id='word_1_50' title='bbox 737 1086 844 1150; x_wconf 83' lang='lat' dir='ltr'><strong><em>natali</em></strong></span> <span class='ocrx_word' id='word_1_51' title='bbox 865 1088 907 1152; x_wconf 88' lang='lat' dir='ltr'><strong><em>D.</em></strong></span> <span class='ocrx_word' id='word_1_52' title='bbox 935 1089 978 1152; x_wconf 90' lang='lat' dir='ltr'><strong><em>N.</em></strong></span> <span class='ocrx_word' id='word_1_53' title='bbox 1002 1090 1037 1155; x_wconf 86' lang='lat' dir='ltr'><strong><em>J.</em></strong></span> <span class='ocrx_word' id='word_1_54' title='bbox 1066 1088 1119 1155; x_wconf 78' lang='lat' dir='ltr'><strong><em>Ch</em></strong></span> <span class='ocrx_word' id='word_1_55' title='bbox 1143 1103 1235 1156; x_wconf 80' lang='lat' dir='ltr'><strong><em>nocta</em></strong></span> <span class='ocrx_word' id='word_1_56' title='bbox 1257 1091 1380 1154; x_wconf 63' lang='lat' dir='ltr'><strong><em>mae</em></strong></span> 
     </span>
     <span class='ocr_line' id='line_1_10' title="bbox 256 1184 1378 1270; baseline -0.001 -20"><span class='ocrx_word' id='word_1_57' title='bbox 256 1187 496 1263; x_wconf 77' lang='lat' dir='ltr'><strong><em>celebrarentur,</em></strong></span> <span class='ocrx_word' id='word_1_58' title='bbox 521 1195 550 1246; x_wconf 86' lang='lat' dir='ltr'><strong><em>et</em></strong></span> <span class='ocrx_word' id='word_1_59' title='bbox 573 1186 609 1248; x_wconf 85' lang='lat' dir='ltr'><strong><em>in</em></strong></span> <span class='ocrx_word' id='word_1_60' title='bbox 631 1186 774 1270; x_wconf 70' lang='lat' dir='ltr'><strong><em>ingresus</em></strong></span> <span class='ocrx_word' id='word_1_61' title='bbox 797 1185 946 1269; x_wconf 71' lang='lat' dir='ltr'><strong><em>eacnssa&#39;i</em></strong></span> <span class='ocrx_word' id='word_1_62' title='bbox 969 1188 1061 1270; x_wconf 85' lang='lat' dir='ltr'><strong><em>(ante</em></strong></span> <span class='ocrx_word' id='word_1_63' title='bbox 1085 1188 1285 1254; x_wconf 88' lang='lat' dir='ltr'><strong><em>sacrificium</em></strong></span> <span class='ocrx_word' id='word_1_64' title='bbox 1296 1184 1378 1250; x_wconf 88' lang='lat' dir='ltr'><strong>Lib.</strong></span> 
     </span>
     <span class='ocr_line' id='line_1_11' title="bbox 255 1279 1378 1369; baseline 0 -21"><span class='ocrx_word' id='word_1_65' title='bbox 255 1281 365 1368; x_wconf 90' lang='lat' dir='ltr'><strong><em>Pont.)</em></strong></span> <span class='ocrx_word' id='word_1_66' title='bbox 387 1285 517 1369; x_wconf 75' lang='lat' dir='ltr'><strong><em>hyrenae</em></strong></span> <span class='ocrx_word' id='word_1_67' title='bbox 539 1281 696 1346; x_wconf 83' lang='lat' dir='ltr'><strong><em>diceretur</em></strong></span> <span class='ocrx_word' id='word_1_68' title='bbox 718 1279 896 1368; x_wconf 77' lang='lat' dir='ltr'><strong><em>angelicae:</em></strong></span> <span class='ocrx_word' id='word_1_69' title='bbox 932 1283 1047 1349; x_wconf 85' lang='lat' dir='ltr'><strong><em>Gloria</em></strong></span> <span class='ocrx_word' id='word_1_70' title='bbox 1078 1289 1114 1350; x_wconf 83' lang='lat' dir='ltr'><strong><em>iu</em></strong></span> <span class='ocrx_word' id='word_1_71' title='bbox 1136 1286 1268 1350; x_wconf 69' lang='lat' dir='ltr'><strong><em>eccelsia</em></strong></span> <span class='ocrx_word' id='word_1_72' title='bbox 1291 1283 1378 1360; x_wconf 71' lang='lat' dir='ltr'><strong><em>Deo,</em></strong></span> 
     </span>
     <span class='ocr_line' id='line_1_12' title="bbox 256 1378 1380 1470; baseline 0 -24"><span class='ocrx_word' id='word_1_73' title='bbox 256 1393 378 1446; x_wconf 73' lang='lat' dir='ltr'><strong><em>tantem</em></strong></span> <span class='ocrx_word' id='word_1_74' title='bbox 409 1383 444 1444; x_wconf 85' lang='lat' dir='ltr'><strong><em>iu</em></strong></span> <span class='ocrx_word' id='word_1_75' title='bbox 479 1389 567 1442; x_wconf 81' lang='lat' dir='ltr'><strong><em>nocte</em></strong></span> <span class='ocrx_word' id='word_1_76' title='bbox 601 1378 736 1444; x_wconf 84' lang='lat' dir='ltr'><strong><em>Natalis</em></strong></span> <span class='ocrx_word' id='word_1_77' title='bbox 767 1380 907 1444; x_wconf 80' lang='lat' dir='ltr'><strong><em>Domini.</em></strong></span> <span class='ocrx_word' id='word_1_78' title='bbox 953 1383 1016 1446; x_wconf 85' lang='lat' dir='ltr'><strong><em>Hic</em></strong></span> <span class='ocrx_word' id='word_1_79' title='bbox 1039 1384 1123 1470; x_wconf 80' lang='lat' dir='ltr'><strong><em>fecit</em></strong></span> <span class='ocrx_word' id='word_1_80' title='bbox 1153 1384 1380 1448; x_wconf 77' lang='lat' dir='ltr'><strong><em>ordinationes</em></strong></span> 
     </span>
     <span class='ocr_line' id='line_1_13' title="bbox 255 1477 1379 1569; baseline 0 -27"><span class='ocrx_word' id='word_1_81' title='bbox 255 1490 399 1564; x_wconf 76' lang='lat' dir='ltr'><strong><em>quatuor,</em></strong></span> <span class='ocrx_word' id='word_1_82' title='bbox 417 1477 618 1564; x_wconf 80' lang='lat' dir='ltr'><strong><em>presbyteros</em></strong></span> <span class='ocrx_word' id='word_1_83' title='bbox 640 1477 819 1556; x_wconf 81' lang='lat' dir='ltr'><strong><em>duodecim,</em></strong></span> <span class='ocrx_word' id='word_1_84' title='bbox 851 1479 1002 1546; x_wconf 79' lang='lat' dir='ltr'><strong><em>diaconos</em></strong></span> <span class='ocrx_word' id='word_1_85' title='bbox 1024 1493 1107 1560; x_wconf 87' lang='lat' dir='ltr'><strong><em>octo,</em></strong></span> <span class='ocrx_word' id='word_1_86' title='bbox 1132 1483 1294 1569; x_wconf 82' lang='lat' dir='ltr'><strong><em>episcopos</em></strong></span> <span class='ocrx_word' id='word_1_87' title='bbox 1312 1503 1379 1566; x_wconf 77' lang='lat' dir='ltr'><strong><em>per</em></strong></span> 
     </span>
     <span class='ocr_line' id='line_1_14' title="bbox 256 1573 1380 1665; baseline 0 -25"><span class='ocrx_word' id='word_1_88' title='bbox 256 1577 383 1642; x_wconf 82' lang='lat' dir='ltr'><strong><em>diversa</em></strong></span> <span class='ocrx_word' id='word_1_89' title='bbox 405 1576 475 1641; x_wconf 84' lang='lat' dir='ltr'><strong><em>loca</em></strong></span> <span class='ocrx_word' id='word_1_90' title='bbox 488 1573 722 1660; x_wconf 73' lang='lat' dir='ltr'><strong><em>quattordecim</em></strong></span> <span class='ocrx_word' id='word_1_91' title='bbox 729 1597 793 1661; x_wconf 84' lang='lat' dir='ltr'><strong><em>per</em></strong></span> <span class='ocrx_word' id='word_1_92' title='bbox 815 1599 948 1640; x_wconf 69' lang='lat' dir='ltr'><strong><em>ruerem</em></strong></span> <span class='ocrx_word' id='word_1_93' title='bbox 961 1579 1177 1644; x_wconf 81' lang='lat' dir='ltr'><strong><em>Decembrem:</em></strong></span> <span class='ocrx_word' id='word_1_94' title='bbox 1199 1580 1254 1665; x_wconf 76' lang='lat' dir='ltr'><strong><em>qui</em></strong></span> <span class='ocrx_word' id='word_1_95' title='bbox 1276 1578 1380 1642; x_wconf 80' lang='lat' dir='ltr'><strong><em>etiam</em></strong></span> 
     </span>
     <span class='ocr_line' id='line_1_15' title="bbox 256 1672 1379 1762; baseline 0.002 -24"><span class='ocrx_word' id='word_1_96' title='bbox 256 1673 396 1760; x_wconf 72' lang='lat' dir='ltr'><strong><em>sepultas</em></strong></span> <span class='ocrx_word' id='word_1_97' title='bbox 419 1683 465 1736; x_wconf 84' lang='lat' dir='ltr'><strong><em>est</em></strong></span> <span class='ocrx_word' id='word_1_98' title='bbox 479 1677 580 1762; x_wconf 73' lang='lat' dir='ltr'><strong><em>jacta</em></strong></span> <span class='ocrx_word' id='word_1_99' title='bbox 611 1694 724 1758; x_wconf 70' lang='lat' dir='ltr'><strong><em>corpses</em></strong></span> <span class='ocrx_word' id='word_1_100' title='bbox 755 1672 793 1736; x_wconf 89' lang='grc' dir='ltr'><strong><em>Β.</em></strong></span> <span class='ocrx_word' id='word_1_101' title='bbox 819 1673 907 1738; x_wconf 73' lang='lat' dir='ltr'><strong><em>Petri</em></strong></span> <span class='ocrx_word' id='word_1_102' title='bbox 937 1677 973 1738; x_wconf 82' lang='lat' dir='ltr'><strong><em>iu</em></strong></span> <span class='ocrx_word' id='word_1_103' title='bbox 1002 1676 1154 1742; x_wconf 82' lang='lat' dir='ltr'><strong><em>Vaticano</em></strong></span> <span class='ocrx_word' id='word_1_104' title='bbox 1184 1676 1238 1740; x_wconf 85' lang='lat' dir='ltr'><strong><em>IV</em></strong></span> <span class='ocrx_word' id='word_1_105' title='bbox 1257 1675 1379 1740; x_wconf 76' lang='lat' dir='ltr'><strong><em>Nouae</em></strong></span> 
     </span>
     <span class='ocr_line' id='line_1_16' title="bbox 255 1770 1379 1855; baseline -0.001 -18"><span class='ocrx_word' id='word_1_106' title='bbox 255 1771 414 1850; x_wconf 86' lang='lat' dir='ltr'><strong><em>Januar.,·</em></strong></span> <span class='ocrx_word' id='word_1_107' title='bbox 438 1780 468 1834; x_wconf 90' lang='lat' dir='ltr'><strong><em>et</em></strong></span> <span class='ocrx_word' id='word_1_108' title='bbox 490 1771 622 1834; x_wconf 70' lang='lat' dir='ltr'><strong><em>cmeamt</em></strong></span> <span class='ocrx_word' id='word_1_109' title='bbox 645 1770 857 1855; x_wconf 71' lang='lat' dir='ltr'><strong><em>Episcopatus</em></strong></span> <span class='ocrx_word' id='word_1_110' title='bbox 880 1772 948 1836; x_wconf 79' lang='lat' dir='ltr'><strong><em>dier</em></strong></span> <span class='ocrx_word' id='word_1_111' title='bbox 971 1796 1035 1838; x_wconf 73' lang='lat' dir='ltr'><strong><em>see.</em></strong></span> <span class='ocrx_word' id='word_1_112' title='bbox 1068 1811 1111 1822; x_wconf 89' lang='lat'>-</span> <span class='ocrx_word' id='word_1_113' title='bbox 1140 1773 1238 1839; x_wconf 87' lang='lat' dir='ltr'><strong><em>Plura</em></strong></span> <span class='ocrx_word' id='word_1_114' title='bbox 1261 1775 1298 1838; x_wconf 89' lang='lat' dir='ltr'><strong><em>in</em></strong></span> <span class='ocrx_word' id='word_1_115' title='bbox 1321 1771 1379 1836; x_wconf 89' lang='lat' dir='ltr'><strong><em>his</em></strong></span> 
     </span>
     <span class='ocr_line' id='line_1_17' title="bbox 256 1868 1377 1957; baseline -0.001 -24"><span class='ocrx_word' id='word_1_116' title='bbox 256 1871 365 1934; x_wconf 89' lang='lat' dir='ltr'><strong><em>minus</em></strong></span> <span class='ocrx_word' id='word_1_117' title='bbox 388 1877 544 1932; x_wconf 79' lang='lat' dir='ltr'><strong><em>accurata</em></strong></span> <span class='ocrx_word' id='word_1_118' title='bbox 567 1888 638 1930; x_wconf 87' lang='lat' dir='ltr'><strong><em>esse</em></strong></span> <span class='ocrx_word' id='word_1_119' title='bbox 662 1877 798 1930; x_wconf 81' lang='lat' dir='ltr'><strong><em>consent</em></strong></span> <span class='ocrx_word' id='word_1_120' title='bbox 830 1869 961 1948; x_wconf 89' lang='lat' dir='ltr'><strong><em>eruditi,</em></strong></span> <span class='ocrx_word' id='word_1_121' title='bbox 986 1873 1140 1957; x_wconf 80' lang='lat' dir='ltr'><strong><em>quamvis</em></strong></span> <span class='ocrx_word' id='word_1_122' title='bbox 1162 1870 1273 1957; x_wconf 80' lang='lat' dir='ltr'><strong><em>quoad</em></strong></span> <span class='ocrx_word' id='word_1_123' title='bbox 1298 1868 1377 1934; x_wconf 89' lang='lat' dir='ltr'><strong><em>sub-</em></strong></span> 
     </span>
     <span class='ocr_line' id='line_1_18' title="bbox 254 1963 1376 2048; baseline -0.003 -17"><span class='ocrx_word' id='word_1_124' title='bbox 254 1969 409 2033; x_wconf 78' lang='lat' dir='ltr'><strong>stantiam</strong></span> <span class='ocrx_word' id='word_1_125' title='bbox 432 1965 521 2030; x_wconf 84' lang='lat' dir='ltr'><strong><em>fecta</em></strong></span> <span class='ocrx_word' id='word_1_126' title='bbox 544 1967 579 2030; x_wconf 91' lang='lat' dir='ltr'><strong><em>in</em></strong></span> <span class='ocrx_word' id='word_1_127' title='bbox 599 1963 756 2048; x_wconf 83' lang='lat' dir='ltr'><strong><em>Oetalogo</em></strong></span> <span class='ocrx_word' id='word_1_128' title='bbox 780 1969 943 2032; x_wconf 86' lang='lat' dir='ltr'><strong><em>recensita</em></strong></span> <span class='ocrx_word' id='word_1_129' title='bbox 956 1976 993 2032; x_wconf 91' lang='lat' dir='ltr'><strong><em>ut</em></strong></span> <span class='ocrx_word' id='word_1_130' title='bbox 1015 1991 1095 2034; x_wconf 84' lang='lat' dir='ltr'><strong><em>vera</em></strong></span> <span class='ocrx_word' id='word_1_131' title='bbox 1118 1969 1273 2034; x_wconf 85' lang='lat' dir='ltr'><strong><em>habenda</em></strong></span> <span class='ocrx_word' id='word_1_132' title='bbox 1295 1969 1376 2032; x_wconf 76' lang='lat' dir='ltr'><strong><em>sint</em></strong></span> 
     </span>
     <span class='ocr_line' id='line_1_19' title="bbox 254 2062 1376 2152; baseline 0 -24"><span class='ocrx_word' id='word_1_133' title='bbox 254 2065 305 2131; x_wconf 89' lang='lat' dir='ltr'><strong><em>Ita</em></strong></span> <span class='ocrx_word' id='word_1_134' title='bbox 328 2062 548 2148; x_wconf 81' lang='lat' dir='ltr'><strong><em>Telesphorus</em></strong></span> <span class='ocrx_word' id='word_1_135' title='bbox 573 2063 740 2148; x_wconf 89' lang='lat' dir='ltr'><strong><em>jejunium</em></strong></span> <span class='ocrx_word' id='word_1_136' title='bbox 771 2064 1056 2149; x_wconf 72' lang='lat' dir='ltr'><strong><em>quadragesimale</em></strong></span> <span class='ocrx_word' id='word_1_137' title='bbox 1085 2087 1152 2130; x_wconf 90' lang='lat' dir='ltr'><strong><em>non</em></strong></span> <span class='ocrx_word' id='word_1_138' title='bbox 1174 2069 1303 2152; x_wconf 90' lang='lat' dir='ltr'><strong><em>primus</em></strong></span> <span class='ocrx_word' id='word_1_139' title='bbox 1327 2066 1376 2128; x_wconf 90' lang='lat' dir='ltr'><strong><em>in-</em></strong></span> 
     </span>
    </p>
   </div>
   <div class='ocr_carea' id='block_1_4' title="bbox 256 2160 1393 2251">
    <p class='ocr_par' dir='ltr' id='par_1_4' title="bbox 256 2160 1393 2251">
     <span class='ocr_line' id='line_1_20' title="bbox 256 2160 1393 2251; baseline 0 -25"><span class='ocrx_word' id='word_1_140' title='bbox 256 2165 370 2244; x_wconf 78' lang='lat' dir='ltr'><strong><em>stituit,</em></strong></span> <span class='ocrx_word' id='word_1_141' title='bbox 396 2161 453 2226; x_wconf 87' lang='lat' dir='ltr'><strong><em>sed</em></strong></span> <span class='ocrx_word' id='word_1_142' title='bbox 484 2183 525 2224; x_wconf 87' lang='lat' dir='ltr'><strong><em>ex</em></strong></span> <span class='ocrx_word' id='word_1_143' title='bbox 555 2160 759 2245; x_wconf 83' lang='lat' dir='ltr'><strong><em>temporibus</em></strong></span> <span class='ocrx_word' id='word_1_144' title='bbox 782 2161 1015 2247; x_wconf 82' lang='lat' dir='ltr'><strong><em>Apostolorum</em></strong></span> <span class='ocrx_word' id='word_1_145' title='bbox 1043 2165 1115 2251; x_wconf 89' lang='lat' dir='ltr'><strong><em>ejus</em></strong></span> <span class='ocrx_word' id='word_1_146' title='bbox 1137 2167 1227 2249; x_wconf 90' lang='lat' dir='ltr'><strong><em>origo</em></strong></span> <span class='ocrx_word' id='word_1_147' title='bbox 1252 2173 1304 2228; x_wconf 85' lang='lat' dir='ltr'><strong><em>est</em></strong></span> <span class='ocrx_word' id='word_1_148' title='bbox 1327 2165 1393 2226; x_wconf 83' lang='lat' dir='ltr'><strong><em>re-&#39;</em></strong></span> 
     </span>
    </p>
   </div>
   <div class='ocr_carea' id='block_1_5' title="bbox 254 2259 1376 2933">
    <p class='ocr_par' dir='ltr' id='par_1_5' title="bbox 254 2259 1376 2933">
     <span class='ocr_line' id='line_1_21' title="bbox 255 2259 1375 2348; baseline -0.003 -24"><span class='ocrx_word' id='word_1_149' title='bbox 255 2261 408 2347; x_wconf 87' lang='lat' dir='ltr'><strong><em>petenda.</em></strong></span> <span class='ocrx_word' id='word_1_150' title='bbox 455 2259 613 2322; x_wconf 77' lang='lat' dir='ltr'><strong><em>Attamen</em></strong></span> <span class='ocrx_word' id='word_1_151' title='bbox 643 2279 746 2343; x_wconf 91' lang='lat' dir='ltr'><strong><em>quum</em></strong></span> <span class='ocrx_word' id='word_1_152' title='bbox 776 2269 883 2324; x_wconf 88' lang='lat' dir='ltr'><strong><em>aetate</em></strong></span> <span class='ocrx_word' id='word_1_153' title='bbox 906 2259 1099 2348; x_wconf 81' lang='lat' dir='ltr'><strong><em>Telesphori</em></strong></span> <span class='ocrx_word' id='word_1_154' title='bbox 1124 2262 1197 2347; x_wconf 84' lang='lat' dir='ltr'><strong><em>jam</em></strong></span> <span class='ocrx_word' id='word_1_155' title='bbox 1220 2261 1375 2346; x_wconf 84' lang='lat' dir='ltr'><strong><em>quaestio</em></strong></span> 
     </span>
     <span class='ocr_line' id='line_1_22' title="bbox 256 2357 1376 2445; baseline -0.004 -23"><span class='ocrx_word' id='word_1_156' title='bbox 256 2357 297 2422; x_wconf 89' lang='lat' dir='ltr'><strong><em>de</em></strong></span> <span class='ocrx_word' id='word_1_157' title='bbox 328 2357 489 2424; x_wconf 84' lang='lat' dir='ltr'><strong><em>Paschate</em></strong></span> <span class='ocrx_word' id='word_1_158' title='bbox 522 2357 718 2438; x_wconf 80' lang='lat' dir='ltr'><strong><em>agitaretur,</em></strong></span> <span class='ocrx_word' id='word_1_159' title='bbox 751 2357 967 2442; x_wconf 80' lang='lat' dir='ltr'><strong><em>probabiliter</em></strong></span> <span class='ocrx_word' id='word_1_160' title='bbox 999 2359 1163 2445; x_wconf 86' lang='lat' dir='ltr'><strong><em>quasdam</em></strong></span> <span class='ocrx_word' id='word_1_161' title='bbox 1201 2357 1376 2424; x_wconf 81' lang='lat' dir='ltr'><strong><em>ordinavit</em></strong></span> 
     </span>
     <span class='ocr_line' id='line_1_23' title="bbox 254 2453 1374 2542; baseline 0.001 -24"><span class='ocrx_word' id='word_1_162' title='bbox 254 2455 364 2542; x_wconf 86' lang='lat' dir='ltr'><strong><em>quoad</em></strong></span> <span class='ocrx_word' id='word_1_163' title='bbox 388 2453 470 2520; x_wconf 89' lang='lat' dir='ltr'><strong><em>illud</em></strong></span> <span class='ocrx_word' id='word_1_164' title='bbox 488 2455 665 2540; x_wconf 89' lang='lat' dir='ltr'><strong><em>jejunium,</em></strong></span> <span class='ocrx_word' id='word_1_165' title='bbox 700 2465 732 2517; x_wconf 86' lang='lat' dir='ltr'><strong><em>ct</em></strong></span> <span class='ocrx_word' id='word_1_166' title='bbox 755 2455 875 2520; x_wconf 88' lang='lat' dir='ltr'><strong><em>institit</em></strong></span> <span class='ocrx_word' id='word_1_167' title='bbox 903 2467 940 2520; x_wconf 92' lang='lat' dir='ltr'><strong><em>ut</em></strong></span> <span class='ocrx_word' id='word_1_168' title='bbox 963 2456 1201 2522; x_wconf 84' lang='lat' dir='ltr'><strong><em>observaretur.</em></strong></span> <span class='ocrx_word' id='word_1_169' title='bbox 1250 2454 1374 2536; x_wconf 80' lang='lat' dir='ltr'><strong><em>Quoad</em></strong></span> 
     </span>
     <span class='ocr_line' id='line_1_24' title="bbox 255 2551 1374 2634; baseline -0.003 -16"><span class='ocrx_word' id='word_1_170' title='bbox 255 2553 311 2618; x_wconf 84' lang='lat' dir='ltr'><strong><em>ills</em></strong></span> <span class='ocrx_word' id='word_1_171' title='bbox 334 2552 445 2634; x_wconf 88' lang='lat' dir='ltr'><strong><em>verba,</em></strong></span> <span class='ocrx_word' id='word_1_172' title='bbox 471 2561 507 2615; x_wconf 90' lang='lat' dir='ltr'><strong><em>ut</em></strong></span> <span class='ocrx_word' id='word_1_173' title='bbox 534 2551 649 2616; x_wconf 77' lang='lat' dir='ltr'><strong><em>Gloria</em></strong></span> <span class='ocrx_word' id='word_1_174' title='bbox 678 2555 713 2616; x_wconf 83' lang='lat' dir='ltr'><strong><em>in</em></strong></span> <span class='ocrx_word' id='word_1_175' title='bbox 743 2553 875 2618; x_wconf 72' lang='lat' dir='ltr'><strong><em>eccelsia</em></strong></span> <span class='ocrx_word' id='word_1_176' title='bbox 904 2564 1032 2619; x_wconf 90' lang='lat' dir='ltr'><strong><em>tantum</em></strong></span> <span class='ocrx_word' id='word_1_177' title='bbox 1060 2565 1154 2622; x_wconf 84' lang='lat' dir='ltr'><strong><em>noete</em></strong></span> <span class='ocrx_word' id='word_1_178' title='bbox 1177 2553 1374 2620; x_wconf 78' lang='lat' dir='ltr'><strong><em>Natiuitatis</em></strong></span> 
     </span>
     <span class='ocr_line' id='line_1_25' title="bbox 255 2649 1373 2736; baseline 0 -20"><span class='ocrx_word' id='word_1_179' title='bbox 255 2651 428 2731; x_wconf 89' lang='lat' dir='ltr'><strong><em>diceretur,</em></strong></span> <span class='ocrx_word' id='word_1_180' title='bbox 445 2652 544 2714; x_wconf 82' lang='lat' dir='ltr'><strong><em>stiam</em></strong></span> <span class='ocrx_word' id='word_1_181' title='bbox 555 2651 687 2713; x_wconf 83' lang='lat' dir='ltr'><strong><em>veritati</em></strong></span> <span class='ocrx_word' id='word_1_182' title='bbox 704 2650 793 2715; x_wconf 87' lang='lat' dir='ltr'><strong><em>haud</em></strong></span> <span class='ocrx_word' id='word_1_183' title='bbox 804 2673 842 2714; x_wconf 88' lang='lat' dir='ltr'><strong><em>ea</em></strong></span> <span class='ocrx_word' id='word_1_184' title='bbox 853 2663 1048 2736; x_wconf 79' lang='lat' dir='ltr'><strong><em>congruunt</em></strong></span> <span class='ocrx_word' id='word_1_185' title='bbox 1072 2652 1172 2717; x_wconf 88' lang='lat' dir='ltr'><strong><em>Initio</em></strong></span> <span class='ocrx_word' id='word_1_186' title='bbox 1182 2662 1293 2718; x_wconf 85' lang='lat' dir='ltr'><strong><em>tamen</em></strong></span> <span class='ocrx_word' id='word_1_187' title='bbox 1308 2649 1373 2716; x_wconf 73' lang='lat' dir='ltr'><strong><em>uc-</em></strong></span> 
     </span>
     <span class='ocr_line' id='line_1_26' title="bbox 255 2746 1373 2834; baseline 0.002 -22"><span class='ocrx_word' id='word_1_188' title='bbox 255 2748 383 2830; x_wconf 85' lang='lat' dir='ltr'><strong><em>closiae,</em></strong></span> <span class='ocrx_word' id='word_1_189' title='bbox 401 2748 558 2834; x_wconf 83' lang='lat' dir='ltr'><strong><em>(advertit</em></strong></span> <span class='ocrx_word' id='word_1_190' title='bbox 574 2746 815 2832; x_wconf 85' lang='lat' dir='ltr'><strong><em>Schelstraete),</em></strong></span> <span class='ocrx_word' id='word_1_191' title='bbox 832 2748 922 2812; x_wconf 85' lang='lat' dir='ltr'><strong><em>huno</em></strong></span> <span class='ocrx_word' id='word_1_192' title='bbox 942 2748 1105 2834; x_wconf 84' lang='lat' dir='ltr'><strong><em>hymnum</em></strong></span> <span class='ocrx_word' id='word_1_193' title='bbox 1122 2771 1188 2815; x_wconf 91' lang='lat' dir='ltr'><strong><em>non</em></strong></span> <span class='ocrx_word' id='word_1_194' title='bbox 1202 2749 1284 2814; x_wconf 87' lang='lat' dir='ltr'><strong><em>adeo</em></strong></span> <span class='ocrx_word' id='word_1_195' title='bbox 1309 2749 1373 2814; x_wconf 79' lang='lat' dir='ltr'><strong><em>fre-</em></strong></span> 
     </span>
     <span class='ocr_line' id='line_1_27' title="bbox 255 2844 1374 2933; baseline 0.003 -24"><span class='ocrx_word' id='word_1_196' title='bbox 255 2857 393 2933; x_wconf 89' lang='lat' dir='ltr'><strong><em>quenter</em></strong></span> <span class='ocrx_word' id='word_1_197' title='bbox 415 2847 588 2910; x_wconf 85' lang='lat' dir='ltr'><strong><em>recitatum</em></strong></span> <span class='ocrx_word' id='word_1_198' title='bbox 612 2844 724 2926; x_wconf 83' lang='lat' dir='ltr'><strong><em>fuisse,</em></strong></span> <span class='ocrx_word' id='word_1_199' title='bbox 740 2855 776 2908; x_wconf 90' lang='lat' dir='ltr'><strong><em>ut</em></strong></span> <span class='ocrx_word' id='word_1_200' title='bbox 794 2845 931 2910; x_wconf 86' lang='lat' dir='ltr'><strong><em>nunefit</em></strong></span> <span class='ocrx_word' id='word_1_201' title='bbox 953 2849 989 2912; x_wconf 93' lang='lat' dir='ltr'><strong><em>in</em></strong></span> <span class='ocrx_word' id='word_1_202' title='bbox 1012 2849 1166 2913; x_wconf 89' lang='lat' dir='ltr'><strong><em>omnibus</em></strong></span> <span class='ocrx_word' id='word_1_203' title='bbox 1189 2847 1290 2927; x_wconf 85' lang='lat' dir='ltr'><strong><em>festis,</em></strong></span> <span class='ocrx_word' id='word_1_204' title='bbox 1317 2845 1374 2912; x_wconf 86' lang='lat' dir='ltr'><strong><em>vel</em></strong></span> 
     </span>
    </p>
   </div>
   <div class='ocr_carea' id='block_1_6' title="bbox 255 2941 1461 3030">
    <p class='ocr_par' dir='ltr' id='par_1_6' title="bbox 255 2941 1461 3030">
     <span class='ocr_line' id='line_1_28' title="bbox 255 2941 1461 3030; baseline 0 -24"><span class='ocrx_word' id='word_1_205' title='bbox 255 2965 297 3006; x_wconf 84' lang='lat' dir='ltr'><strong><em>ex</em></strong></span> <span class='ocrx_word' id='word_1_206' title='bbox 316 2944 545 3029; x_wconf 86' lang='lat' dir='ltr'><strong><em>antiquissimo</em></strong></span> <span class='ocrx_word' id='word_1_207' title='bbox 559 2941 821 3006; x_wconf 74' lang='lat' dir='ltr'><strong><em>sacramentario</em></strong></span> <span class='ocrx_word' id='word_1_208' title='bbox 832 2941 983 3028; x_wconf 82' lang='lat' dir='ltr'><strong><em>Gregorii</em></strong></span> <span class='ocrx_word' id='word_1_209' title='bbox 1001 2945 1046 3010; x_wconf 87' lang='lat' dir='ltr'><strong><em>M.</em></strong></span> <span class='ocrx_word' id='word_1_210' title='bbox 1064 2955 1164 3030; x_wconf 79' lang='lat' dir='ltr'><strong><em>patet,</em></strong></span> <span class='ocrx_word' id='word_1_211' title='bbox 1184 2943 1272 3030; x_wconf 90' lang='lat' dir='ltr'><strong><em>quod</em></strong></span> <span class='ocrx_word' id='word_1_212' title='bbox 1289 2951 1374 3008; x_wconf 86' lang='lat' dir='ltr'><strong><em>tem-</em></strong></span> <span class='ocrx_word' id='word_1_213' title='bbox 1460 2955 1461 3024; x_wconf 51' lang='grc' dir='ltr'>ξ</span> 
     </span>
    </p>
   </div>
   <div class='ocr_carea' id='block_1_7' title="bbox 254 3039 1375 3514">
    <p class='ocr_par' dir='ltr' id='par_1_7' title="bbox 254 3039 1375 3514">
     <span class='ocr_line' id='line_1_29' title="bbox 254 3039 1374 3126; baseline 0.001 -21"><span class='ocrx_word' id='word_1_214' title='bbox 254 3061 332 3126; x_wconf 86' lang='lat' dir='ltr'><strong><em>pore</em></strong></span> <span class='ocrx_word' id='word_1_215' title='bbox 357 3039 465 3106; x_wconf 80' lang='lat' dir='ltr'><strong><em>Caroli</em></strong></span> <span class='ocrx_word' id='word_1_216' title='bbox 482 3040 527 3104; x_wconf 89' lang='lat' dir='ltr'><strong><em>M.</em></strong></span> <span class='ocrx_word' id='word_1_217' title='bbox 553 3041 711 3125; x_wconf 86' lang='lat' dir='ltr'><strong><em>seriptum</em></strong></span> <span class='ocrx_word' id='word_1_218' title='bbox 736 3053 924 3106; x_wconf 82' lang='lat' dir='ltr'><strong><em>asservatur</em></strong></span> <span class='ocrx_word' id='word_1_219' title='bbox 946 3044 980 3106; x_wconf 93' lang='lat' dir='ltr'><strong><em>in</em></strong></span> <span class='ocrx_word' id='word_1_220' title='bbox 996 3042 1203 3107; x_wconf 85' lang='lat' dir='ltr'><strong><em>Bibliotheca</em></strong></span> <span class='ocrx_word' id='word_1_221' title='bbox 1217 3040 1374 3107; x_wconf 81' lang='lat' dir='ltr'><strong><em>Palatina</em></strong></span> 
     </span>
     <span class='ocr_line' id='line_1_30' title="bbox 255 3136 1375 3222; baseline 0.004 -22"><span class='ocrx_word' id='word_1_222' title='bbox 255 3137 362 3202; x_wconf 83' lang='lat' dir='ltr'><strong><em>Vatia.</em></strong></span> <span class='ocrx_word' id='word_1_223' title='bbox 396 3137 463 3202; x_wconf 91' lang='lat' dir='ltr'><strong><em>Ubi</em></strong></span> <span class='ocrx_word' id='word_1_224' title='bbox 487 3138 581 3202; x_wconf 91' lang='lat' dir='ltr'><strong><em>initio</em></strong></span> <span class='ocrx_word' id='word_1_225' title='bbox 613 3136 752 3222; x_wconf 85' lang='lat' dir='ltr'><strong><em>legitur:</em></strong></span> <span class='ocrx_word' id='word_1_226' title='bbox 786 3139 863 3202; x_wconf 85' lang='lat' dir='ltr'><strong><em>Item</em></strong></span> <span class='ocrx_word' id='word_1_227' title='bbox 895 3139 1013 3204; x_wconf 78' lang='lat' dir='ltr'><strong><em>diriter</em></strong></span> <span class='ocrx_word' id='word_1_228' title='bbox 1039 3137 1155 3205; x_wconf 79' lang='lat' dir='ltr'><strong><em>Gloria</em></strong></span> <span class='ocrx_word' id='word_1_229' title='bbox 1180 3143 1215 3204; x_wconf 84' lang='lat' dir='ltr'><strong><em>in</em></strong></span> <span class='ocrx_word' id='word_1_230' title='bbox 1238 3137 1375 3204; x_wconf 63' lang='lat' dir='ltr'><strong><em>malso</em></strong></span> 
     </span>
     <span class='ocr_line' id='line_1_31' title="bbox 254 3235 1374 3322; baseline 0.001 -23"><span class='ocrx_word' id='word_1_231' title='bbox 254 3236 334 3315; x_wconf 83' lang='lat' dir='ltr'><strong><em>Deo,</em></strong></span> <span class='ocrx_word' id='word_1_232' title='bbox 367 3237 396 3300; x_wconf 80' lang='lat' dir='ltr'><strong><em>ai</em></strong></span> <span class='ocrx_word' id='word_1_233' title='bbox 428 3237 590 3322; x_wconf 80' lang='lat' dir='ltr'><strong><em>epiecopus</em></strong></span> <span class='ocrx_word' id='word_1_234' title='bbox 618 3235 733 3322; x_wconf 76' lang='lat' dir='ltr'><strong><em>filorit,</em></strong></span> <span class='ocrx_word' id='word_1_235' title='bbox 773 3237 985 3302; x_wconf 71' lang='lat' dir='ltr'><strong><em>tantummdo</em></strong></span> <span class='ocrx_word' id='word_1_236' title='bbox 1022 3238 1074 3302; x_wconf 85' lang='lat' dir='ltr'><strong><em>die</em></strong></span> <span class='ocrx_word' id='word_1_237' title='bbox 1105 3238 1275 3302; x_wconf 81' lang='lat' dir='ltr'><strong><em>Dominica</em></strong></span> <span class='ocrx_word' id='word_1_238' title='bbox 1305 3238 1374 3300; x_wconf 81' lang='lat' dir='ltr'><strong><em>aive</em></strong></span> 
     </span>
     <span class='ocr_line' id='line_1_32' title="bbox 255 3333 1375 3420; baseline 0 -23"><span class='ocrx_word' id='word_1_239' title='bbox 255 3333 365 3398; x_wconf 82' lang='lat' dir='ltr'><strong><em>diebus</em></strong></span> <span class='ocrx_word' id='word_1_240' title='bbox 389 3333 505 3420; x_wconf 84' lang='lat' dir='ltr'><strong><em>festis:</em></strong></span> <span class='ocrx_word' id='word_1_241' title='bbox 537 3356 559 3396; x_wconf 89' lang='lat' dir='ltr'><strong><em>a</em></strong></span> <span class='ocrx_word' id='word_1_242' title='bbox 584 3333 779 3418; x_wconf 76' lang='lat' dir='ltr'><strong><em>presbyteria</em></strong></span> <span class='ocrx_word' id='word_1_243' title='bbox 811 3345 915 3400; x_wconf 81' lang='lat' dir='ltr'><strong><em>autem</em></strong></span> <span class='ocrx_word' id='word_1_244' title='bbox 945 3336 1071 3402; x_wconf 64' lang='lat' dir='ltr'><strong><em>mnan</em></strong></span> <span class='ocrx_word' id='word_1_245' title='bbox 1099 3334 1225 3414; x_wconf 62' lang='lat' dir='ltr'><strong><em>(licitum</em></strong></span> <span class='ocrx_word' id='word_1_246' title='bbox 1247 3335 1314 3400; x_wconf 82' lang='lat' dir='ltr'><strong><em>nisi</em></strong></span> <span class='ocrx_word' id='word_1_247' title='bbox 1338 3336 1375 3398; x_wconf 81' lang='lat' dir='ltr'><strong><em>in</em></strong></span> 
     </span>
     <span class='ocr_line' id='line_1_33' title="bbox 256 3429 511 3514; baseline -0.008 -18"><span class='ocrx_word' id='word_1_248' title='bbox 256 3429 322 3496; x_wconf 82' lang='lat' dir='ltr'><strong><em>eolo</em></strong></span> <span class='ocrx_word' id='word_1_249' title='bbox 346 3431 511 3514; x_wconf 81' lang='lat' dir='ltr'><strong><em>Paeclsa1)</em></strong></span> 
     </span>
    </p>
   </div>
   <div class='ocr_carea' id='block_1_8' title="bbox 191 3526 1460 3645">
    <p class='ocr_par' dir='ltr' id='par_1_8' title="bbox 191 3526 1460 3645">
     <span class='ocr_line' id='line_1_34' title="bbox 191 3526 1460 3645; baseline -0.003 -49"><span class='ocrx_word' id='word_1_250' title='bbox 191 3605 237 3645; x_wconf 35' lang='lat' dir='ltr'><strong><em>&#39;m</em></strong></span> <span class='ocrx_word' id='word_1_251' title='bbox 344 3528 398 3594; x_wconf 89' lang='grc'><strong><em>40.</em></strong></span> <span class='ocrx_word' id='word_1_252' title='bbox 422 3528 455 3594; x_wconf 86' lang='lat' dir='ltr'><strong><em>S.</em></strong></span> <span class='ocrx_word' id='word_1_253' title='bbox 480 3527 688 3612; x_wconf 84' lang='lat' dir='ltr'><strong><em>Hyginus</em></strong></span> <span class='ocrx_word' id='word_1_254' title='bbox 719 3527 762 3614; x_wconf 86' lang='lat' dir='ltr'><strong><em>(a.</em></strong></span> <span class='ocrx_word' id='word_1_255' title='bbox 789 3527 987 3616; x_wconf 75' lang='lat' dir='ltr'><strong><em>lea-142),</em></strong></span> <span class='ocrx_word' id='word_1_256' title='bbox 1013 3549 1128 3593; x_wconf 82' lang='lat' dir='ltr'><strong><em>vorsus</em></strong></span> <span class='ocrx_word' id='word_1_257' title='bbox 1157 3547 1281 3593; x_wconf 89' lang='lat' dir='ltr'><strong><em>annum</em></strong></span> <span class='ocrx_word' id='word_1_258' title='bbox 1307 3526 1374 3590; x_wconf 83' lang='lat'><strong><em>139</em></strong></span> <span class='ocrx_word' id='word_1_259' title='bbox 1459 3587 1460 3592; x_wconf 73' lang='grc'>,</span> 
     </span>
    </p>
   </div>
   <div class='ocr_carea' id='block_1_9' title="bbox 255 3629 1374 3817">
    <p class='ocr_par' dir='ltr' id='par_1_9' title="bbox 255 3629 1374 3817">
     <span class='ocr_line' id='line_1_35' title="bbox 256 3629 1373 3736; baseline -0.001 -12"><span class='ocrx_word' id='word_1_260' title='bbox 256 3629 468 3734; x_wconf 60' lang='lat' dir='ltr'><strong><em>nbmsomlue</em></strong></span> <span class='ocrx_word' id='word_1_261' title='bbox 487 3668 646 3722; x_wconf 72' lang='lat' dir='ltr'><strong><em>umoribus</em></strong></span> <span class='ocrx_word' id='word_1_262' title='bbox 665 3675 787 3724; x_wconf 69' lang='lat' dir='ltr'><strong><em>umen.</em></strong></span> <span class='ocrx_word' id='word_1_263' title='bbox 813 3669 922 3724; x_wconf 70' lang='lat' dir='ltr'><strong><em>sunm</em></strong></span> <span class='ocrx_word' id='word_1_264' title='bbox 935 3670 1020 3724; x_wconf 75' lang='lat' dir='ltr'><strong><em>murto</em></strong></span> <span class='ocrx_word' id='word_1_265' title='bbox 1035 3669 1138 3736; x_wconf 75' lang='lat' dir='ltr'><strong><em>jaun</em></strong></span> <span class='ocrx_word' id='word_1_266' title='bbox 1157 3669 1241 3724; x_wconf 71' lang='lat' dir='ltr'><strong><em>morit</em></strong></span> <span class='ocrx_word' id='word_1_267' title='bbox 1259 3683 1373 3736; x_wconf 64' lang='lat' dir='ltr'><strong><em>mos</em></strong></span> 
     </span>
     <span class='ocr_line' id='line_1_36' title="bbox 255 3747 1374 3817; baseline -0.002 -13"><span class='ocrx_word' id='word_1_268' title='bbox 255 3763 314 3804; x_wconf 84' lang='lat' dir='ltr'><strong><em>cere</em></strong></span> <span class='ocrx_word' id='word_1_269' title='bbox 337 3755 373 3813; x_wconf 87' lang='lat' dir='ltr'><strong><em>te,</em></strong></span> <span class='ocrx_word' id='word_1_270' title='bbox 392 3747 414 3802; x_wconf 87' lang='lat' dir='ltr'><strong><em>si</em></strong></span> <span class='ocrx_word' id='word_1_271' title='bbox 441 3747 501 3814; x_wconf 84' lang='lat' dir='ltr'><strong><em>quis</em></strong></span> <span class='ocrx_word' id='word_1_272' title='bbox 524 3763 649 3804; x_wconf 73' lang='lat' dir='ltr'><strong><em>emutare</em></strong></span> <span class='ocrx_word' id='word_1_273' title='bbox 671 3748 796 3802; x_wconf 84' lang='lat' dir='ltr'><strong><em>voluerit.</em></strong></span> <span class='ocrx_word' id='word_1_274' title='bbox 834 3748 909 3816; x_wconf 80' lang='lat' dir='ltr'><strong><em>Quod</em></strong></span> <span class='ocrx_word' id='word_1_275' title='bbox 932 3749 955 3802; x_wconf 90' lang='lat' dir='ltr'><strong><em>si</em></strong></span> <span class='ocrx_word' id='word_1_276' title='bbox 981 3749 1041 3816; x_wconf 82' lang='lat' dir='ltr'><strong><em>quis</em></strong></span> <span class='ocrx_word' id='word_1_277' title='bbox 1067 3764 1111 3804; x_wconf 86' lang='lat' dir='ltr'><strong><em>sos</em></strong></span> <span class='ocrx_word' id='word_1_278' title='bbox 1129 3747 1259 3804; x_wconf 84' lang='lat' dir='ltr'><strong><em>detulerit</em></strong></span> <span class='ocrx_word' id='word_1_279' title='bbox 1277 3747 1374 3817; x_wconf 63' lang='lat' dir='ltr'><strong><em>proba</em></strong></span> 
     </span>
    </p>
   </div>
   <div class='ocr_carea' id='block_1_10' title="bbox 255 3827 1460 3897">
    <p class='ocr_par' dir='ltr' id='par_1_10' title="bbox 255 3827 1460 3897">
     <span class='ocr_line' id='line_1_37' title="bbox 255 3827 1460 3897; baseline 0.001 -15"><span class='ocrx_word' id='word_1_280' title='bbox 255 3828 379 3894; x_wconf 78' lang='lat' dir='ltr'><strong><em>seritque</em></strong></span> <span class='ocrx_word' id='word_1_281' title='bbox 396 3833 491 3882; x_wconf 84' lang='lat' dir='ltr'><strong><em>contre</em></strong></span> <span class='ocrx_word' id='word_1_282' title='bbox 509 3827 583 3894; x_wconf 83' lang='lat' dir='ltr'><strong><em>leges</em></strong></span> <span class='ocrx_word' id='word_1_283' title='bbox 609 3828 754 3894; x_wconf 77' lang='lat' dir='ltr'><strong><em>quidquam</em></strong></span> <span class='ocrx_word' id='word_1_284' title='bbox 779 3843 869 3897; x_wconf 78' lang='lat' dir='ltr'><strong><em>agere,</em></strong></span> <span class='ocrx_word' id='word_1_285' title='bbox 895 3833 926 3882; x_wconf 88' lang='lat' dir='ltr'><strong><em>tu</em></strong></span> <span class='ocrx_word' id='word_1_286' title='bbox 944 3843 992 3896; x_wconf 87' lang='lat' dir='ltr'><strong><em>pro</em></strong></span> <span class='ocrx_word' id='word_1_287' title='bbox 1010 3827 1151 3896; x_wconf 77' lang='lat' dir='ltr'><strong><em>gravitate</em></strong></span> <span class='ocrx_word' id='word_1_288' title='bbox 1168 3827 1259 3882; x_wconf 83' lang='lat' dir='ltr'><strong><em>delicti</em></strong></span> <span class='ocrx_word' id='word_1_289' title='bbox 1279 3827 1309 3882; x_wconf 84' lang='lat' dir='ltr'><strong><em>iu</em></strong></span> <span class='ocrx_word' id='word_1_290' title='bbox 1327 3843 1374 3884; x_wconf 80' lang='lat' dir='ltr'><strong><em>eos</em></strong></span> <span class='ocrx_word' id='word_1_291' title='bbox 1459 3853 1460 3860; x_wconf 54' lang='lat'><strong>.</strong></span> 
     </span>
    </p>
   </div>
   <div class='ocr_carea' id='block_1_11' title="bbox 254 3905 1373 4056">
    <p class='ocr_par' dir='ltr' id='par_1_11' title="bbox 254 3905 1373 4056">
     <span class='ocr_line' id='line_1_38' title="bbox 254 3905 1373 3976; baseline 0 -14"><span class='ocrx_word' id='word_1_292' title='bbox 254 3913 353 3962; x_wconf 74' lang='lat' dir='ltr'><strong><em>sume.</em></strong></span> <span class='ocrx_word' id='word_1_293' title='bbox 373 3907 428 3972; x_wconf 86' lang='lat' dir='ltr'><strong><em>Sin,</em></strong></span> <span class='ocrx_word' id='word_1_294' title='bbox 447 3922 489 3962; x_wconf 91' lang='lat' dir='ltr'><strong><em>me</em></strong></span> <span class='ocrx_word' id='word_1_295' title='bbox 501 3905 624 3972; x_wconf 68' lang='lat' dir='ltr'><strong><em>hlerculs,</em></strong></span> <span class='ocrx_word' id='word_1_296' title='bbox 643 3908 795 3962; x_wconf 80' lang='lat' dir='ltr'><strong><em>calumniae</em></strong></span> <span class='ocrx_word' id='word_1_297' title='bbox 804 3923 886 3962; x_wconf 73' lang='lat' dir='ltr'><strong><em>musa</em></strong></span> <span class='ocrx_word' id='word_1_298' title='bbox 894 3908 969 3962; x_wconf 87' lang='lat' dir='ltr'><strong><em>istud</em></strong></span> <span class='ocrx_word' id='word_1_299' title='bbox 985 3907 1141 3972; x_wconf 72' lang='lat' dir='ltr'><strong><em>intenderb,</em></strong></span> <span class='ocrx_word' id='word_1_300' title='bbox 1160 3923 1268 3976; x_wconf 78' lang='lat' dir='ltr'><strong><em>operam</em></strong></span> <span class='ocrx_word' id='word_1_301' title='bbox 1287 3905 1373 3962; x_wconf 77' lang='lat' dir='ltr'><strong><em>dabis</em></strong></span> 
     </span>
     <span class='ocr_line' id='line_1_39' title="bbox 254 3985 1373 4056; baseline 0 -14"><span class='ocrx_word' id='word_1_302' title='bbox 254 3992 287 4042; x_wconf 86' lang='lat' dir='ltr'><strong><em>ut</em></strong></span> <span class='ocrx_word' id='word_1_303' title='bbox 309 4002 358 4056; x_wconf 85' lang='lat' dir='ltr'><strong><em>pro</em></strong></span> <span class='ocrx_word' id='word_1_304' title='bbox 386 3986 527 4056; x_wconf 79' lang='lat' dir='ltr'><strong><em>gravitate</em></strong></span> <span class='ocrx_word' id='word_1_305' title='bbox 551 3987 670 4042; x_wconf 86' lang='lat' dir='ltr'><strong><em>criminis</em></strong></span> <span class='ocrx_word' id='word_1_306' title='bbox 695 3987 724 4041; x_wconf 92' lang='lat' dir='ltr'><strong><em>in</em></strong></span> <span class='ocrx_word' id='word_1_307' title='bbox 747 3987 824 4044; x_wconf 85' lang='lat' dir='ltr'><strong><em>illum</em></strong></span> <span class='ocrx_word' id='word_1_308' title='bbox 848 3988 1076 4044; x_wconf 66' lang='lat' dir='ltr'><strong><em>ammadvertmr</em></strong></span> <span class='ocrx_word' id='word_1_309' title='bbox 1119 3985 1220 4042; x_wconf 80' lang='lat' dir='ltr'><strong><em>lustin</em></strong></span> <span class='ocrx_word' id='word_1_310' title='bbox 1247 3986 1324 4056; x_wconf 76' lang='lat' dir='ltr'><strong><em>Apol.</em></strong></span> <span class='ocrx_word' id='word_1_311' title='bbox 1350 3986 1373 4042; x_wconf 80' lang='lat' dir='ltr'><strong>L</strong></span> 
     </span>
    </p>
   </div>
   <div class='ocr_carea' id='block_1_12' title="bbox 254 4065 1460 4134">
    <p class='ocr_par' dir='ltr' id='par_1_12' title="bbox 254 4065 1460 4134">
     <span class='ocr_line' id='line_1_40' title="bbox 254 4065 1460 4134; baseline 0.003 -16"><span class='ocrx_word' id='word_1_312' title='bbox 254 4067 296 4120; x_wconf 82' lang='grc'><strong><em>69.</em></strong></span> <span class='ocrx_word' id='word_1_313' title='bbox 322 4067 417 4122; x_wconf 80' lang='lat' dir='ltr'><strong><em>Euseb.</em></strong></span> <span class='ocrx_word' id='word_1_314' title='bbox 450 4068 482 4121; x_wconf 87' lang='grc' dir='ltr'><strong><em>Η.</em></strong></span> <span class='ocrx_word' id='word_1_315' title='bbox 513 4067 543 4121; x_wconf 79' lang='lat' dir='ltr'><strong><em>lt.</em></strong></span> <span class='ocrx_word' id='word_1_316' title='bbox 568 4067 615 4120; x_wconf 89' lang='lat' dir='ltr'><strong><em>IV.</em></strong></span> <span class='ocrx_word' id='word_1_317' title='bbox 655 4067 679 4120; x_wconf 83' lang='grc'><strong><em>9.</em></strong></span> <span class='ocrx_word' id='word_1_318' title='bbox 707 4066 927 4123; x_wconf 84' lang='lat' dir='ltr'><strong><em>Controvertitur</em></strong></span> <span class='ocrx_word' id='word_1_319' title='bbox 960 4071 1052 4122; x_wconf 75' lang='lat' dir='ltr'><strong><em>tmen</em></strong></span> <span class='ocrx_word' id='word_1_320' title='bbox 1079 4067 1112 4120; x_wconf 85' lang='lat' dir='ltr'><strong><em>de</em></strong></span> <span class='ocrx_word' id='word_1_321' title='bbox 1131 4066 1274 4121; x_wconf 77' lang='lat' dir='ltr'><strong><em>authentia</em></strong></span> <span class='ocrx_word' id='word_1_322' title='bbox 1291 4065 1374 4134; x_wconf 70' lang='lat' dir='ltr'><strong><em>haim</em></strong></span> <span class='ocrx_word' id='word_1_323' title='bbox 1459 4117 1460 4122; x_wconf 73' lang='grc'>,</span> 
     </span>
    </p>
   </div>
   <div class='ocr_carea' id='block_1_13' title="bbox 254 4143 866 4293">
    <p class='ocr_par' dir='ltr' id='par_1_13' title="bbox 254 4143 866 4293">
     <span class='ocr_line' id='line_1_41' title="bbox 254 4143 866 4293; baseline 0.003 -15"><span class='ocrx_word' id='word_1_324' title='bbox 254 4143 352 4292; x_wconf 51' lang='lat' dir='ltr'><strong><em>mab</em></strong></span> <span class='ocrx_word' id='word_1_325' title='bbox 369 4225 441 4279; x_wconf 87' lang='lat' dir='ltr'><strong><em>Nota</em></strong></span> <span class='ocrx_word' id='word_1_326' title='bbox 459 4226 493 4278; x_wconf 78' lang='lat' dir='ltr'><strong><em>sd</em></strong></span> <span class='ocrx_word' id='word_1_327' title='bbox 513 4225 675 4293; x_wconf 79' lang='lat' dir='ltr'><strong><em>Gatalogum</em></strong></span> <span class='ocrx_word' id='word_1_328' title='bbox 692 4227 866 4282; x_wconf 72' lang='lat' dir='ltr'><strong><em>Felicianum.</em></strong></span> 
     </span>
    </p>
   </div>
   <div class='ocr_carea' id='block_1_14' title="bbox 0 0 1466 4818">
    <p class='ocr_par' dir='ltr' id='par_1_14' title="bbox 0 0 1466 4818">
     <span class='ocr_line' id='line_1_42' title="bbox 0 0 1466 4818; baseline 0 0"><span class='ocrx_word' id='word_1_329' title='bbox 0 0 1466 4818; x_wconf 95' lang='lat' dir='ltr'><strong><em> </em></strong></span> 
     </span>
    </p>
   </div>
  </div>
 </body>
</html>
