2806 4848
256 463 308 518 lto
671 459 713 517 De
729 458 802 516 iacto
820 456 949 516 Nectarii.

103 631 166 672 mus
181 643 229 682 pos
255 608 445 692 regionibus
468 607 580 670 varius
609 605 673 669 fuit
704 605 925 691 poenitentiae
955 603 1058 688 rigor3
1082 602 1223 666 multum
1243 603 1297 667 boc
1316 605 1343 666 iu

110 693 221 735 “imm
255 729 290 769 rc
314 706 484 792 disputant
508 703 638 785 eruditi,
654 725 717 768 nec
730 725 788 789 pro
802 713 950 788 tempore
975 712 1072 766 vacat
1094 705 1274 766 accuratius
1294 704 1343 764 sin·

254 803 331 889 gula
354 805 545 868 examinare
553 800 587 889 ¹).
612 803 819 866 Poenitentia
835 799 967 886 publiea
991 809 1024 864 et
1047 801 1208 865 canonica
1222 802 1343 864 maxime

254 901 485 988 imponebatur
507 901 651 986 peccatis
674 898 885 985 publicisne
909 919 1041 964 necesse
1065 909 1143 980 erat,
1169 909 1205 963 ut
1228 899 1265 963 de
1284 919 1342 982 pec·

254 1002 335 1063 catis
364 1009 527 1064 constaret
556 998 610 1062 vel
643 1021 701 1084 per
733 1008 947 1082 spontaneam
969 999 1017 1060 rei
1049 997 1282 1062 confessionem
1302 993 1343 1056 vel

253 1119 312 1182 per
338 1098 518 1183 juridicam
551 1097 757 1162 sententiam.
805 1095 875 1160 Nos
906 1118 987 1174 uero,
1021 1097 1068 1160 ait
1099 1095 1133 1162 S.
1156 1095 1342 1180 Augustinus

253 1195 356 1262 Serm.
380 1197 455 1278 351,
473 1220 494 1260 a
509 1196 719 1260 commuuione
730 1195 896 1279 prohibere
910 1217 1091 1280 quemquam
1104 1215 1169 1258 aon
1186 1215 1341 1281 possumus,

251 1295 317 1358 uisi
339 1305 395 1358 aut
418 1305 526 1380 moute
550 1292 739 1378 confessum,
768 1303 824 1356 out
846 1293 881 1356 ia
905 1293 1010 1378 aliquo
1033 1293 1097 1356 sine
1121 1292 1275 1356 securiori
1293 1292 1342 1353 sire

251 1393 459 1456 ecclesiastico
475 1393 599 1482 judicio
625 1393 804 1454 conmotam.
841 1391 969 1454 Pariter
992 1389 1025 1456 S.
1050 1390 1240 1474 Cyprianus
1260 1389 1343 1452 variis

251 1491 395 1574 epistolis
415 1490 535 1576 quibus
550 1489 591 1554 de
606 1491 646 1552 iis
661 1488 776 1552 scribit
790 1489 845 1572 qui
862 1489 896 1552 in
913 1490 1140 1573 persecutione
1156 1488 1253 1552 Decii
1274 1485 1341 1571 lapsi

250 1599 352 1670 crant,
366 1599 464 1674 atque
476 1587 612 1672 epistola
627 1587 682 1650 72·
693 1587 727 1650 in
740 1609 805 1670 qua
817 1587 926 1669 agitur
940 1585 981 1650 de
994 1587 1180 1670 virginibus
1189 1587 1260 1652 Deo
1272 1587 1343 1650 dica·

249 1688 291 1750 tis
314 1709 398 1772 quae
422 1707 497 1750 cum
521 1686 602 1749 viris
624 1685 881 1749 familiaritatem
905 1684 1106 1767 habuerant,
1146 1684 1233 1750 clare
1255 1695 1341 1750 osten·

249 1785 307 1866 dit,
333 1784 411 1848 dum
436 1783 476 1849 de
499 1785 702 1870 poenitentia
725 1781 859 1868 publiea
886 1783 1087 1868 imponenda
1110 1784 1276 1868 agebatur,
1297 1794 1343 1848 aut

250 1883 487 1946 confessionem
516 1881 747 1962 voluntariam,
771 1889 828 1944 aut
855 1881 1038 1965 juridicum
1072 1903 1213 1948 examen
1244 1891 1274 1946 et
1294 1882 1342 1944 cri·

248 1983 347 2044 minis
371 1979 600 2065 probationem
622 1980 848 2065 praecessisse.

95 2085 228 2158 rustum·
339 2081 389 2144 12.
413 2077 570 2142 Difficilis
592 2088 703 2142 autem
727 2099 766 2142 ea
785 2087 833 2141 est
848 2079 1006 2163 quaestio,
1030 2086 1142 2144 utrum
1171 2080 1268 2142 etiam
1294 2099 1342 2163 pro
1382 2099 1383 2128 ³

114 2145 203 2198 ΨΜ
248 2179 392 2263 peccatis
416 2178 584 2242 canonicis
608 2186 731 2240 secreto
755 2177 905 2260 peractis,
934 2176 1066 2261 quando
1096 2177 1132 2240 in
1156 2179 1344 2242 confessione

247 2276 490 2360 aperiebantur,
514 2276 717 2360 poenitentia
731 2274 865 2359 publica
878 2276 1031 2362 imposita
1054 2275 1164 2341 fuerit.
1187 2276 1261 2342 Jam
1276 2275 1343 2340 satis

248 2375 403 2438 convenit
425 2375 511 2437 inter
533 2373 687 2454 eruditos,
712 2371 747 2436 id
770 2372 894 2436 factum
910 2371 1011 2436 fuisse
1034 2395 1111 2438 oum
1135 2375 1342 2440 moderatione

247 2472 399 2557 quadam,
433 2472 541 2557 quoad
574 2479 710 2556 peccata
742 2472 912 2553 canonica,
946 2493 1030 2557 quae
1058 2471 1137 2536 licet
1159 2494 1225 2538 non
1247 2472 1341 2538 delata

247 2579 278 2632 et
296 2570 440 2655 juridice
472 2567 626 2655 probata,
656 2568 767 2654 aliqua
796 2579 907 2632 tamen
935 2571 1060 2635 ratione
1089 2582 1183 2636 erant
1206 2570 1341 2657 publicar

247 2667 427 2732 identidem
459 2669 558 2730 etiam
589 2666 747 2730 suadente
779 2667 978 2732 confessario
1012 2677 1069 2732 aut
1101 2672 1232 2756 proprio
1262 2682 1340 2732 motu

245 2766 481 2850 poenitentiam
496 2763 663 2850 publicam
687 2774 872 2850 susceptam
896 2765 1006 2833 fuisse.
1038 2767 1213 2833 Praeterea
1227 2789 1298 2832 vero
1312 2769 1340 2828 in

245 2862 411 2948 aliquibus
434 2863 582 2928 ecclesiis
605 2885 644 2925 ea
667 2864 780 2947 praxis
794 2862 939 2928 adfuisse
964 2864 1105 2946 videtur,
1131 2876 1166 2931 ut
1189 2868 1338 2953 poeniten·

244 2963 324 3025 tiam
348 2961 515 3046 publicam
539 2961 673 3047 quidem
689 2963 904 3047 imponerent,
921 2963 1038 3026 sedita
1062 2973 1098 3028 ut
1121 2965 1228 3031 famae
1248 2963 1338 3028 delin-

244 3062 415 3146 quentium
449 3071 645 3145 parceretur.
692 3061 732 3124 In
764 3061 797 3126 S.
822 3060 935 3124 Basilii
964 3061 1101 3147 epistola
1124 3063 1159 3128 Π
1195 3061 1339 3128 canonica

244 3157 285 3221 ad
310 3157 581 3244 Amphilochium
605 3157 670 3245 (ep.
696 3156 773 3244 199)
798 3181 924 3223 canone
947 3159 1100 3226 XXXIV
1124 3161 1254 3227 dicitur:
1277 3161 1338 3224 iliu·
1381 3205 1382 3208 ,

244 3297 312 3304 ..—

317 3364 336 3432 1)
355 3361 474 3416 Morinos
492 3362 523 3416 L.
542 3361 589 3416 IV.
609 3377 629 3416 c.
649 3363 690 3416 tl.
710 3377 736 3416 n.
750 3365 766 3414 7
779 3363 886 3430 statuit,
906 3381 1020 3432 „poenas
1039 3365 1195 3424 criminibus
1212 3366 1338 3435 inpositas

242 3449 306 3498 ante
324 3444 460 3498 Nouatum
486 3443 580 3496 breves
608 3443 748 3498 admodum
767 3443 858 3510 fuisse,
884 3451 913 3500 et
930 3463 1120 3516 nonnunquam
1139 3445 1336 3504 sceleratissimis

241 3523 391 3578 homiuibus
409 3539 499 3590 pacem
519 3528 547 3576 et
565 3523 774 3578 communionem
799 3525 880 3580 certis
899 3526 931 3580 de
956 3528 1043 3582 causis
1062 3529 1139 3584 nulls
1157 3531 1280 3598 imperata
1298 3543 1337 3579 ex-

241 3603 338 3658 teriore
357 3604 523 3671 poenitentia
542 3604 636 3657 statim
655 3619 711 3658 esse
728 3605 885 3662 redditum.“
910 3609 1039 3662 Attamen
1052 3609 1074 3662 si
1094 3627 1127 3664 ea
1146 3609 1255 3665 attendis
1273 3619 1336 3672 quur

240 3685 310 3750 apud
327 3682 531 3749 Tertullianum,
551 3683 722 3752 cyprianum,
751 3691 779 3739 et
798 3687 1231 3760 Auctorethhilosophoumenon
1247 3687 1337 3742 haben-

241 3769 292 3828 tur,
313 3763 374 3818 inde
392 3765 509 3832 colliges,
526 3765 582 3832 jam
593 3779 623 3818 eo
635 3767 899 3834 temporepublicam
911 3769 1106 3836 poenitentiam
1124 3772 1245 3826 flomisse
1261 3768 1336 3820 001st

239 3845 344 3900 maculo
369 3845 426 3898 111⁰
451 3852 480 3900 et
507 3845 560 3900 ΝΟ
587 3847 746 3912 praesertim
764 3848 792 3902 iu
811 3849 922 3904 Oriente
946 3851 1033 3920 magis
1052 3852 1161 3908 evoluta
1178 3857 1206 3908 et
1221 3849 1336 3904 ominata

240 3925 301 3988 luit,
320 3941 486 3992 canonesque
504 3925 710 3994 poenitentiales
729 3928 816 3984 severi
829 3931 972 3986 constituti
990 3939 1062 3986 suut
1100 3934 1220 3988 Fortasse
1235 3929 1258 3984 id
1276 3927 1335 3980 inde

239 4005 338 4070 evenit,
358 4007 427 4072 quod
445 4011 524 4059 tante
548 4006 691 4074 gentilium
714 4007 859 4062 multitudo
883 4011 916 4064 ad
944 4012 1082 4067 ecclesiam
1109 4011 1243 4075 stacederet¹
1259 4005 1333 4062 nutri

238 4089 329 4138 autem
349 4101 365 4137 a
388 4085 464 4140 vitiis
482 4101 535 4139 non
563 4086 738 4142 abstinerent.
776 4089 847 4144 Hinc
864 4091 960 4147 Patres
983 4099 1016 4147 ut
1032 4095 1129 4150 saltem
1147 4093 1267 4149 atrodors
1285 4088 1333 4140 ω’·

238 4164 312 4218 mina
333 4179 358 4298 ta
385 4165 516 4233 religione
544 4167 691 4221 christiana
710 4177 839 4236 arcerent,
867 4171 1015 4228 severitate
1034 4175 1162 4230 utendum
1178 4189 1230 4230 esse
1245 4167 1332 4226 uitil-
1380 4245 1381 4270 1

237 4259 354 4299 matun.
