2836 4804
441 455 624 510 Latrocinium
643 455 814 524 Ephesinurn
1127 457 1180 508 ‘273

4 627 5 638 ¹
70 597 218 663 Concilio
243 595 515 680 Chalcedonensi,
540 598 697 662 videlicet
723 621 761 663 ea
785 619 869 684 quae
892 597 935 663 ad
960 619 1093 662 oausam
1116 599 1180 662 Eu-

68 695 210 781 ryobetis
244 704 277 758 et
311 694 464 760 Flaviani
500 696 737 782 depositionem
770 697 945 781 pertinent.
992 695 1069 762 Alia
1102 717 1180 760 vero

67 818 145 880 para
176 795 335 858 Actorum
369 794 496 877 syriace
533 795 719 879 oonaoripta
751 795 938 880 nuperrime
971 795 1099 859 detecta
1122 803 1180 859 est.

67 892 219 957 Habetin
239 890 321 955 haee
345 913 421 987 pars
446 890 600 955 videlieet
614 893 700 956 inter
722 894 946 978 manuscripta
969 893 1097 978 syriaoa
1112 894 1180 956 Mu·

66 992 134 1055 saei
157 990 352 1054 Britannici.
399 989 515 1053 Versio
547 988 667 1072 gallica
697 1011 726 1055 a.
752 991 848 1072 1874,
872 999 1048 1078 antequam
1071 1000 1182 1056 textus

4 1079 6 1162 ζ
65 1089 215 1172 syriacus
238 1084 345 1150 editus
369 1094 462 1168 esset,
487 1085 564 1150 data
587 1085 676 1173 est1).

4 1173 5 1202 ³
160 1187 209 1250 19.
232 1185 273 1248 In
305 1186 367 1246 iata
399 1184 499 1267 igitur
531 1185 675 1268 synodo,
710 1186 763 1250 oui
793 1185 959 1271 praesedit
990 1185 1179 1270 Dioscorus,
1220 1221 1316 1264 mm„

64 1285 180 1348 omnia
201 1303 374 1367 perperam
398 1289 430 1345 et
453 1281 614 1347 violenter
626 1291 760 1367 peracta
784 1291 869 1347 aunt.
917 1282 1099 1348 Flavianus
1122 1306 1180 1348 suo
1215 1282 1324 1325 ¹¹⁰¹&ss

4 1417 6 1430 ›
62 1382 134 1446 loco
164 1379 276 1444 sedere
309 1401 374 1443 non
407 1387 457 1444 est
488 1381 676 1464 permissus,
710 1381 766 1444 ssd
800 1382 914 1466 quinto
947 1389 1075 1446 tantum
1097 1380 1179 1466 loeo,

4 1469 5 1472 ¹
63 1488 135 1566 post
174 1480 363 1564 episcopum
396 1477 521 1542 seilicet
550 1477 864 1563 Hierosolymam,
888 1478 1096 1544 Juvenalem.
1120 1479 1181 1543 Le-

62 1581 130 1663 gati
159 1576 254 1641 Sedis
276 1573 485 1660 Apostolicae
517 1573 716 1659 legationem
748 1598 841 1640 suam
870 1597 1060 1662 exposuere,
1084 1599 1180 1641 exou-

62 1683 288 1759 saveruntque
321 1672 354 1738 S.
382 1667 539 1754 Leonem,
571 1673 658 1758 quod
691 1673 816 1758 synodo
849 1696 908 1760 per
939 1696 972 1738 ss
995 1695 1061 1738 non
1084 1676 1180 1739 inter·
1242 1749 1244 1754 ¹

63 1783 163 1854 esset,
198 1792 235 1835 eo
271 1769 360 1856 quod
393 1791 460 1834 non
493 1779 577 1834 esset
611 1773 710 1834 moris
737 1772 800 1834 nisi
837 1792 896 1857 per
929 1773 1053 1857 legatos
1087 1783 1180 1838 extra

63 1871 184 1935 urbem
217 1869 380 1932 Romanos
409 1865 586 1932 Pontifices
621 1867 755 1952 synodis
789 1870 955 1934 interesse.
1001 1869 1034 1935 S.
1057 1869 1180 1935 Leonis

62 1965 237 2055 epistolam
261 1966 383 2051 suscipi
408 1965 541 2050 quidem
560 1965 661 2050 jussit
691 1967 887 2030 vaferrimus
909 1967 1097 2050 Dioscorus,
1122 1968 1180 2032 sed

63 2069 132 2152 ejus
159 2063 334 2128 lectionem
354 2061 492 2126 aliarum
509 2062 691 2127 litterarum
708 2063 750 2128 ad
765 2063 913 2130 diversos
937 2087 1036 2130 eausa
1059 2065 1179 2148 synodi

62 2169 261 2251 scriptarum
285 2161 424 2226 lectione
456 2160 561 2225 elusit.
606 2161 702 2226 Prius
733 2161 773 2224 de
797 2165 1027 2229 controversiis
1050 2163 1180 2228 Flavia·

4 2255 5 2270 ¹
61 2285 142 2327 num
171 2263 257 2324 inter
279 2267 312 2322 et
333 2257 555 2342 Eutychetem
579 2260 714 2340 exortis,
740 2281 838 2345 quam
862 2260 904 2324 de
927 2261 992 2326 fide
1015 2261 1179 2346 agendum

63 2361 151 2425 dixit
175 2357 447 2442 eximperatoris
470 2355 636 2422 mandato.
682 2356 853 2440 Eutyches
877 2359 1083 2424 introductus
1106 2379 1179 2422 oon-

62 2462 156 2523 tinuo
182 2456 292 2540 eoepit
322 2453 448 2518 diluere
477 2452 584 2517 labem
619 2453 801 2536 haereseos,
835 2456 1073 2522 confessionem
1102 2456 1179 2521 fidei

4 2627 5 2638 ,
62 2575 248 2642 proponere
281 2551 498 2616 simulationis
529 2551 678 2637 plenam,
712 2561 744 2616 et
775 2553 972 2638 ambagibus
1004 2553 1179 2618 verborum

4 2639 5 2658 ¹
62 2648 300 2740 perplexam¹).
354 2647 529 2713 Profitetur
561 2651 622 2713 isto
655 2648 764 2714 libello
797 2651 967 2734 Eutyches
998 2652 1178 2716 Nicaenam

64 2753 174 2832 fidem,
201 2769 301 2835 quam
325 2746 484 2833 Ephesini
509 2747 624 2812 Patres
657 2756 688 2811 et
711 2746 743 2813 S.
769 2746 912 2832 Cyrillue
945 2747 1179 2830 confirmarint,

64 2853 115 2914 eui
142 2859 175 2913 et
199 2845 327 2932 aliquid
342 2844 464 2909 addere
486 2844 539 2908 vel
552 2847 700 2908 minuere
714 2845 952 2930 prohibuerint.
997 2847 1179 2910 Nicaenam

64 2948 224 3013 videlicet
246 2944 346 3008 fidem
369 2943 534 3028 professus
550 2951 608 3024 eat,
623 2965 707 3028 quae
722 2942 962 3008 Inoarnatiouia
985 2945 1178 3027 mysterium

63 3069 128 3112 non
154 3043 336 3131 explicuit3
360 3041 580 3126 praetermisit
597 3061 675 3104 vero
699 3041 884 3106 additiones
906 3041 1010 3106 saetas
1032 3043 1178 3106 Nicaeno

64 3143 224 3231 Symbolo
247 3148 382 3227 propter
411 3137 574 3202 haeresim
605 3138 815 3224 Apollinaris,
850 3160 887 3203 eo
911 3140 999 3225 quod
1022 3142 1056 3205 in
1081 3139 1178 3204 simili

4 3261 5 3324 l
63 3264 172 3307 errore
197 3246 394 3303 versaretur.

155 3339 210 3405 20.
234 3337 337 3402 Lecto
345 3332 543 3417 Eutychetis
552 3331 662 3397 libello
674 3333 857 3398 intercessit
865 3334 1055 3416 Flavianus,
1072 3334 1180 3398 utEu-

64 3439 176 3503 sebius
186 3433 346 3517 Dorylaei
362 3433 534 3518 episcopus
552 3429 749 3514 Eutychetis
767 3442 946 3513 aecusator,
961 3434 996 3496 in
1015 3432 1179 3515 synodum

64 3537 304 3601 admitteretur.
350 3530 390 3594 ld
403 3528 670 3614 vetuitlllpidiue
694 3550 812 3610 eomes,
836 3529 1026 3594 mandatum
1038 3529 1180 3616 Impera-

63 3636 144 3699 toris
167 3628 358 3710 obtrudens,
394 3628 449 3714 qui
484 3638 614 3712 praeter
643 3626 699 3711 jus
734 3626 959 3710 interdixerat,
988 3649 1029 3692 ne
1052 3627 1099 3691 illi
1122 3629 1180 3714 qui

4 3743 5 3808 t
65 3725 352 3812 Constantinopoli
386 3723 609 3807 Eutyohetem
645 3723 884 3788 damnaverant
918 3727 952 3788 in
987 3724 1114 3808 synodo
1138 3724 1179 3788 de

64 3833 135 3918 ipso
164 3826 365 3914 judicarent.
411 3821 567 3887 Perleotis
599 3821 676 3885 dsin
708 3824 927 3886 monumentis
954 3831 1120 3906 gestorum
1143 3823 1179 3886 in

142 4079 162 4145 ¹)
181 4075 214 4128 V.
233 4073 343 4138 Martie,
361 4071 584 4141 LeBrigandage
603 4068 732 4138 d'prese
749 4068 850 4138 sapsas
869 4070 907 4126 les
925 4071 1007 4124 Actes
1020 4070 1181 4124 recommeut

64 4158 237 4221 dtoourerta;
255 4153 349 4208 Bevus
367 4153 413 4208 des
431 4153 547 4208 soienoes
565 4147 787 4217 ecelesiastiques,
806 4165 830 4204 a.
850 4149 926 4204 1874.

140 4237 165 4307 ¹)
185 4235 263 4290 Cone
284 4233 405 4288 Chalaed.
424 4234 484 4287 Aet.
503 4231 525 4286 1.

111 4341 242 4389 tnagrnsnn,
257 4335 429 4378 Dissertationes.
461 4335 519 4376 '1¹om.
535 4333 561 4408 Il
1038 4315 1073 4372 18
