2876 4814
469 517 589 576 Schisms
606 513 761 578 Nomtisni.
1120 518 1173 576 293

76 681 155 747 messe
194 683 260 726 mm
299 664 455 748 episcopis
485 667 540 750 qui
579 665 835 750 sacnflcacascnt
867 664 1173 728 eommunicotimssm

76 759 240 846 merileqam
271 761 451 840 miscuisse,
483 761 539 824 sed
561 785 614 826 eos
645 763 766 826 mosum
788 783 918 846 quomm
940 783 1037 824 causo
1059 759 1173 824 audita

75 857 290 920 amnoecntia
312 857 514 942 comprobata
536 869 598 938 est,
629 860 829 950 eoajmsaeisse
851 857 1019 921 nobiseum.
1064 855 1173 920 Novu-

75 953 140 1014 tisni
161 962 270 1038 panes
293 962 471 1017 tennerunt
493 955 641 1042 quinque
663 955 858 1042 presbyteri,
883 964 915 1017 et
938 954 1024 1018 varii
1040 951 1172 1018 Confes-

75 1069 146 1112 sores
167 1048 208 1112 sb
232 1049 305 1135 ipso
330 1049 457 1114 seducti
481 1060 568 1116 sunt.

146 1147 196 1212 36.
219 1145 405 1231 instigante
427 1157 538 1211 autem
552 1147 682 1212 Novato
704 1145 840 1212 ulterius
861 1169 1051 1234 progressus
1065 1148 1172 1212 Nova·

74 1245 166 1306 tisnus
183 1243 277 1307 brevi
298 1253 372 1328 post
389 1243 581 1308 electionem
606 1243 764 1325 Cornelii,
787 1245 931 1309 factione
950 1247 1021 1332 ejus
1040 1267 1172 1310 consen-

75 1343 168 1420 tiente,
182 1343 342 1426 seipsum
356 1342 392 1405 in
407 1341 599 1427 episcopum
614 1341 759 1405 ordinari
771 1344 909 1408 curavit.
935 1343 1011 1424 Qua
1021 1343 1061 1408 de
1078 1364 1113 1406 re
1127 1345 1174 1406 itu

74 1435 100 1501 S.
114 1435 278 1502 Cornelias
297 1436 341 1501 sd
356 1433 516 1502 Fabium:
548 1439 607 1502 Ille
626 1439 804 1524 docmatam
821 1439 965 1504 eonditor
983 1453 1013 1504 et
1031 1441 1173 1504 ecclesio·

75 1535 154 1598 meae
167 1533 359 1621 disciplinae
367 1547 598 1623 propuqnatos,
613 1559 681 1599 cum
695 1536 908 1622 episcopatem
922 1537 984 1602 sibi
1002 1563 1023 1602 a
1036 1539 1104 1602 Deo
1118 1539 1173 1600 mi-

75 1633 140 1695 nime
152 1655 328 1696 cossesssum
337 1633 534 1722 praetensae
548 1656 698 1719 omoyare
717 1643 809 1719 atquae
824 1635 983 1720 mcbn'pere
997 1645 1173 1713 conaretur,

74 1729 138 1792 tuos
155 1730 213 1793 eti
226 1731 331 1794 socios
349 1729 533 1814 deploratae
552 1729 667 1794 salutis
685 1728 814 1816 deiecit,
834 1753 911 1816 quos
927 1733 962 1795 ia
981 1735 1126 1819 esimcam
1144 1741 1174 1794 et

75 1825 238 1890 sinaitam
253 1825 373 1890 Italiae
386 1836 513 1911 partem
530 1827 713 1904 destinaret,
738 1827 862 1891 atinde
879 1831 994 1893 occitm
1014 1831 1174 1915 episcopos

76 1933 134 2000 tres,
154 1925 290 1988 lomirses
308 1923 410 2010 pleae
433 1924 527 1987 mdes
551 1947 588 1987 oc
616 1923 782 2009 simplices,
799 1925 1015 2010 fraudulenta
1037 1925 1175 2011 cicadam

75 2019 214 2084 molitione
247 2022 423 2107 deciperet,
453 2019 620 2107 affirmans
656 2031 747 2106 atque
779 2031 959 2085 constanter
981 2045 1173 2100 asseverans,

76 2117 146 2200 ipim
165 2141 257 2204 quom
274 2119 418 2206 primum
432 2119 566 2182 Rectam
581 2117 742 2204 proficisci
764 2130 915 2204 oportere,
938 2129 974 2182 ut
996 2122 1096 2183 omais
1117 2144 1174 2183 ua·

77 2213 219 2302 &suaque
251 2225 327 2280 orta
358 2215 520 2284 discordia
551 2217 691 2300 ipsosum
724 2239 791 2278 una
822 2237 889 2278 eum
921 2216 997 2280 aliis
1020 2218 1175 2302 episcopis

77 2313 230 2376 interventu
253 2312 430 2376 adorem.
480 2309 633 2384 Quicum
657 2311 871 2391 advenissent,
894 2311 1031 2376 homines
1053 2324 1088 2376 ut
1103 2318 1175 2403 jam

77 2405 195 2474 isim
223 2409 430 2495 simplicioris
458 2410 580 2494 iayeaii
608 2431 664 2472 aec
695 2411 731 2471 ia
762 2409 810 2472 his
830 2409 1031 2494 perditorum
1054 2409 1176 2473 astibus

77 2525 106 2566 oc
117 2505 260 2590 fallaciis
294 2509 375 2570 sotis
407 2509 495 2585 triti,
519 2529 572 2570 eos
602 2505 658 2569 ille
691 2529 712 2568 a
733 2505 919 2591 quibusdam
949 2509 1000 2570 sui
1022 2505 1176 2569 similibus

77 2623 138 2686 quos
165 2605 207 2666 ael
234 2603 275 2668 id
303 2615 559 2690 commoverat,-
574 2601 721 2682 inclusos,
744 2603 822 2665 losa
849 2601 970 2665 decima
994 2601 1176 2666 temulentos

77 2701 242 2788 eteropula
277 2723 452 2787 oppressos,
476 2701 670 2786 imayiaaria
702 2699 839 2784 qemiom
862 2709 892 2761 et
914 2700 1006 2760 cario
1028 2719 1175 2759 museum

77 2794 255 2881 impositione
280 2799 494 2885 episcopatum
517 2797 579 2862 sibi
602 2797 734 2861 tradere-
743 2819 806 2882 per
827 2796 890 2859 sim
912 2795 1027 2880 co'e‘yit;
1050 2816 1174 2878 eousque

77 2914 132 2954 m
157 2895 244 2960 nullo
278 2895 341 2959 sibi
372 2906 525 2982 competat
539 2899 634 2984 jure,
651 2917 724 2979 *per
750 2893 889 2956 insidias
911 2899 1003 2976 atque
1022 2889 1176 2976 fraudem

77 2989 197 3056 entem
219 2993 269 3080 (n.
292 2990 339 3078 2).

150 3089 199 3155 37.
224 3089 340 3171 Quum
363 3088 446 3153 haee
462 3089 652 3154 evenissent
666 3097 698 3151 et
711 3087 918 3152 Novatianus
934 3105 968 3147 se
984 3082 1173 3166 antipapam

78 3187 293 3270 constituisset,
327 3207 448 3271 magno
482 3207 558 3249 cum
590 3186 706 3270 vigore
738 3205 821 3270 opus
843 3182 1081 3268 nequissimum
1105 3200 1175 3263 pro-

79 3291 191 3348 secutus
212 3295 273 3366 est,
298 3292 332 3347 et
354 3304 473 3368 graves
500 3281 665 3346 molestias
676 3280 828 3347 Cornelio
852 3279 971 3344 attulit.
1018 3277 1103 3358 Tum
1127 3275 1176 3338 lit-

78 3381 142 3442 ten's
162 3382 292 3468 scriptis
315 3391 386 3444 tum
415 3379 532 3465 legetis
560 3381 671 3443 missis
698 3387 835 3444 conatus
859 3385 907 3440 est
930 3377 965 3438 in
988 3373 1177 3458 longinquis

79 3477 162 3542 etism
183 3478 393 3544 dioecesibus
416 3477 601 3542 schismatis
622 3478 672 3541 sui
692 3485 868 3540 sectatores
887 3471 950 3537 sibi
974 3491 1175 3556 comparare,

79 3583 162 3660 etque
182 3575 375 3641 hominibus
397 3575 540 3640 incuntis
553 3572 762 3660 persuadere,
787 3593 821 3636 se
844 3570 990 3654 legitime
1014 3569 1048 3632 in
1071 3569 1176 3653 ponti-

79 3669 159 3735 ficem
172 3673 312 3739 electum
327 3673 438 3737 fnisse.
462 3671 533 3737 Imo
544 3693 688 3756 eousque
705 3668 810 3734 scelus
819 3667 998 3732 Novatiani
1013 3665 1175 3750 pervenit,

80 3777 109 3829 nt
127 3791 195 3835 eum
219 3771 407 3836 schismatis
429 3771 480 3834 sui
504 3770 602 3833 sociis
619 3767 865 3832 Eucharistiam
888 3765 1097 3845 ministraret,
1122 3781 1177 3824 eos

82 3883 129 3947 ptr
154 3870 397 3934 sanctissimum
421 3865 544 3932 Christi
575 3887 693 3951 corpus
717 3875 750 3928 et
782 3863 978 3947 sanguinem
1007 3859 1050 3923 ad
1064 3860 1176 3945 jnrsn·

82 3958 147 4026 dum
175 3965 332 4051 adigeret,
366 3966 401 4029 in
433 3964 610 4028 schismate
642 3984 677 4026 se
710 3981 779 4025 esse
811 3977 1043 4044 permansuros
1075 3967 1107 4020 et
1134 3953 1178 4018 sd

84 4053 253 4127 Cornelium
285 4083 457 4149 nunquam
488 4060 662 4125 redituros.
709 4057 783 4122 Hac
816 4055 857 4120 de
889 4053 980 4119 res,
1006 4051 1177 4118 Cornelius

83 4153 117 4218 sd
148 4157 303 4224 Fubium:
351 4157 572 4224 oblationibus
591 4156 695 4242 sactis
721 4155 901 4241 portionem
937 4151 1070 4238 siayulis
1098 4151 1177 4214 ‹livi-

84 4249 156 4334 ἄεν,
185 4257 259 4321 dum
290 4279 360 4320 eam
392 4255 503 4337 tradit,
535 4257 665 4318 miseros
686 4253 823 4316 homiues
854 4248 1079 4314 benedictionis
1111 4247 1178 4311 loco
