2766 4836
460 457 602 514 Vindictae
619 457 730 514 hiberii.
1116 463 1149 517 ol

58 615 80 666 o
107 561 250 668 ornan
280 611 311 666 a
336 599 517 668 eumuna,
542 613 764 690 populerunt,
788 603 891 691 ιιρει).
935 603 1095 692 ruarmo,
1117 609 1153 671 a

57 701 222 786 paludum
244 723 308 766 nou
329 701 434 764 minue
456 702 709 788 oirerrmepeotum
731 725 797 766 ease
820 725 913 788 piam
936 703 1068 768 liberum
1090 713 1152 769 eto.

56 799 109 864 Soli
129 811 192 864 tree
216 797 264 864 illi
288 797 446 864 dicuntur
460 799 699 883 expositionem
715 801 855 884 petiisse,
871 799 1063 886 legatorum,
1089 823 1153 888 quo

57 897 215 964 verisimile
229 897 277 978 fit,
292 918 369 960 enm
378 896 455 961 solis
469 895 533 960 illis
547 896 638 982 apud
646 896 882 982 Imperatorem
899 900 1004 982 egisse
1018 898 1153 984 legates,

55 997 228 1078 praesertim
244 1015 320 1060 oum
333 994 433 1079 legati
443 993 491 1059 illi
501 997 704 1080 propositum
719 994 782 1059 sibi
793 1017 859 1060 nou
869 995 1031 1061 haberent
1040 1007 1154 1062 eontra

55 1091 342 1176 Catholicosagere,
353 1092 411 1157 sed
426 1101 539 1158 eontra
548 1091 730 1156 haereticos
744 1100 777 1156 et
790 1091 976 1159 haereticae
994 1095 1154 1160 formulae

53 1202 195 1256 auctores.
226 1189 306 1256 Ideo
322 1191 426 1254 uariis
441 1189 522 1255 loeis
538 1199 676 1254 testatur
685 1189 842 1272 Hilarius,
859 1202 990 1257 coaetos
1000 1215 1069 1258 esse
1079 1193 1154 1258 hae-

53 1292 153 1356 retieos
185 1289 344 1354 damnare
375 1310 459 1374 qnae
491 1289 553 1375 ipsi
585 1288 747 1371 fenerant,
779 1298 845 1352 tres
863 1290 935 1375 jam
959 1303 1154 1357 memoratos

53 1390 210 1454 insinuans
233 1387 304 1474 (nn.
335 1387 366 1468 3,
397 1387 450 1467 27,
481 1385 548 1472 63).
594 1387 712 1450 Postea
734 1407 919 1452 sermonem
944 1388 1089 1475 dirigens
1111 1389 1155 1454 ed

51 1485 159 1572 legatos
182 1485 357 1569 Aneyrani
380 1483 513 1550 oonoilii
537 1507 568 1548 n.
594 1485 635 1553 79
666 1484 770 1566 docet,
802 1505 869 1550 non
892 1507 961 1550 esse
983 1487 1155 1553 fidendum

51 1583 171 1649 Arianis
195 1583 254 1669 qui
278 1579 552 1667 subscripserunt.
589 1581 724 1646 Fallunt
747 1583 840 1662 euim,
864 1584 981 1670 inquit,
1005 1596 1156 1670 quantiam

50 1693 73 1744 et
100 1705 206 1747 uereor
239 1692 269 1746 et
300 1681 377 1746 mili
406 1680 540 1761 uidetur,
565 1680 692 1766 fratres
724 1681 898 1760 eorisaimi,
913 1682 1056 1769 salirent,
1080 1685 1157 1769 quia

50 1803 155 1866 semper
168 1778 375 1866 fefellerunt,
399 1788 430 1842 et
451 1777 513 1842 illa
526 1779 600 1864 ι’]ιια
607 1801 764 1864 praesens
776 1803 859 1844 uuae
882 1778 1068 1867 autumpno
1091 1803 1157 1844 noo

49 1890 120 1942 curet
133 1877 335 1966 falsitate..
368 1923 377 1939 .
410 1923 419 1940 .
444 1875 522 1940 Nou
553 1899 665 1962 queror
696 1876 865 1940 admodum
887 1877 926 1941 do
947 1879 1041 1942 venia
1063 1901 1156 1964 ᾳιιαιιι

49 1975 190 2055 Μαίη
220 1973 402 2060 religionem
431 1983 495 2051 est,
518 1973 586 2037 Deo
617 1996 676 2038 aaa
703 1997 862 2038 reamare
893 1985 924 2038 ot
944 1976 1156 2062 iquos-ationis

49 2097 123 2138 error
152 2073 311 2140 tomam
342 2081 397 2136 eet.
445 2067 509 2136 Sed
539 2071 705 2157 ipnoscruu
729 2076 802 2161 jum
833 2073 910 2136 mulii
932 2073 993 2138 duo
1017 2075 1157 2162 episcopi

54 2171 158 2237 laum
181 2181 213 2236 et
242 2170 402 2248 Urunciuo,
425 2169 509 2256 quood
531 2191 583 2234 eos
601 2193 663 2255 pro
687 2181 791 2234 aemte
814 2180 907 2256 atque
931 2172 1157 2236 meatuum

49 2293 96 2334 auu
125 2271 292 2358 ipmruaee
323 2291 388 2332 noa
420 2267 522 2332 medo.
568 2267 611 2332 Et
642 2266 867 2354 difficillimum
899 2279 945 2334 eat
967 2293 1007 2334 uo
1028 2272 1157 2336 nuntio-i

48 2370 268 2448 amimea,
301 2367 355 2452 qui
386 2389 419 2430 ae
440 2367 476 2430 ia
507 2365 573 2430 alio
596 2368 719 2453 napulie
749 2389 814 2432 nou
831 2379 967 2453 poemat
988 2370 1053 2433 aiei
1075 2393 1155 2434 meu·

47 2465 127 2532 doeio
143 2488 301 2554 purpure.
326 2501 370 2512 ·-
392 2464 467 2528 Non
485 2463 600 2549 jungit
622 2464 677 2530 hio
692 2463 912 2548 Geminium,
936 2466 1025 2552 quod
1043 2467 1158 2553 junior

47 2577 119 2628 esset
149 2575 188 2630 et
218 2564 266 2628 nio
297 2564 402 2648 magis
432 2563 534 2629 errori
565 2561 729 2628 obnoxius
760 2573 793 2627 et
817 2563 960 2628 necdum
984 2565 1157 2628 convietus

48 2660 81 2726 de
109 2661 307 2743 mendaciis,
342 2671 378 2724 ut
409 2661 555 2724 convicti
587 2672 682 2724 erant
713 2660 837 2726 Valens
869 2669 902 2724 et
925 2659 1083 2726 Ursaoius
1115 2661 1156 2726 de

48 2760 225 2826 mendaciis
248 2767 362 2824 eontra
385 2757 418 2823 S.
442 2757 664 2823 Athanasium
689 2758 873 2846 sparsis“²).

124 2859 180 2924 83.
208 2857 301 2922 Haeo
319 2857 431 2922 omnia
454 2857 622 2938 evincunt,
648 2858 745 2923 unice
768 2859 803 2920 in
827 2854 882 2920 illo
907 2863 1073 2919 conventu
1091 2853 1156 2920 Sir-
1176 2887 1314 2940 mim„

48 2957 153 3020 misnsi
178 2965 294 3022 aetum
325 2954 426 3020 fuisse
459 2963 575 3018 eontra
604 2963 754 3018 auctores
784 2955 906 3040 impiae
928 2952 1088 3018 formidas
1110 2975 1157 3018 se
1211 2953 1279 3002 Μ

46 3053 166 3120 eundae
193 3052 392 3134 Sirmiensis,
424 3073 487 3116 neo
519 3051 566 3116 ibi
598 3061 772 3116 tractatam
802 3061 835 3115 et
864 3051 1033 3116 definitam
1056 3051 1157 3116 luisse

46 3151 301 3218 controversiam
319 3151 410 3216 inter
430 3148 617 3216 Catholieos
640 3159 673 3214 et
694 3147 926 3216 semiarianos.
972 3149 1106 3214 Etenim
1129 3151 1157 3214 si

46 3247 85 3314 ibi
108 3261 177 3316 nes
207 3248 255 3314 illi
286 3247 404 3334 legati,
437 3248 534 3316 sicuti
557 3246 701 3314 Arianos
723 3249 894 3334 episcopos
926 3257 1159 3332 oppugnarunt

46 3359 73 3410 ot
92 3348 135 3413 ad
160 3348 413 3416 damnationem
443 3347 616 3410 anterioris
647 3346 816 3411 doetrinae
849 3344 1087 3430 compulerunt,
1111 3348 1160 3412 itu

47 3448 140 3512 etiam
148 3444 327 3512 Liberium
352 3455 385 3508 et
407 3454 547 3530 quatuor
569 3443 651 3510 alios
678 3446 848 3530 episcopos
872 3444 1098 3526 adduxissent,
1123 3455 1160 3510 ut

46 3543 284 3630 subnefiptione
304 3541 408 3608 libelli
423 3541 564 3628 alicujus
578 3565 598 3607 a
610 3541 753 3608 formula
766 3543 1047 3608 connitatautialie
1061 3541 1158 3629 plane

44 3643 252 3710 repedarent:
267 3642 417 3707 metanti
441 3643 599 3706 momenti
623 3651 711 3706 certe
734 3662 801 3706 non
823 3640 972 3706 latuisset
981 3639 1158 3724 Hilarium,

112 3848 133 3916 ι)
153 3845 251 3914 Quam
269 3845 307 3904 sit
325 3843 374 3900 illa
390 3844 505 3914 epistole
521 3861 575 3902 uon
587 3847 702 3900 eonetut.
721 3844 781 3900 Non
800 3843 909 3902 videtur
927 3845 975 3915 agi
993 3845 1026 3900 de
1043 3845 1162 3912 epistole

44 3927 162 3992 enodati
183 3926 277 3994 modi
297 3927 463 3994 Aneyranae,
483 3926 511 3980 iu
530 3941 583 3992 qna
607 3927 639 3980 de
658 3925 824 3992 expositione
850 3925 957 3982 illenim
976 3941 1071 3984 uocum
1088 3925 1160 3981 hand

45 4007 142 4076 agitur.
182 4003 311 4060 Fortasse
330 4012 423 4060 esest
446 4023 515 4073 quae
541 4007 611 4075 apud
629 4003 810 4076 Epiphanium
828 4005 908 4062 Haer.
934 4007 1012 4061 7811.
1035 4009 1068 4060 12
1086 4005 1159 4060 inve

44 4088 113 4141 nitur
132 4085 267 4155 inscripta
278 4085 379 4140 Basilii
397 4085 545 4155 ooGeorpii
563 4091 586 4139 et
596 4091 757 4139 coeterorum
762 4087 906 4154 professio.
923 4084 1056 4153 Quidquid
1074 4085 1111 4139 eit
1129 4085 1161 4139 de

46 4167 89 4220 uic
105 4185 144 4232 re,
164 4167 249 4232 rides,
268 4167 293 4222 a
313 4166 455 4222 Hilarium
474 4172 599 4221 aeourate
617 4166 724 4220 nouisse
741 4179 809 4234 quae
826 4165 916 4220 Sirmii
935 4167 1095 4224 aesiderant.

111 4253 133 4320 ²)
152 4247 279 4316 Su'ltiug,
298 4248 317 4302 l.
336 4263 358 4302 e
377 4247 402 4318 ξ.
421 4247 455 4301 X.
474 4264 501 4302 n.
522 4249 578 4301 177.
