2806 4848
264 459 299 512 80
511 456 552 510 De
570 453 715 508 Ananismi
734 450 801 506 fatis
819 465 851 504 so
868 450 901 506 da
918 452 996 520 lapsu
1013 451 1122 509 Liberii

117 623 141 664 s.
157 621 232 664 ιιιιιιιι
354 599 426 666 106.
451 599 502 664 De
527 597 558 663 S.
583 595 713 662 Hilario
737 616 822 681 quae
852 595 994 661 dicenda
1017 609 1198 680 occurrunt,
1221 601 1343 663 maxims
1373 592 1374 668 l

136 685 215 726 “¹²⁰²
263 707 355 783 parte
373 697 445 782 jam
470 699 509 760 iis
533 717 618 782 quae
633 695 782 780 superius
797 691 1039 778 disputavimus
1063 695 1344 762 continentiarum
1373 679 1374 718 ¹

262 796 398 860 affertur
420 817 463 858 ex
486 794 556 879 ejus
582 791 699 858 Contra
733 789 948 856 Corrataatium
977 790 1087 856 libello
1119 805 1204 858 certe
1225 797 1345 878 gannim

262 903 382 974 textus,
415 914 479 979 quc
511 889 637 955 Liberii
671 889 799 975 lapsum
831 891 1079 954 commemorari
1111 894 1194 956 varii
1220 903 1345 957 auctores

263 993 462 1056 existimant.
485 989 719 1074 Imperatorem
742 984 928 1073 alloquens:
959 987 1087 1052 Vertisti
1108 990 1230 1068 danda,
1252 993 1345 1076 inquit

261 1112 356 1176 arsque
388 1088 433 1151 ad
463 1089 597 1151 Romam
620 1084 732 1150 bellam
756 1095 849 1162 taum,
883 1087 1029 1172 erepsisti
1050 1085 1139 1150 illinc
1161 1087 1346 1174 Episcopum

262 1197 292 1251 et
314 1209 331 1250 o
355 1198 382 1250 te
404 1186 559 1262 miseram,
592 1185 645 1269 qai
674 1184 777 1246 arecio
803 1192 903 1246 utrum
926 1187 1045 1272 majora
1073 1185 1233 1270 impietate
1252 1183 1345 1269 ratapa-
1374 1203 1375 1260 ι

261 1287 353 1364 varia,
377 1307 469 1369 qaam
491 1279 698 1366 remerare!
724 1279 773 1346 01.
787 1279 904 1344 Helele
927 1284 1050 1364 statuit,
1066 1281 1232 1348 Hilarium
1246 1281 1345 1346 ibiden
1374 1275 1375 1350 ?

262 1384 324 1450 hcc
346 1379 532 1467 emphatico
556 1378 712 1465 loquendi
728 1378 823 1442 modo
848 1376 891 1442 sd
905 1378 1033 1463 foetum
1055 1379 1349 1466 roccamartina

261 1479 389 1546 Liberii
412 1477 567 1543 alludere.
613 1474 804 1540 Secundum
833 1477 1042 1561 opinionem,
1074 1479 1127 1542 cni
1161 1479 1275 1544 Hefele
1302 1477 1350 1541 sut-

261 1579 417 1662 fragatur,
449 1575 503 1638 bic
532 1574 643 1659 lapsus
665 1573 791 1638 Liberii
823 1575 858 1638 in
890 1596 928 1638 eo
953 1577 1110 1659 consistit,
1142 1577 1232 1664 quod
1261 1575 1351 1640 libello

262 1677 405 1763 plurium
427 1672 643 1738 formularum
674 1670 786 1736 Sirmii
819 1671 985 1736 aBasilio
1009 1673 1189 1758 Ancyrano
1223 1685 1255 1740 et
1274 1675 1353 1738 sociis

262 1775 332 1861 ejus
364 1772 531 1852 confecto,
565 1769 753 1854 impellente
786 1769 1005 1855 Imperatore,
1039 1769 1276 1858 subscripserit.
1320 1773 1354 1834 tt

263 1871 425 1960 quomodo
448 1870 606 1955 potuisset
628 1866 661 1932 S.
686 1867 833 1932 Hilarius
856 1867 897 1932 ob
922 1868 985 1932 boe
1015 1869 1138 1934 factum
1163 1871 1355 1934 vehementer

263 1973 297 2036 in
321 1967 532 2054 Imperatoris
563 1966 765 2049 impietatem
789 1964 955 2048 invehere,
986 1965 1065 2030 dum
1089 1966 1251 2034 Basiliam
1272 1981 1301 2032 et
1320 1953 1376 2030 soff

263 2071 330 2132 cios
354 2066 433 2152 ejus,
458 2065 506 2128 uti
530 2061 684 2142 vidimus,
701 2059 802 2124 babet
826 2073 861 2126 ut
883 2065 1068 2128 carissimos
1091 2064 1210 2130 fratres
1232 2077 1263 2130 et
1284 2089 1355 2129 sanc·

262 2167 404 2230 tissimos
427 2164 515 2226 viros
539 2161 594 2246 qui
619 2159 730 2224 Sirmii
755 2159 836 2222 nihil
858 2163 1086 2246 proposuerint
1109 2164 1200 2250 quod
1223 2165 1356 2249 suspicio

261 2285 337 2329 nem
359 2259 545 2346 relinquat?
569 2257 635 2322 Ista
658 2256 802 2342 profecto
826 2279 891 2322 non
922 2259 1108 2324 cohaerent.
1123 2299 1166 2312 -
1185 2261 1310 2326 lavabit
1332 2261 1356 2322 S.

262 2361 409 2426 Hilarius
441 2359 476 2422 in
509 2357 712 2442 impietatem
736 2353 930 2436 Constantii,
965 2356 1053 2442 quod
1076 2359 1222 2424 reditum
1245 2359 1355 2446 permit-

260 2471 334 2524 tens
354 2457 489 2522 Liberio
509 2455 645 2540 jusserit
668 2453 763 2532 duos,
788 2455 896 2538 ipsum
920 2463 952 2520 et
975 2453 1131 2535 Felicem,
1156 2457 1279 2522 Romae
1300 2426 1377 2519 rael

262 2558 441 2642 episcopos,
465 2561 497 2616 ct
527 2553 572 2616 ita
596 2549 710 2614 turbas
740 2559 773 2614 et
795 2552 985 2616 scissionem
1016 2553 1051 2616 in
1073 2553 1227 2620 Ecclesia
1250 2575 1377 2641 promo·¹

261 2656 355 2720 verit.
391 2651 502 2716 Etiam
528 2648 704 2713 concilium
714 2646 923 2714 Ariminense
946 2652 981 2713 in
1003 2672 1063 2716 sua
1083 2649 1127 2714 sd
1143 2649 1354 2716 Constantium

261 2750 397 2838 epistola
420 2747 550 2812 scribit:
584 2746 689 2831 Mapis
722 2744 857 2810 turbatio
889 2749 1007 2810 eructes
1028 2749 1210 2833 repioailrus
1233 2761 1262 2814 et
1277 2773 1355 2836 prae·

261 2852 350 2936 ripae
373 2845 518 2911 ecclesiae
550 2845 711 2908 Romanos
741 2844 880 2908 imreissa
911 2843 997 2931 ect.¹)
1043 2845 1211 2912 Videlicet
1233 2859 1301 2934 post
1318 2867 1355 2908 re-

262 2948 367 3012 ditum
381 2941 507 3009 Liberii
531 2941 620 3006 haud
636 2943 745 3004 statim
765 2963 832 3028 pax
847 2951 879 3006 et
891 2941 1069 3008 concordis
1091 2947 1263 3010 restitutae
1285 2957 1355 3007 sunt.

262 3046 319 3110 sed
352 3043 433 3108 illud
466 3042 604 3126 impium
637 3038 847 3124 Imperatoris
874 3039 1015 3130 jussum,
1040 3050 1076 3103 ut
1099 3041 1199 3106 simul
1223 3041 1312 3108 Felix
1332 3052 1356 3100 rt

261 3143 414 3208 Liberius
438 3139 610 3204 eeclesiam
641 3137 918 3218 administrarent,
948 3137 1172 3204 turbationem
1204 3140 1281 3204 fecit
1302 3160 1356 3223 per·

262 3241 389 3306 durare.
406 3277 449 3286 -
465 3237 600 3321 Stilting
622 3235 642 3300 l.
666 3257 694 3300 c.
720 3257 751 3299 ιι.
778 3235 841 3300 156
865 3237 1068 3320 impietatem
1091 3237 1155 3304 aS.
1167 3237 1294 3304 Hilario
1315 3257 1355 3299 ne

260 3349 363 3404 tetam
386 3358 458 3402 eam
491 3357 561 3399 esse
590 3344 693 3419 putat,
726 3331 814 3418 quod
837 3335 970 3419 pessimi
1004 3333 1045 3398 de
1067 3335 1204 3401 Liberio
1228 3355 1355 3400 mmores

261 3447 293 3502 et
316 3435 499 3500 calumniae
530 3431 572 3496 ab
603 3431 802 3515 Imperatore
833 3440 866 3494 et
888 3431 1022 3496 Arianis
1054 3435 1157 3518 sparsi
1183 3436 1259 3514 sint,
1281 3453 1315 3498 ac
1334 3431 1354 3491 si

261 3537 331 3621 ipse
362 3533 561 3596 Arianorum
594 3528 752 3592 doctrinis
787 3531 997 3596 consenserit.
1054 3529 1146 3594 Haec
1180 3529 1354 3618 explicatio.

262 3632 413 3720 quamvis
437 3630 536 3722 etiam
560 3628 601 3692 sit
624 3634 710 3711 apta,
735 3627 844 3690 minus
867 3635 977 3692 tamen
1001 3626 1101 3692 obvia
1126 3627 1299 3713 videtur.¹)

261 3853 320 3893 cnm
332 3837 527 3903 aliaqueopers
546 3837 618 3888 certe
634 3837 755 3896 noverat,
774 3835 803 3885 et
821 3831 987 3886 commendat
1005 3831 1103 3888 librum
1120 3831 1153 3886 de
1173 3831 1245 3886 Viris
1261 3827 1357 3884 rusca·

261 3919 317 3971 bus.
362 3917 435 3983 Quae
462 3931 525 3968 vero
553 3913 686 3968 Libertum
713 3917 838 3980 spectant
865 3913 1007 3966 secundum
1035 3913 1231 3966 Tbeodcretnm
1269 3915 1356 3964 narrat

261 3997 380 4064 nihilque
406 3995 488 4049 babet
505 3996 538 4049 le
562 3994 619 4063 ejus
646 3993 730 4060 lapsu.
768 3991 852 4046 Valde
871 3992 1007 4060 probabile
1034 3997 1084 4058 cst,
1103 4007 1163 4046 enm
1182 3991 1210 4046 in
1229 3991 1254 4044 8
1276 3989 1346 4042 mero

261 4092 340 4144 nymo
358 4075 425 4129 nihil
444 4091 477 4128 ea
494 4075 527 4128 de
546 4084 574 4128 rs
592 4073 735 4128 invenisse.

337 4161 354 4224 Ι)
373 4155 404 4209 N.
424 4154 486 4208 XII.
807 4153 830 4218 ¹)
847 4151 947 4206 &scm
966 4150 1001 4204 H
1020 4149 1050 4204 E,
1071 4151 1088 4205 l.
1107 4149 1147 4204 1v
1174 4165 1196 4204 c.
1218 4149 1257 4204 18

334 4238 357 4308 ⁸)
375 4233 488 4302 Scripsit
514 4233 539 4288 S.
558 4233 679 4288 Hilarius
706 4231 825 4287 libellum
846 4235 946 4285 tlorrtro
975 4234 1163 4286 (ἐυπείαιιέιιιιιι
1188 4245 1214 4284 a
1245 4229 1294 4280 aas
1321 4221 1355 4278 ιι]
