2806 4848
275 452 314 509 Dc
332 453 518 523 suppressione
535 452 675 522 presbyter
703 455 913 524 poenitentiarii.
1093 460 1143 516 159

56 597 122 662 dieta
153 599 300 684 episcopi
333 597 522 662 directione.
568 597 634 662 Sed
657 608 743 663 certe
773 623 837 664 non
861 604 1017 666 remansit
1040 626 1081 668 ex
1105 627 1144 669 ea

56 707 138 760 aetate
160 697 364 782 poenitentia
392 695 526 782 publica
553 695 749 761 stationibus
773 701 873 763 variis
897 701 1057 767 ordinata.
1103 703 1144 768 Id

55 817 83 857 or
108 795 288 860 Sozomeno
321 793 408 858 clarc
440 801 538 878 patet,
573 794 629 878 qui
653 793 733 858 dum
767 819 850 881 quae
873 797 997 862 Romae
1020 799 1145 864 fiebant

55 892 201 975 describit,
225 892 370 958 ostendit
383 893 560 956 stationum
577 912 699 956 morem
716 895 751 957 in
766 894 902 959 Oriente
910 896 982 981 jam
998 896 1142 964 desiisse.

120 992 175 1055 29.
197 991 349 1056 Breviter
364 999 397 1052 et
411 997 509 1071 recte,
525 991 572 1054 uti
590 1011 770 1072 censemus,
793 991 1031 1058 Bellarminus:
1057 996 1143 1078 „Ab-

53 1091 161 1173 rogovit
184 1089 356 1152 Nectarius
387 1089 533 1151 omnium
565 1109 724 1152 consensu
746 1090 963 1176 presbyteram
980 1095 1143 1178 poeaiten-

53 1190 183 1266 tiooiooa,·
205 1186 240 1250 id
263 1187 351 1250 enim
375 1207 487 1250 omnes
508 1183 654 1249 historici
670 1189 887 1251 communiter
909 1189 1053 1255 tradunt.
1077 1191 1143 1255 Ab·

53 1288 161 1369 rogarit
175 1286 276 1348 etiam
284 1285 514 1370 poeaitentiam
522 1283 701 1369 publicam,
721 1307 798 1348 nam
812 1307 854 1348 ex
878 1289 1050 1352 occasione
1074 1291 1101 1375 ej
1107 1314 1143 1354 us

52 1383 199 1448 acciderat
221 1381 384 1466 flagitium
408 1381 539 1446 diaconi
563 1403 639 1446 cum
671 1381 807 1446 muliere
831 1394 863 1446 ct
886 1385 962 1448 inde
986 1386 1144 1452 tumultus

53 1493 143 1545 contra
169 1479 294 1543 clerum
326 1489 458 1542 exortus
489 1478 606 1542 fuerat.
653 1479 837 1565 Abrogavit
860 1481 1002 1568 denique
1027 1487 1144 1572 coufes-

53 1581 148 1642 a'onom
175 1576 358 1664 proditorem
390 1586 459 1640 tum
493 1579 571 1662 quia
599 1599 675 1662 pars
707 1589 777 1642 erat
806 1581 1028 1664 poenitentiae
1064 1583 1144 1668 pub·

53 1675 128 1758 loo,
158 1685 231 1740 tum
259 1677 337 1760 quia
365 1697 407 1738 ex
437 1696 475 1738 ea
506 1676 674 1759 cognitum
702 1675 810 1740 fuerat
837 1677 1044 1762 sacrilegiam
1078 1681 1145 1746 dia-

52 1777 107 1839 coni
137 1785 172 1839 et
207 1772 368 1855 mulieris3
407 1782 583 1858 utrumque
618 1774 706 1838 enim
729 1773 849 1859 populo
874 1774 1087 1861 displicebat,
1113 1791 1145 1843 et

52 1885 159 1938 tautum
190 1871 295 1937 scelus
323 1873 357 1936 in
382 1870 520 1935 ecclesia
543 1881 775 1957 perpetratum,
800 1881 836 1936 ιιι
859 1873 973 1937 scribit
996 1873 1144 1940 Sozome·

52 1993 105 2050 nus,
126 1981 159 2036 et
184 1993 227 2034 ex
250 1970 320 2056 ejus
343 1969 565 2055 publicatione
599 1991 753 2054 magnam
784 1971 938 2034 infamiae
962 1981 1073 2036 uotam
1097 1995 1144 2038 or·

52 2068 104 2134 diui
134 2067 332 2134 sacerdotali
364 2069 518 2149 inustam,
550 2077 586 2132 nt
608 2068 708 2132 tradit
732 2069 891 2133 Socrates.
936 2069 1011 2134 Non
1034 2079 1145 2136 autem

50 2167 207 2252 abrogavit
239 2189 299 2230 nec
331 2165 491 2250 abrogare
523 2167 629 2250 potuit
661 2165 899 2231 confessionem
924 2177 955 2230 et
978 2171 1144 2253 poeniten·

50 2265 112 2329 tiam
135 2269 312 2352 privatam.
336 2303 379 2311 —
404 2263 514 2344 Quare
539 2264 627 2350 quod
650 2263 798 2328 scribunt
821 2264 971 2329 Socrates
995 2275 1027 2330 et
1050 2267 1144 2333 Sozo-

50 2384 155 2446 uenus,
182 2365 378 2449 permissum
402 2383 473 2428 csse
495 2385 515 2426 a
537 2362 702 2443 Nectari0,
727 2371 763 2426 ιιι
786 2365 1010 2449 unusquisque
1034 2387 1145 2430 secun-

49 2459 111 2524 lum
139 2461 377 2527 conscientiam
410 2482 503 2526 suam
529 2460 573 2524 ad
603 2482 696 2524 sacra
728 2461 884 2544 mysteria
916 2463 1146 2548 participanda

48 2572 150 2642 egerat,
187 2583 254 2626 non
287 2558 464 2643 significat,
498 2559 693 2644 permissum
727 2579 796 2622 esse
829 2558 991 2641 fidelibus,
1017 2571 1052 2623 ut
1074 2563 1145 2625 sinc

49 2659 238 2722 confessione
261 2667 293 2720 et
311 2656 439 2742 judicio
472 2656 650 2721 sacerdotis
680 2678 791 2720 sacrae
816 2679 946 2722 mensae
969 2659 1145 2744 participes

49 2753 156 2838 licent,
188 2755 247 2820 sed
279 2763 316 2818 ut
348 2777 414 2820 non
446 2763 640 2838 cogerentur
669 2754 760 2818 adire
784 2753 954 2839 publicum
976 2755 1145 2820 Ecclesiae

49 2853 189 2936 tdboual,
215 2875 330 2917 verum
354 2854 416 2938 ipsi
441 2854 661 2917 eonscientiae
692 2873 769 2916 suec
793 2853 953 2916 rationem
976 2852 1144 2936 haberent,

47 2964 71 3012 et
90 2957 114 3017 si
137 2951 275 3040 quidem
299 2952 369 3015 sine
392 2960 526 3036 peccato
559 2950 688 3014 mortali
719 2959 835 3032 essent,
860 2951 903 3014 ed
926 2953 1145 3016 communica·

46 3051 154 3116 tionem
178 3051 369 3115 divinorum
389 3051 619 3133 mysteriorum
638 3057 707 3112 tuto
722 3047 926 3130 accederent,
950 3050 1002 3112 sin
1024 3058 1144 3130 autem,

47 3171 134 3214 unum
158 3173 203 3214 ex
235 3147 434 3234 presbyteris
465 3145 637 3232 eligerent,
671 3147 724 3210 cui
748 3147 902 3230 privatim
927 3157 1063 3232 peccata
1087 3171 1146 3212 sua

46 3247 286 3312 colementum
296 3244 330 3332 ¹).

120 3347 174 3412 30.
199 3345 290 3410 Dum
323 3345 512 3424 statuimus,
541 3344 778 3428 poenitentiam
810 3341 978 3427 publicem
1001 3343 1146 3410 Nectarii
1170 3363 1305 3406 cananea

46 3441 164 3510 decreto
199 3442 358 3509 abolitam
390 3463 478 3524 esse,
504 3441 538 3506 id
562 3453 673 3506 tamen
705 3440 795 3506 haud
825 3443 871 3504 ita
895 3440 1146 3526 intelligendum
1171 3425 1299 3528 lfffflssissnl*

45 3555 92 3619 est,
114 3566 154 3608 ac
179 3545 207 3608 si
231 3541 352 3606 exinde
375 3542 410 3606 in
427 3539 566 3606 ecclesia
581 3539 731 3604 orientali
747 3539 843 3625 plane
868 3542 1044 3603 cessaverit
1068 3563 1146 3604 usus

45 3642 255 3722 poeniteutiae
278 3638 441 3726 publicae.
479 3638 681 3722 abrogatam
707 3659 776 3702 esse
801 3658 971 3700 censemus
994 3636 1076 3702 illud
1100 3639 1146 3702 in·

19 3773 20 3784 .
45 3741 194 3820 stitutum,
218 3759 283 3824 quo
307 3759 365 3824 per
380 3739 489 3802 varias
504 3739 660 3802 stationes
675 3745 827 3800 accurate
851 3744 954 3798 totum
979 3736 1146 3819 negotium

45 3839 257 3918 poenitentiae
285 3835 438 3922 publicae
472 3834 532 3900 sub
563 3835 742 3899 directione
771 3831 956 3918 presbyteri
979 3835 1146 3918 poeniten-

45 3935 121 4000 tiarii
146 3945 181 3999 et
203 3935 417 4000 diaconorum
448 3932 693 4020 disponebatur.
739 3931 822 3997 Inde
855 3951 898 3994 ex
930 3953 967 3995 eo
1000 3940 1146 4015 tempore

45 4034 121 4098 cuim
145 4033 237 4120 apud
260 4034 435 4120 scriptores
467 4033 589 4096 mentio
622 4030 720 4116 hujus
748 4031 979 4114 institutique
1002 4027 1086 4109 talis,
1111 4037 1147 4092 ut

108 4259 133 4326 ¹)
152 4257 196 4310 De
213 4255 316 4310 Posuit
335 4255 366 4309 L.
383 4254 435 4308 ΠΙ.
454 4271 475 4308 e.
495 4254 536 4309 it.
