2790 4812
483 473 613 530 Definitio
631 475 753 534 Consilii.
1121 481 1175 536 437

77 639 155 680 susm
180 617 351 682 Donismm
381 618 493 683 Jessnn
528 617 685 684 Christum
717 619 834 684 bibiena
865 619 943 702 Dei,
974 624 1112 710 penitens
1135 647 1175 688 ex

79 715 165 793 Patre,
186 718 390 804 nssiqenem,
413 717 469 782 boe
491 728 537 782 est
568 739 609 782 sa
640 718 818 784 abstantia
841 719 951 784 Patris
972 718 1175 808 (ysssptina

76 809 103 874 ἐκ
115 815 167 876 eoi·
175 812 285 900 Hanni
287 835 314 894 ς,
328 813 490 903 annonari,
506 813 592 879 eoin²
608 813 696 880 ἐστὶν
705 813 741 882 ἐκ
754 819 810 904 τῆς
823 811 935 894 οὐσίας
948 820 1006 882 τοῦ
1019 816 1174 906 Πατρός),

76 911 161 974 ΒΜ»
181 911 219 978 de
242 913 322 994 Deo,
347 913 451 978 lumen
473 913 512 978 de
535 913 667 994 imno,
686 913 789 980 Deam
809 937 917 980 venene
939 915 978 981 de
1000 917 1069 980 Deo
1091 939 1174 996 nero,

74 1009 202 1092 auhn,
218 1032 284 1074 non
291 1011 436 1098 faeneos:
459 1011 758 1077 conseebstantialcrn
771 1013 950 1101 Paui,·per
967 1037 1056 1101 qnam
1069 1016 1176 1079 omnia

69 1105 150 1190 facta
170 1119 252 1188 nent,
275 1131 356 1196 qaae
378 1111 414 1174 in
437 1107 521 1174 coelo
550 1120 624 1174 sunt
646 1112 734 1175 etin
758 1121 864 1176 terra:
892 1115 947 1197 qni
962 1123 1097 1200 propter
1118 1135 1176 1177 nos

74 1203 193 1270 bosam
215 1217 247 1270 et
262 1219 398 1294 psopter
419 1219 561 1274 nomam
579 1207 713 1273 salntem
735 1207 905 1291 descedit,
932 1211 1176 1296 incensatnsqne

75 1312 98 1363 et
115 1302 196 1367 bono
210 1304 325 1392 factus
348 1317 394 1371 est
415 1317 446 1372 et
463 1329 603 1394 passns‚·
625 1308 681 1393 qni
698 1309 873 1372 remiscuit
896 1309 992 1372 tertia
1009 1320 1085 1394 post
1108 1309 1176 1387 oia·

75 1401 200 1466 mandit
223 1403 268 1466 ad
290 1403 402 1484 coelos,
424 1415 574 1470 centones
596 1415 643 1469 est
656 1415 692 1468 nt
713 1406 800 1469 noos
815 1405 941 1496 judicet
963 1429 1001 1470 ac
1022 1417 1175 1470 matteas:

75 1507 98 1560 o
123 1499 155 1562 in
176 1497 333 1586 spinam
356 1499 516 1567 Sanetnna
550 1503 615 1567 Eos
637 1513 741 1567 anam
762 1504 818 1589 qui
839 1502 965 1568 dinmt:
1011 1503 1094 1567 Erat
1117 1503 1176 1568 nli·

74 1596 194 1678 qnando,
217 1621 287 1662 enm
307 1621 373 1664 non
396 1611 476 1666 esset
497 1591 545 1688 (ἢν
571 1597 654 1664 ποτὲ
677 1597 731 1664 ὅτε
753 1598 810 1664 obs
832 1592 890 1688 ἦν),
915 1611 965 1665 et:
1001 1600 1178 1687 Antequam

74 1693 236 1776 n'qnereasr
256 1719 321 1761 non
343 1709 434 1777 erat,·
455 1697 506 1762 eei
527 1697 611 1784 qnod
626 1698 665 1762 de
687 1719 753 1764 non
775 1699 974 1764 exstantibus
988 1699 1102 1786 faetus
1124 1699 1176 1777 sit,

76 1789 113 1852 vei
130 1795 183 1876 qni
204 1815 246 1858 ee
268 1794 338 1859 alia
360 1795 539 1860 subswntia
552 1795 603 1860 nel
616 1797 753 1860 essentia
767 1798 810 1860 sit
828 1793 862 1884 (i
885 1793 920 1876 ἐξ
942 1790 1051 1880 ἑτέρας
1072 1791 1177 1858 econ

76 1883 179 1966 τάσεως
201 1887 220 1978 ἢ
243 1884 482 1975 winienstede),
516 1905 573 1958 aut
604 1903 758 1974 cremon,
782 1904 838 1958 ant
860 1894 1056 1958 conversioni
1077 1903 1177 1958 muta·

76 1985 197 2073 tioniqne
224 1989 395 2056 obseouium
422 1991 663 2057 dieantdilinm
688 1992 762 2071 Dei,
793 1992 1041 2057 anathematisat
1065 2000 1178 2054 saneta

76 2085 214 2152 catheliea
235 2097 267 2154 et
289 2089 466 2176 apostoliea
488 2090 552 2154 Dei
574 2089 726 2154 Εοσὶεεία.

149 2183 238 2250 Huic
270 2187 427 2272 Symbola
450 2189 566 2253 Patres
598 2187 874 2273 subscripserunt.
907 2185 1008 2249 Initio
1041 2184 1176 2272 quidem

76 2281 206 2367 quinque
237 2283 420 2369 Pnaesulos7
466 2284 632 2350 Eusebius
664 2283 898 2366 Nicomediae,
930 2281 1098 2368 Theognis
1120 2282 1176 2347 Ni·

77 2397 168 2458 caeae,
191 2380 295 2446 hinnis
318 2380 548 2463 Chalcedonis,
571 2381 725 2448 Theonas
748 2382 975 2464 Marmaricae,
1000 2390 1033 2446 et
1055 2381 1176 2447 Secun-

77 2471 126 2537 dus
141 2477 354 2544 Ptolemaidis
382 2482 528 2567 episcopi
552 2480 759 2545 subscribere
780 2489 988 2564 recusarunt3
1011 2489 1176 2566 postremo

75 2579 167 2639 tamen
189 2577 290 2640 etiam
314 2577 361 2642 illi
385 2587 451 2644 tres
473 2577 660 2660 formulam,
684 2579 838 2664 quamvis
869 2579 981 2642 enimc
1003 2576 1090 2660 ficto,
1115 2581 1176 2664 sig-

76 2683 188 2755 narunt,
214 2673 375 2742 ‚Theonas
407 2698 485 2742 vero
523 2685 556 2741 et
588 2675 761 2742 Secundus
794 2678 829 2741 in
862 2697 922 2740 sua
954 2675 1176 2742 obstinatione

77 2771 281 2849 perstiterunt.
335 2773 381 2838 Hi
420 2775 522 2858 iffl'tur
554 2795 630 2838 cum
663 2771 744 2838 Ario
783 2773 994 2839 anathemate
1026 2772 1174 2838 damnati

76 2875 146 2948 sunt,
168 2889 290 2955 eosque
313 2869 550 2938 Constantinus
582 2874 617 2938 iu
647 2871 785 2937 exilium
808 2871 979 2956 relegavit.
1030 2871 1177 2936 Ttaliam

77 2981 190 3050 quoqne
212 2966 285 3031 Arii
309 2991 403 3035 sacra
425 2970 580 3055 Synodus
603 2967 880 3056 condemnaris).

152 3065 224 3130 103.
248 3065 566 3149 Animadvertimus,
599 3067 735 3134 alteram
769 3089 903 3132 cauam
927 3067 970 3132 ob
994 3089 1094 3153 qnam
1118 3067 1289 3152 Syenes
1310 3083 1346 3124 ¹³·-

79 3159 168 3226 nodns
189 3163 338 3230 Ninaena
370 3175 485 3231 ccccm
507 3175 566 3248 est,
598 3165 700 3230 fuisse
724 3165 948 3230 diversitatem
977 3167 1012 3230 in
1036 3165 1177 3231 celebra·
1222 3145 1310 3188 Μ*

79 3257 152 3322 tione
172 3261 355 3346 Paschatis,
379 3266 466 3350 qnia,
491 3264 574 3328 dicit
596 3263 629 3328 S.
654 3261 866 3344 Athanasius,
891 3261 977 3350 Syri,
1001 3261 1124 3344 Cilices,
1148 3274 1178 3328 et

79 3357 122 3435 qui
140 3359 173 3424 in
195 3361 427 3448 Mesopotamia
449 3363 574 3448 deqrsnt,
598 3383 619 3425 a
650 3361 741 3424 nobis
769 3359 999 3426 dissentiebant
1021 3373 1051 3425 et
1073 3359 1179 3426 eodem

79 3473 127 3532 qno
153 3457 275 3522 Judaei
307 3469 443 3546 tanqam
475 3459 597 3524 Pasdsa
620 3455 860 3543 celebrabanffi).
906 3458 1000 3523 Haec
1022 3458 1179 3523 videlicet

80 3559 137 3614 erat
150 3553 334 3621 differentia
349 3559 537 3644 praecipua,
555 3557 604 3620 uti
613 3556 685 3642 jam
700 3554 856 3638 vidimus,
872 3556 961 3641 quod
975 3556 1022 3636 illi
1040 3557 1178 3637 Quarto·

82 3643 226 3718 decimani
252 3675 328 3718 cum
352 3654 492 3732 Judaeis
515 3663 547 3718 et
570 3675 613 3718 ex
636 3672 750 3717 eorum
773 3653 977 3718 indicatione
1000 3654 1053 3719 die
1076 3653 1178 3740 pleni·

82 3741 148 3810 lunii
184 3750 297 3838 (XIV)
334 3754 457 3818 mensis
495 3751 600 3817 Nisan
634 3771 764 3836 semper
793 3751 923 3816 Pascha
955 3751 1177 3818 celebrabant.

84 3839 194 3931 Reliqui
221 3847 403 3914 Christiani
435 3849 615 3914 Dominica
653 3849 803 3934 sequenti
838 3849 969 3914 Pascha
999 3847 1177 3932 habebant,

84 3939 129 4006 sed
149 3945 285 4012 decursu
317 3949 474 4033 temporis
506 3949 606 4011 etiam
638 3947 724 4010 inter
754 3945 815 4010 hos
847 3946 889 4011 ob
917 3949 1179 4034 computationes

84 4047 298 4110 cuonomicas
320 4045 510 4112 differentes
529 4045 705 4110 dirersites
719 4064 785 4109 non
808 4066 881 4110 raro
905 4044 1081 4110 oriebatur.
1104 4043 1179 4110 Plu·

85 4171 273 4190 *⁸*—

147 4245 549 4312 'Jeeaetnuttaa
677 4247 966 4319 puniamus
