2924 4818
239 483 292 538 tto
482 487 522 541 De
541 483 616 542 Rom.
635 485 713 542 Pont
731 483 831 540 saeculi
850 484 930 554 primi
948 489 978 539 et
994 483 1110 540 emundi.

83 661 209 714 mm„
237 627 469 693 Matianirmi.
494 629 677 694 Maximam
701 650 775 692 eam
789 627 949 714 usquead
972 627 1055 692 haec
1078 635 1226 713 tempora
1240 627 1361 706 fnisse,

112 783 183 826 sunl.

97 721 202 765 Μ’
238 721 403 807 colligitur
426 748 468 790 ex
491 727 622 811 scriptis
636 734 807 789 anctorum
822 725 910 790 illius
932 727 1062 806 aetatis3
1087 725 1239 809 quamvis
1263 725 1361 788 cuim

238 819 392 905 operibus
415 825 483 887 suis
506 823 721 909 apologeticis
736 822 883 908 emphasi
898 822 1042 908 quadam
1061 819 1217 900 scribant,
1241 831 1361 885 umen

238 937 277 981 sa
300 916 434 1002 habent,
459 941 500 984 ex
531 920 651 1006 quibus
681 919 916 1005 amplissimam
947 920 1048 984 fuisse
1078 918 1246 1004 religionis
1269 917 1362 982 chri·

238 1015 363 1080 stianae
387 1019 657 1103 propagationem
681 1019 814 1082 omnino
832 1016 983 1081 concludi
1009 1015 1120 1096 dehet3
1149 1037 1210 1080 nec
1234 1015 1362 1080 desunt

238 1123 387 1177 auctores
410 1113 550 1200 profani,
582 1124 618 1178 ut
647 1114 798 1196 Tacitus,
822 1112 965 1195 Plinius,
991 1111 1119 1194 Celsus,
1144 1114 1200 1198 qni
1223 1111 1290 1175 hac
1316 1111 1362 1174 de

237 1229 273 1272 re
306 1231 340 1273 se
373 1209 532 1276 exhibent
563 1221 672 1277 testes.
723 1212 857 1275 Praeter
888 1233 927 1276 ea
959 1233 1044 1297 quae
1071 1211 1143 1296 jam
1176 1211 1362 1274 citavimus

238 1307 336 1371 effata
368 1329 474 1392 pauca
506 1308 628 1373 addere
651 1318 806 1394 praestat:
837 1347 879 1354 -
911 1309 1064 1376 lustinus
1087 1308 1131 1371 M.
1157 1309 1191 1371 in
1214 1306 1361 1393 Dialopo

238 1427 305 1467 mm
322 1403 483 1491 Tryphone
498 1405 628 1469 scribit:
664 1404 714 1470 Ne
737 1429 832 1470 unam
854 1406 978 1491 quidem
1001 1416 1047 1469 eat
1068 1406 1224 1468 bominum
1246 1426 1360 1488 penus,

238 1501 301 1562 sive
325 1500 530 1565 barbarorum
553 1504 615 1566 sive
638 1526 828 1589 praeconem,
853 1505 916 1567 sive
940 1505 1036 1566 enam
1058 1502 1194 1566 aliorum
1216 1502 1361 1564 omnium

209 1591 424 1683 ‘quocumque
457 1599 656 1684 appellentur
688 1604 829 1675 nomine,
860 1651 866 1664 .
894 1651 900 1663 .
927 1650 933 1663 .
959 1601 1042 1663 inter
1065 1622 1141 1684 puos
1158 1621 1219 1684 per
1243 1621 1358 1662 nornen

242 1689 392 1778 Orrmifici
400 1695 481 1760 Jesa
503 1697 749 1782 supplicationes
772 1709 801 1762 at
823 1701 999 1784 prationem
1017 1697 1156 1759 actiones
1177 1717 1241 1758 non
1255 1695 1359 1777 fiunt.

238 1829 281 1837 -
305 1791 338 1857 S.
361 1791 518 1858 benacus
542 1791 653 1859 Oontr.
678 1795 777 1860 Haer.
802 1793 821 1859 l.
855 1795 881 1858 I.
916 1817 943 1858 a
977 1795 1035 1856 10:
1072 1791 1269 1878 Quamquam
1292 1791 1359 1854 dis·

234 1911 333 1975 pares
355 1892 439 1954 inter
461 1913 493 1954 re
515 1891 626 1955 mundi
648 1893 774 1978 linpuue
797 1903 878 1970 sunt,
911 1915 977 1955 nna
1000 1899 1104 1954 tamen
1127 1902 1156 1953 et
1179 1889 1289 1952 eadem
1314 1901 1362 1952 est

239 1987 423 2051 traditionis
445 1989 501 2052 vis.
549 1988 650 2074 Atque
682 2013 778 2074 nepae
810 1991 866 2054 bae
898 2013 976 2074 puae
1006 1989 1041 2051 in
1069 1984 1251 2050 Gornsaniis
1274 1988 1360 2049 sitae

239 2092 311 2147 nmt
334 2083 480 2147 molesios
504 2084 600 2148 aliter
622 2088 762 2164 credunt,
787 2098 843 2150 aut
872 2086 967 2150 aliter
991 2085 1131 2162 madum,
1155 2105 1252 2168 neque
1275 2106 1360 2168 puae

239 2181 275 2244 in
298 2181 486 2267 Hispaniis,
510 2194 566 2246 ont
593 2181 729 2262 Galliis,
754 2195 810 2247 aut
832 2185 866 2246 in
895 2183 1031 2260 Oriente,
1065 2192 1128 2245 ant·
1143 2182 1178 2243 in
1201 2179 1359 2266 Aepypto,

240 2289 296 2340 aut
318 2279 353 2341 in
376 2276 501 2366 Affioa,
535 2291 591 2344 ant
621 2282 656 2344 in
678 2281 917 2345 mediterraneis
946 2279 1030 2342 orbis
1051 2278 1230 2364 ropionibus
1253 2278 1360 2340 sedem

238 2375 359 2438 babent.
391 2375 502 2440 Varum
524 2387 560 2439 nt
582 2375 630 2439 sol
651 2377 699 2440 bic
722 2402 743 2440 a
761 2377 829 2440 Deo
848 2377 992 2440 eorsditus
1014 2378 1049 2440 in
1071 2376 1216 2438 uniuerso
1239 2374 1358 2438 mundo

239 2493 320 2534 unus
352 2482 444 2556 atque
467 2471 551 2536 idem
582 2484 637 2550 est,
661 2475 708 2537 ita
731 2477 826 2538 etiam
848 2475 992 2538 iteritatis
1013 2473 1212 2558 praedicatio
1231 2473 1359 2557 panim

240 2567 330 2644 lueet,
353 2591 516 2656 euntesque
546 2572 684 2634 homines
716 2573 771 2656 qai
797 2571 840 2634 ad
872 2571 1016 2634 veritatis
1038 2570 1229 2654 spuitiorwm
1251 2569 1360 2632 venire

240 2664 370 2748 cupiunt
392 2665 543 2731 illustrat.

328 2761 383 2827 59.
397 2761 594 2833 Praesertim
612 2787 690 2828 vero
704 2764 927 2829 Tertullianus
944 2763 1042 2827 variis
1058 2763 1239 2846 inscriptis
1255 2761 1357 2828 valde

241 2856 382 2922 disertus
414 2869 463 2922 est
501 2861 535 2924 in
576 2860 794 2927 describenda
831 2863 1067 2947 propagatione
1108 2859 1357 2924 christianismi.

240 2952 295 3018 Sic
327 2953 415 3020 Adv.
448 2955 595 3022 ludaeos
627 2983 651 3022 c.
687 2957 751 3022 VH
785 2961 915 3023 venisse
947 2959 1102 3022 Messinm
1135 2981 1155 3021 a
1187 2955 1357 3042 prophetis

239 3048 460 3136 praedictum,
491 3076 533 3118 ex
556 3054 773 3140 amplitudine
797 3057 888 3140 regni
914 3057 984 3141 ejus
1009 3054 1201 3141 comprobat
1224 3062 1257 3116 et
1282 3055 1356 3116 scri·

239 3147 307 3211 bit:
340 3148 378 3212 In
409 3173 498 3235 quem
529 3151 628 3215 alium
659 3155 823 3216 aniversae
853 3164 959 3238 pentes
990 3151 1199 3227 crediderunt,
1233 3153 1302 3215 nisi
1323 3152 1356 3214 in
1453 3185 1454 3202 ι

243 3240 421 3309 OEsristmmi
457 3245 515 3313 Oui
546 3249 608 3312 ulii
638 3251 768 3314 medani
791 3251 910 3327 Partiri,
943 3249 1043 3326 Medi,
1068 3247 1226 3312 Eiamitae
1250 3259 1282 3311 et
1305 3249 1357 3334 qui

239 3342 383 3406 habitant
406 3344 676 3430 Mesopotamiam,
702 3347 892 3424 Amneniam,
918 3347 1094 3431 Phrygiam,
1109 3342 1355 3430 Cappadociam,

240 3449 270 3503 et
298 3439 468 3504 incolentes
497 3443 629 3506 Pontum
658 3455 688 3506 et
711 3443 823 3508 Asiam
854 3456 884 3507 et
907 3443 1126 3528 Pamphiliam,
1154 3442 1355 3505 immorantes
1452 3501 1453 3510 ,

241 3536 416 3623 Aeppptum
439 3549 469 3602 et
497 3542 653 3625 repionem
676 3541 808 3627 Africae
841 3553 930 3605 trans
965 3538 1129 3625 Cyrenem,
1157 3539 1300 3602 Rornuni
1328 3547 1355 3600 st
1452 3524 1453 3550 l

238 3643 345 3718 pentes
367 3645 517 3713 anemae,
541 3648 576 3700 ut
603 3635 785 3700 Getulomm
807 3640 977 3701 varietates
1004 3648 1034 3698 et
1056 3637 1243 3699 Maurorum
1264 3635 1356 3698 multi

230 3729 325 3812 fines,
350 3731 584 3817 Hispaniarum
616 3735 741 3797 termini
772 3745 802 3797 et
828 3731 1010 3800 Gallianum
1033 3733 1175 3796 diversus
1197 3733 1353 3808 notiorem,
1450 3769 1451 3774 κ

240 3827 469 3892 Britannomsm
490 3831 650 3894 inaccessa
673 3825 826 3896 Romanis
848 3831 927 3908 loca,
951 3833 1023 3894 item
1038 3829 1265 3904 Sannatorum,
1289 3829 1353 3892 Du·

241 3947 356 4004 comam,
383 3923 620 4003 Gerasenorum,
645 3926 829 4009 Scytharum
861 3939 891 3990 et
918 3927 1056 3992 aliarum
1079 3926 1262 3990 abditarum
1284 3949 1351 4012 pcn-

242 4021 329 4099 tium,
353 4033 383 4085 et
399 4023 639 4107 provinciarum
670 4033 700 4086 et
721 4023 898 4088 insularum
929 4023 1098 4088 multarum
1122 4023 1211 4087 nobis
1233 4025 1351 4108 iprtota·

240 4139 326 4196 ram,
359 4128 389 4182 et
420 4141 499 4203 qaue
531 4143 711 4184 anmncrore
749 4123 852 4184 minua
877 4143 1053 4205 possamus.
1115 4119 1352 4185 Celeberrimos

241 4215 341 4278 etiarn
354 4221 403 4278 est
413 4223 523 4280 textus
536 4215 590 4280 ille
604 4216 741 4302 Apolog,
755 4238 782 4280 c.
796 4216 853 4280 37:
881 4215 967 4290 Quid
980 4241 1117 4303 unqrsam
1129 4218 1306 4283 mmmm
1317 4219 1351 4282 a
