2924 4818
123 604 221 650 aaroni·

279 455 313 510 ⁷8
599 457 639 514 De
658 461 744 530 Opere
761 452 1045 531 Philosopboumenon

352 601 382 666 6.
407 600 534 666 Auctor
565 625 661 690 porro
693 607 830 692 exponit
861 607 1023 672 haeresim
1056 627 1155 694 quam
1187 607 1317 672 Noe'tus
1351 617 1383 670 et

193 681 453 764 Cleomenes
476 723 516 764 ac
547 711 661 787 postea
682 704 828 768 Praxeas
860 714 893 768 et
916 699 1079 770 Sabellius
1115 715 1381 790 propugnarunt.

260 796 416 861 videlicet
448 821 572 863 errores
606 799 924 865 Antitrinitariorum
962 823 1021 866 seu
1052 802 1381 868 Monarchianorum.

258 894 363 959 Juxta
394 918 507 960 eorum
541 897 734 980 doctrinam,
768 901 854 964 sicut
885 921 971 964 unus
1003 910 1052 964 est
1074 901 1176 982 Deus,
1206 902 1252 964 ita
1276 902 1380 964 etiam

257 1003 307 1056 est
330 1017 396 1058 una
419 1017 558 1080 persona
582 995 708 1060 divina.
746 997 905 1076 Verbum,
930 998 1047 1062 inDeo
1072 1021 1138 1062 non
1161 1008 1212 1064 est
1233 1021 1380 1084 persona

258 1091 413 1158 distincta
436 1093 479 1158 ab
502 1115 540 1156 eo
565 1095 659 1180 cnjus
682 1095 804 1158 dicitur
827 1095 985 1178 Verbum,
1019 1097 1077 1161 sed
1099 1096 1298 1161 attributum
1323 1097 1380 1160 ab·

257 1188 408 1255 solutum.
455 1191 529 1256 Non
554 1191 701 1256 Verbum
717 1194 924 1257 incarnatum
939 1203 997 1276 est,
1022 1194 1079 1259 sed
1102 1215 1242 1280 persona
1258 1194 1380 1259 divina

256 1310 341 1373 quae
352 1299 400 1352 est
411 1291 520 1354 unica.
535 1289 629 1354 Haec
637 1311 776 1375 persona
786 1301 863 1354 ante
870 1293 1131 1356 incarnationem
1142 1291 1379 1374 diciturPater,

256 1407 315 1470 per
324 1389 714 1452 incarnationenemfecit
723 1411 757 1452 se
767 1391 875 1474 ipsum
886 1387 1089 1472 sibiFilium,
1100 1391 1380 1476 adeoquerevera

255 1483 353 1546 Pater
370 1487 559 1549 incarnatus
570 1495 602 1549 et
615 1509 731 1572 passus
746 1497 804 1552 est.
829 1487 946 1552 Studet
960 1509 1038 1551 vero
1048 1488 1175 1554 Auctor
1189 1488 1378 1564 ostendere,

254 1579 336 1644 haec
347 1582 520 1647 cohaerere
535 1606 611 1647 cum
622 1582 781 1648 Heracliti
797 1585 946 1650 doctrina
960 1586 1190 1671 pantheistica.
1215 1585 1378 1652 Creatum

254 1680 413 1744 mundum
433 1683 483 1745 sui
498 1683 602 1768 ipsius
615 1682 824 1767 demiurgum
840 1693 872 1746 et
886 1683 1088 1748 conditorem
1103 1685 1214 1767 fuisse,
1232 1686 1281 1749 ita
1294 1685 1377 1772 (He-

252 1777 400 1865 raclitus)
416 1779 581 1844 declaret:
623 1780 735 1862 „Deus
759 1791 816 1862 est,
834 1783 889 1863 ait,
915 1780 995 1863 dies,
1020 1803 1096 1865 nox,
1120 1782 1237 1866 hiems,
1254 1795 1375 1858 aestas,

252 1876 385 1959 bellum,
409 1900 486 1963 pax,
511 1877 664 1963 expletio,
690 1879 842 1944 esuries.“

343 1977 371 2040 l.
394 1976 483 2040 Dein
495 1976 620 2040 Auctor
632 1975 737 2040 fusius
751 1977 792 2040 de
804 1975 937 2040 Callisto
950 1979 1028 2062 agit,
1044 1977 1179 2064 ejusque
1198 1977 1373 2043 historiam

133 2072 141 2094 ²¹
163 2059 209 2099 Μ·
250 2076 343 2138 texit.
393 2073 510 2159 „Hanc
534 2073 705 2156 haeresim,
731 2072 855 2154 scribit,
879 2073 1038 2139 fulciebat
1062 2075 1232 2158 Callistus,
1258 2077 1313 2138 vir
1337 2079 1370 2142 in
1451 2133 1452 2136 η

250 2175 339 2236 ornni
364 2172 485 2237 scelere
502 2173 803 2254 exercitatissimus,
819 2174 1063 2238 versutissimus
1077 2174 1121 2238 ad
1144 2173 1371 2245 mendacium
1451 2177 1452 2182 ’

250 2272 306 2356 qui
345 2271 565 2356 episcopalem
602 2269 713 2333 sedem
751 2269 929 2334 ambiebat.
984 2271 1213 2357 Zephyrinum
1245 2281 1370 2343 autem.
1451 2267 1452 2270 ¹

250 2368 384 2432 stultum
423 2368 697 2453 illiteratumque,
736 2367 989 2453 regularumque
1026 2369 1196 2434 Ecclesiae
1240 2369 1369 2450 rudem,

249 2466 345 2530 donis
368 2466 493 2530 ducens
517 2476 548 2530 et
571 2487 630 2552 pro
663 2465 727 2529 illis
762 2467 864 2528 vetita
887 2465 929 2529 ab
962 2487 1000 2530 eo
1024 2467 1195 2553 postulans
1217 2466 1262 2531 ad
1287 2467 1369 2531 illud

249 2567 315 2649 egit
339 2565 427 2650 quod
451 2566 521 2651 ipsc
545 2564 687 2628 volebat.
727 2563 858 2649 Quippe
884 2564 1034 2628 venalem
1059 2574 1091 2628 et
1114 2566 1277 2650 pecuniae
1300 2566 1369 2629 avi·
1451 2617 1452 2643 ,

248 2663 326 2726 dutn
351 2662 575 2748 permovebat,
600 2671 636 2724 ut
659 2661 797 2725 dissidia
829 2662 916 2724 inter
937 2661 1054 2726 fratres
1077 2685 1206 2748 semper
1229 2663 1368 2744 foveret,
1451 2731 1452 2752 ,

248 2760 326 2823 dum
358 2763 427 2846 ipse
451 2759 528 2824 inde
561 2758 624 2824 sibi
657 2757 829 2822 ambarum
863 2758 1005 2843 partium
1038 2762 1178 2843 gratiam
1218 2759 1369 2826 subdolis

247 2858 453 2922 sermonibus
477 2855 695 2937 conciliabat3
723 2856 795 2940 jam
829 2857 869 2918 iis
893 2857 949 2940 qui
984 2879 1063 2921 vera
1091 2858 1281 2922 sentiebant
1305 2859 1368 2922 sin-

246 2955 331 3039 gulis
348 2955 493 3037 dicebat,
511 2978 545 3019 se
561 2975 704 3018 consona
721 2953 797 3017 fidei
819 2953 962 3035 credere,
987 2964 1019 3018 et
1041 2953 1106 3019 illis
1129 2953 1243 3018 fucum
1268 2955 1367 3019 facie-

246 3053 312 3134 bat,
343 3077 382 3117 ac
406 3076 516 3118 rursus
546 3055 586 3117 iis
619 3051 769 3116 similiter
800 3053 857 3137 qui
882 3051 1017 3116 Sabellii
1041 3052 1163 3138 placita
1185 3052 1366 3134 tenebant3

246 3162 278 3214 et
299 3173 377 3215 eum
401 3153 509 3237 ipsum
526 3149 715 3236 decipiebat
729 3171 828 3235 quem
843 3148 886 3212 ad
903 3158 992 3213 recta
1009 3159 1201 3214 convertere
1224 3159 1365 3236 poterat.

245 3247 444 3313 Admonitus
468 3251 557 3312 enim
580 3273 600 3313 a
623 3271 675 3311 me
699 3269 765 3311 non
781 3246 1006 3332 repugnabam
1031 3247 1088 3312 sed
1109 3247 1167 3311 ubi
1182 3246 1272 3312 solus
1289 3269 1363 3312 cnm

246 3346 379 3411 Callisto
412 3347 615 3425 versabatur,
649 3344 857 3409 excitabatur
889 3345 931 3408 ab
965 3367 1013 3425 eo,
1047 3355 1084 3409 ut
1106 3345 1149 3410 ad
1174 3343 1364 3410 Cleomenis
1451 3345 1452 3419 l

243 3444 365 3530 placita
398 3444 607 3526 relaberetur,
633 3444 763 3507 dicente
787 3465 820 3506 se
855 3443 931 3507 fidei
956 3443 1077 3508 similia
1105 3442 1239 3507 credere
1263 3441 1363 3530 (φάσ-

242 3565 354 3619 κοντος
386 3543 426 3606 τὰ
458 3539 555 3625 ὅμοια
587 3540 739 3628 coivere).
791 3541 890 3605 Istius
922 3551 1032 3604 autem
1065 3541 1250 3626 nequitiam
1283 3551 1363 3606 tunc
1451 3619 1452 3630 ἵ

243 3663 308 3706 non
343 3641 565 3726 intelligebat,
600 3663 698 3727 quam
731 3651 845 3725 postea
878 3640 988 3722 novit,
1023 3647 1058 3702 ut
1082 3661 1159 3702 mox
1183 3659 1361 3723 exponam.

242 3739 470 3825 Zeplryrinum
504 3742 611 3824 ipsum
636 3738 817 3820 stimulans,
842 3736 1031 3801 adducebat
1053 3747 1090 3800 ut
1112 3757 1223 3800 coram
1257 3738 1361 3800 omni-

241 3837 303 3901 bus
327 3839 468 3904 diceret:
501 3839 572 3924 Ego
605 3842 683 3902 novi
716 3837 826 3900 Deum
859 3857 961 3899 unum
995 3835 1110 3900 Jesurn
1135 3833 1305 3898 Christum
1329 3845 1360 3897 et

240 3950 370 4024 praeter
400 3937 493 4002 illum
517 3937 684 4000 neminem
716 3935 817 3998 alium
850 3936 997 4019 genitum
1030 3943 1128 4019 atque
1155 3931 1358 4018 passibilem.
1451 4011 1452 4022 ἵ

241 4033 327 4123 (Ἐγώ
351 4025 427 4098 cido
450 4033 505 4099 tta
530 4033 609 4098 θεὸν
632 4031 775 4118 Χριστὸν
795 4029 924 4119 Ἰησοῦν,
948 4029 1001 4095 καὶ
1025 4029 1108 4118 πλὴν
1131 4027 1229 4094 αὐτοῦ
1251 4027 1359 4114 ἕτερον
1451 4025 1452 4064 t

240 4132 353 4197 οὐδένα
372 4132 499 4220 γενητὸν
522 4131 573 4198 καὶ
600 4129 778 4218 παθητόν),
827 4129 937 4210 Quum
971 4138 1081 4193 autem
1105 4127 1286 4214 aliquando
1311 4129 1357 4193 di·

240 4243 344 4296 ceret:
378 4233 452 4295 Non
476 4233 583 4312 Pater,
617 4229 674 4292 sed
698 4227 803 4292 Filius
827 4237 973 4292 mortuus
1006 4237 1063 4309 est,
1088 4225 1219 4290 infinita
1242 4227 1277 4290 in
1302 4248 1356 4313 po·
