2806 4848
407 465 561 522 Ptratoutio
580 465 609 522 ln
626 467 744 523 Oriente.
1095 471 1132 527 97

44 604 251 690 obstrinxerat,
275 617 311 672 ut
334 607 506 674 inAniana
529 608 680 675 doctrina
702 622 937 698 perseveraret,
962 623 993 678 et
1017 625 1131 680 conus

44 705 197 768 sentientes
226 705 379 770 omnihus
408 704 488 770 locis
511 705 697 793 expelleret.
743 708 867 774 Valens
890 711 992 796 igitur
1014 712 1130 778 eodem

41 824 110 866 anno
131 805 377 888 provinciarum
405 805 579 891 praefectis
609 809 786 893 praecepit,
820 817 857 872 ut
880 811 1049 895 episcopos
1073 811 1128 897 qui

42 897 205 964 mosanti
228 901 431 988 temporibus
446 901 585 989 depositi
609 914 766 990 regnante
780 904 914 971 Juliano
938 906 1031 972 sedes
1055 930 1129 972 snas

40 1009 262 1082 recuperarent,
292 998 439 1064 ecclesiis
470 999 681 1086 expellerent,
712 1011 811 1089 atque
834 1005 987 1070 omnibus
1008 1005 1129 1092 praesi-

39 1093 120 1158 dibus
141 1115 318 1182 eorumque
342 1097 541 1162 officialibus
564 1108 597 1163 et
626 1100 859 1165 decurionibus
881 1123 1003 1187 poenas
1023 1105 1129 1168 inten-

38 1195 121 1274 uvir,
148 1195 212 1258 nisi
243 1195 402 1281 imperata
431 1196 593 1262 fecissent.
645 1197 767 1285 Hujus·
781 1198 939 1285 jussionis
976 1203 1129 1266 effaetum

38 1311 98 1354 uox
126 1303 281 1378 expertus
310 1303 361 1358 est
387 1293 420 1360 S.
452 1293 670 1380 Athanasium
703 1295 761 1362 sed
793 1315 869 1361 cum
892 1297 1032 1385 populus
1055 1299 1129 1366 Ale·

36 1388 203 1454 xandrinus
230 1389 273 1454 ad
305 1391 500 1456 seditionem
533 1415 636 1479 usque
664 1403 790 1480 peteret
817 1395 961 1461 Pastoris
992 1399 1042 1462 sni
1072 1399 1128 1485 qui

37 1483 104 1550 olam
126 1509 160 1552 se
185 1487 391 1554 subduxerat
411 1491 661 1574 restinctionem,
691 1492 858 1578 rescripsit
879 1491 1069 1579 Imperator,
1094 1499 1130 1560 ut

36 1583 221 1650 Athanasius
237 1585 280 1650 ad
293 1585 467 1652 ecclesiam¹
488 1610 582 1654 scam
605 1610 719 1654 secure
741 1589 872 1653 rediret.
891 1627 934 1636 --
950 1590 1049 1656 Anno
1063 1592 1129 1656 370

35 1682 147 1746 oriris
168 1683 297 1748 sublato
319 1683 484 1766 Eudoxio,
507 1685 624 1752 Ariani
657 1685 769 1751 sedens
800 1684 1129 1774 Constantinopolita-

35 1799 95 1844 nsm
127 1779 318 1848 detulerunt
346 1782 544 1868 Demophilo
580 1784 724 1848 Bes-oeae
756 1785 921 1870 episcopo.
967 1783 1128 1850 Catholici

34 1895 95 1940 vcro
123 1878 189 1943 sibi
222 1879 414 1964 delegerunt
442 1889 475 1944 et
506 1881 726 1946 ordinandum
757 1890 914 1946 curarunt
935 1881 1127 1968 Evagrium.

34 1975 133 2039 Asiani
157 1975 204 2042 ad
227 1977 421 2044 seditionem
453 1981 607 2044 commoti
632 1981 814 2064 Evagrium
841 1981 992 2066 persequi
1016 2001 1128 2065 coepe·

34 2083 102 2138 runt
150 2073 276 2143 Valens
306 2076 499 2142 electionem
528 2076 718 2164 Demophili
751 2079 858 2142 ratam
886 2075 1018 2160 habuit,
1042 2077 1127 2142 Eva·

32 2172 124 2242 crium
148 2195 232 2238 vero
254 2183 286 2238 et
298 2173 520 2256 Eustathiurn,
536 2177 592 2261 qni
616 2197 689 2240 eum
707 2175 927 2256 ordinaverat,
941 2175 976 2240 in
991 2174 1128 2239 exilium

32 2266 122 2348 ejecit.
169 2270 284 2350 Quare
316 2271 433 2336 Ariani
466 2271 658 2339 audaciores
689 2273 778 2354 facti,
812 2271 999 2336 Catholicae
1026 2271 1127 2338 multo

30 2365 165 2432 acerbius
189 2379 364 2452 vexarunt,
398 2371 508 2434 omnia
540 2369 698 2434 malorum
721 2371 912 2454 generacio
935 2371 1126 2454 inferentem

30 2476 54 2522 rt
80 2474 180 2530 εἵαται
205 2465 364 2532 ecclesiae
389 2467 770 2554 Constantinopolitanae
802 2469 946 2532 maxime
977 2469 1127 2534 turbatus

30 2572 75 2624 est
96 2601 141 2610 —
165 2563 349 2630 Antiochia
377 2567 500 2651 pariter
529 2565 651 2630 Valens
673 2589 703 2631 a.
727 2566 791 2630 372
822 2565 919 2651 ejecit
934 2566 1126 2650 'Meletium;

31 2655 153 2726 Psalmo
187 2662 324 2747 quidem
356 2664 446 2727 vitae
475 2663 546 2749 ejus
575 2665 782 2728 sanctitatem
813 2664 938 2727 veritus
969 2665 1125 2750 pepercit,

30 2757 74 2820 sed
96 2751 213 2824 omnes
236 2762 293 2846 qui
318 2781 393 2826 oum
423 2763 546 2826 intruso
577 2761 702 2826 Eucoio
735 2763 977 2826 communicare
1000 2783 1125 2826 recusa·

31 2851 94 2920 bant
114 2859 273 2922 atrociter
293 2868 483 2944 persecutus
506 2867 564 2924 est.
589 2897 631 2908 -
654 2857 880 2924 Alexandriae
902 2883 932 2924 a.
955 2859 1020 2924 373
1043 2859 1127 2923 obiit

29 2954 52 3014 δ’.
71 2954 285 3038 Athanasius,
309 2965 343 3020 et
364 2964 444 3020 tunc
466 2958 565 3020 etiam
587 2955 670 3022 haec
693 2955 831 3022 ecclesia
853 2956 978 3020 tristem
1002 2958 1036 3020 in
1061 2978 1125 3020 mo·

29 3047 91 3114 lum
115 3053 277 3118 divexata
299 3054 371 3120 fuit.
415 3055 532 3118 Petrus
564 3054 597 3118 Il
629 3056 813 3140 episcopus,
836 3055 892 3141 qui
916 3053 994 3118 cleri
1018 3065 1050 3118 et
1071 3074 1125 3140 po·

29 3147 84 3227 puli
107 3152 194 3216 retia
216 3150 250 3216 S.
263 3151 449 3216 Athanasio
473 3153 507 3217 in
530 3151 754 3239 patriarchatu
769 3149 996 3217 Alexandrino
1019 3151 1126 3216 fuerat

27 3246 181 3330 suffactus,
206 3249 356 3314 Valentis
373 3249 469 3335 jussu
492 3249 615 3336 ejectus
638 3259 695 3332 est,
720 3250 820 3334 inque
843 3249 914 3335 ejus
936 3249 1045 3314 locum
1068 3251 1125 3313 mi·

26 3339 96 3408 litari
126 3367 232 3412 manu
264 3347 410 3412 intrusus
447 3347 581 3412 Lucius.
629 3345 759 3412 Fideles
794 3369 871 3411 vero
902 3347 1125 3412 Alexandriae

25 3453 50 3502 et
69 3463 124 3528 per
138 3465 274 3510 omnem
287 3445 479 3530 Aegyptum
494 3445 600 3510 diram
615 3445 860 3531 perecutionem
874 3446 1019 3532 perpessi
1039 3454 1124 3510 sunt.

99 3543 154 3608 21.
180 3541 403 3608 Tristissimus
426 3543 539 3629 itaque
561 3543 627 3606 fuit
647 3542 709 3606 sub
724 3541 863 3608 Valente
887 3541 1053 3608 orientalis
1076 3565 1124 3607 ec·
1158 3611 1203 3641 Ν
1259 3632 1265 3642 ι

26 3633 130 3704 ctesias
154 3650 270 3704 natira
316 3639 369 3704 De
392 3641 463 3704 istis
493 3640 588 3704 malis
610 3638 799 3725 eloquenter
830 3640 872 3704 ad
896 3637 1125 3704 Occidentales

24 3737 125 3802 scribit
158 3739 194 3804 S.
227 3737 383 3820 Basilius,
416 3737 458 3804 ab
492 3739 533 3802 iis
564 3760 698 3824 sperans
730 3747 763 3802 et
793 3747 907 3824 petens
930 3737 1123 3804 subsidium.

26 3829 63 3896 lta
83 3836 224 3922 epistola
247 3837 303 3900 90·
324 3839 448 3923 scripta
470 3860 501 3901 a.
524 3837 605 3900 372:
645 3835 750 3900 Notae
777 3833 972 3898 calamitates
999 3845 1124 3898 nostrae

26 3931 60 3992 fel
79 3933 170 3998 nobis
195 3933 378 4014 maenadas
401 3934 623 4020 mquidemper
643 3943 738 3996 tohsm
753 3943 908 3996 terraram
929 3931 1033 3995 orbem
1048 3955 1123 4018 per·

24 4044 191 4098 anunm&
241 4031 483 4098 muscoso·
514 4033 645 4096 Patr-rom
676 4031 843 4115 coemam
878 4027 965 4092 mollo
999 4052 1122 4092 camora

24 4127 164 4196 bubastus·
187 4129 379 4218 apostolicae
403 4129 590 4194 traditiones
597 4151 609 4210 ,·
638 4138 821 4192 aovatorum
843 4129 970 4190 invente
992 4136 1124 4212 reqrmost

24 4227 49 4287 io
69 4227 230 4308 Fnclerim
258 4228 297 4292 dc
319 4239 439 4292 caetero
462 4229 598 4292 lemicae
611 4225 777 4316 herborum
800 4225 933 4310 arts'fices
955 4233 1038 4302 aaut,
1059 4246 1123 4288 noos

74 4356 206 4410 rugan
221 4355 396 4398 nmmum..
426 4355 484 4396 ron.
502 4353 526 4398 u
1001 4329 1017 4383 7
