<?xml version="1.0" encoding="UTF-8"?>
<!DOCTYPE html PUBLIC "-//W3C//DTD XHTML 1.0 Transitional//EN"
    "http://www.w3.org/TR/xhtml1/DTD/xhtml1-transitional.dtd">
<html xmlns="http://www.w3.org/1999/xhtml" xml:lang="en" lang="en">
 <head>
  <title>
</title>
<meta http-equiv="Content-Type" content="text/html;charset=utf-8" />
  <meta name='ocr-system' content='tesseract 3.04.00' />
  <meta name='ocr-capabilities' content='ocr_page ocr_carea ocr_par ocr_line ocrx_word'/>
</head>
<body>
  <div class='ocr_page' id='page_1' title='image "./dissertationess02junggoog_0118.png"; bbox 0 0 2902 4824; ppageno 0'>
   <div class='ocr_carea' id='block_1_1' title="bbox 483 465 1285 524">
    <p class='ocr_par' dir='ltr' id='par_1_1' title="bbox 483 465 1285 524">
     <span class='ocr_line' id='line_1_1' title="bbox 483 465 1285 524; baseline -0.004 0"><span class='ocrx_word' id='word_1_1' title='bbox 483 465 698 524; x_wconf 72' lang='lat' dir='ltr'><strong>vmievenms</strong></span> <span class='ocrx_word' id='word_1_2' title='bbox 1122 465 1173 522; x_wconf 77' lang='lat' dir='ltr'><strong>loe</strong></span> <span class='ocrx_word' id='word_1_3' title='bbox 1284 487 1285 490; x_wconf 43' lang='lat'>¹</span> 
     </span>
    </p>
   </div>
   <div class='ocr_carea' id='block_1_2' title="bbox 77 615 1199 1966">
    <p class='ocr_par' dir='ltr' id='par_1_2' title="bbox 77 615 1199 1966">
     <span class='ocr_line' id='line_1_2' title="bbox 154 615 1174 703; baseline -0.004 -24"><span class='ocrx_word' id='word_1_4' title='bbox 154 615 199 680; x_wconf 96' lang='grc'><strong>95.</strong></span> <span class='ocrx_word' id='word_1_5' title='bbox 222 615 467 701; x_wconf 78' lang='lat' dir='ltr'>Hierosolymis</span> <span class='ocrx_word' id='word_1_6' title='bbox 486 639 571 682; x_wconf 79' lang='lat' dir='ltr'><strong>anno</strong></span> <span class='ocrx_word' id='word_1_7' title='bbox 594 618 636 684; x_wconf 84' lang='lat'><strong>53</strong></span> <span class='ocrx_word' id='word_1_8' title='bbox 651 619 774 684; x_wconf 80' lang='lat' dir='ltr'><strong>Paulus</strong></span> <span class='ocrx_word' id='word_1_9' title='bbox 797 621 832 684; x_wconf 91' lang='lat' dir='ltr'><strong>in</strong></span> <span class='ocrx_word' id='word_1_10' title='bbox 857 618 990 684; x_wconf 81' lang='lat' dir='ltr'><strong>vincula</strong></span> <span class='ocrx_word' id='word_1_11' title='bbox 1005 616 1174 703; x_wconf 81' lang='lat' dir='ltr'><strong>conjectus</strong></span> 
     </span>
     <span class='ocr_line' id='line_1_3' title="bbox 84 716 1173 800; baseline -0.002 -22"><span class='ocrx_word' id='word_1_12' title='bbox 84 725 130 778; x_wconf 74' lang='lat' dir='ltr'><strong>rst&#39;</strong></span> <span class='ocrx_word' id='word_1_13' title='bbox 145 716 223 780; x_wconf 79' lang='lat' dir='ltr'><strong>circe</strong></span> <span class='ocrx_word' id='word_1_14' title='bbox 254 717 407 782; x_wconf 87' lang='lat' dir='ltr'><strong>medinm</strong></span> <span class='ocrx_word' id='word_1_15' title='bbox 442 741 588 784; x_wconf 87' lang='lat' dir='ltr'><strong>mensem</strong></span> <span class='ocrx_word' id='word_1_16' title='bbox 619 721 763 800; x_wconf 84' lang='lat' dir='ltr'><strong>Maium3</strong></span> <span class='ocrx_word' id='word_1_17' title='bbox 795 721 989 788; x_wconf 73' lang='lat' dir='ltr'><strong>Pentecoste</strong></span> <span class='ocrx_word' id='word_1_18' title='bbox 1021 718 1110 782; x_wconf 91' lang='lat' dir='ltr'><strong>enim</strong></span> <span class='ocrx_word' id='word_1_19' title='bbox 1134 735 1173 777; x_wconf 92' lang='lat' dir='ltr'><strong>eo</strong></span> 
     </span>
     <span class='ocr_line' id='line_1_4' title="bbox 83 815 1173 904; baseline -0.001 -27"><span class='ocrx_word' id='word_1_20' title='bbox 83 837 149 878; x_wconf 79' lang='lat' dir='ltr'><strong>aruo</strong></span> <span class='ocrx_word' id='word_1_21' title='bbox 178 815 289 880; x_wconf 82' lang='lat' dir='ltr'><strong>incidit</strong></span> <span class='ocrx_word' id='word_1_22' title='bbox 322 819 358 881; x_wconf 90' lang='lat' dir='ltr'><strong>in</strong></span> <span class='ocrx_word' id='word_1_23' title='bbox 398 819 440 882; x_wconf 77' lang='lat'><strong>12</strong></span> <span class='ocrx_word' id='word_1_24' title='bbox 473 818 528 883; x_wconf 82' lang='lat' dir='ltr'><strong>vel</strong></span> <span class='ocrx_word' id='word_1_25' title='bbox 562 821 600 883; x_wconf 87' lang='lat'><strong>13</strong></span> <span class='ocrx_word' id='word_1_26' title='bbox 639 819 728 885; x_wconf 85' lang='lat' dir='ltr'><strong>diem</strong></span> <span class='ocrx_word' id='word_1_27' title='bbox 760 819 851 885; x_wconf 83' lang='lat' dir='ltr'><strong>Maii.</strong></span> <span class='ocrx_word' id='word_1_28' title='bbox 897 819 982 883; x_wconf 83' lang='lat' dir='ltr'><strong>Inde</strong></span> <span class='ocrx_word' id='word_1_29' title='bbox 1010 825 1086 904; x_wconf 85' lang='lat' dir='ltr'><strong>post</strong></span> <span class='ocrx_word' id='word_1_30' title='bbox 1107 817 1173 878; x_wconf 83' lang='lat' dir='ltr'><strong>tres</strong></span> 
     </span>
     <span class='ocr_line' id='line_1_5' title="bbox 82 908 1174 1003; baseline -0.002 -27"><span class='ocrx_word' id='word_1_31' title='bbox 82 915 135 976; x_wconf 78' lang='lat' dir='ltr'><strong>lies</strong></span> <span class='ocrx_word' id='word_1_32' title='bbox 154 914 308 979; x_wconf 87' lang='lat' dir='ltr'><strong>deductus</strong></span> <span class='ocrx_word' id='word_1_33' title='bbox 339 914 554 1000; x_wconf 77' lang='lat' dir='ltr'><strong>Caesaream,</strong></span> <span class='ocrx_word' id='word_1_34' title='bbox 577 939 636 1003; x_wconf 87' lang='lat' dir='ltr'><strong>per</strong></span> <span class='ocrx_word' id='word_1_35' title='bbox 663 917 836 982; x_wconf 80' lang='lat' dir='ltr'><strong>biennium</strong></span> <span class='ocrx_word' id='word_1_36' title='bbox 863 918 1017 982; x_wconf 84' lang='lat' dir='ltr'><strong>detentus</strong></span> <span class='ocrx_word' id='word_1_37' title='bbox 1039 908 1174 980; x_wconf 79' lang='lat' dir='ltr'><strong>est&#39;sub</strong></span> 
     </span>
     <span class='ocr_line' id='line_1_6' title="bbox 82 1012 1174 1102; baseline 0.003 -28"><span class='ocrx_word' id='word_1_38' title='bbox 82 1012 208 1076; x_wconf 81' lang='lat' dir='ltr'><strong>Pmeside</strong></span> <span class='ocrx_word' id='word_1_39' title='bbox 238 1013 392 1080; x_wconf 86' lang='lat' dir='ltr'><strong>Antonio</strong></span> <span class='ocrx_word' id='word_1_40' title='bbox 424 1015 549 1098; x_wconf 82' lang='lat' dir='ltr'><strong>Felice,</strong></span> <span class='ocrx_word' id='word_1_41' title='bbox 580 1016 680 1081; x_wconf 78' lang='lat' dir='ltr'><strong>fratre</strong></span> <span class='ocrx_word' id='word_1_42' title='bbox 712 1014 880 1098; x_wconf 73' lang='lat' dir='ltr'><strong>Pallantis,</strong></span> <span class='ocrx_word' id='word_1_43' title='bbox 904 1019 961 1102; x_wconf 90' lang='lat' dir='ltr'><strong>qui</strong></span> <span class='ocrx_word' id='word_1_44' title='bbox 993 1037 1100 1102; x_wconf 87' lang='lat' dir='ltr'><strong>usque</strong></span> <span class='ocrx_word' id='word_1_45' title='bbox 1131 1013 1174 1078; x_wconf 84' lang='lat' dir='ltr'><strong>ed</strong></span> 
     </span>
     <span class='ocr_line' id='line_1_7' title="bbox 83 1111 1174 1200; baseline 0.004 -29"><span class='ocrx_word' id='word_1_46' title='bbox 83 1111 270 1176; x_wconf 75' lang='lat' dir='ltr'><strong>lte-ombrem</strong></span> <span class='ocrx_word' id='word_1_47' title='bbox 294 1115 379 1177; x_wconf 80' lang='lat' dir='ltr'><strong>enni</strong></span> <span class='ocrx_word' id='word_1_48' title='bbox 405 1114 449 1178; x_wconf 88' lang='grc'><strong>55</strong></span> <span class='ocrx_word' id='word_1_49' title='bbox 474 1114 562 1199; x_wconf 82' lang='lat' dir='ltr'><strong>apud</strong></span> <span class='ocrx_word' id='word_1_50' title='bbox 575 1115 741 1180; x_wconf 79' lang='lat' dir='ltr'><strong>Neronem</strong></span> <span class='ocrx_word' id='word_1_51' title='bbox 756 1122 826 1180; x_wconf 81' lang='lat' dir='ltr'><strong>erat</strong></span> <span class='ocrx_word' id='word_1_52' title='bbox 847 1117 882 1179; x_wconf 91' lang='lat' dir='ltr'><strong>in</strong></span> <span class='ocrx_word' id='word_1_53' title='bbox 906 1135 1026 1200; x_wconf 80' lang='lat' dir='ltr'><strong>magno</strong></span> <span class='ocrx_word' id='word_1_54' title='bbox 1049 1115 1174 1178; x_wconf 78' lang='lat' dir='ltr'><strong>furore.</strong></span> 
     </span>
     <span class='ocr_line' id='line_1_8' title="bbox 81 1207 1170 1290; baseline 0.006 -20"><span class='ocrx_word' id='word_1_55' title='bbox 81 1207 191 1273; x_wconf 83' lang='lat' dir='ltr'><strong>Ineunte</strong></span> <span class='ocrx_word' id='word_1_56' title='bbox 218 1219 348 1276; x_wconf 79' lang='lat' dir='ltr'><strong>nestnte</strong></span> <span class='ocrx_word' id='word_1_57' title='bbox 381 1214 463 1277; x_wconf 78' lang='lat' dir='ltr'><strong>enni</strong></span> <span class='ocrx_word' id='word_1_58' title='bbox 493 1215 537 1278; x_wconf 92' lang='grc'><strong>55</strong></span> <span class='ocrx_word' id='word_1_59' title='bbox 566 1217 724 1279; x_wconf 86' lang='lat' dir='ltr'><strong>successit</strong></span> <span class='ocrx_word' id='word_1_60' title='bbox 745 1214 883 1278; x_wconf 82' lang='lat' dir='ltr'><strong>Pontius</strong></span> <span class='ocrx_word' id='word_1_61' title='bbox 913 1213 1032 1277; x_wconf 83' lang='lat' dir='ltr'><strong>Festus</strong></span> <span class='ocrx_word' id='word_1_62' title='bbox 1055 1211 1170 1290; x_wconf 82' lang='lat' dir='ltr'><strong>Felici,</strong></span> 
     </span>
     <span class='ocr_line' id='line_1_9' title="bbox 79 1307 1176 1398; baseline 0.005 -30"><span class='ocrx_word' id='word_1_63' title='bbox 79 1309 120 1389; x_wconf 82' lang='lat' dir='ltr'><strong>qui</strong></span> <span class='ocrx_word' id='word_1_64' title='bbox 140 1307 269 1373; x_wconf 81' lang='lat' dir='ltr'><strong>Romam</strong></span> <span class='ocrx_word' id='word_1_65' title='bbox 303 1313 474 1396; x_wconf 87' lang='lat' dir='ltr'><strong>pervenit,</strong></span> <span class='ocrx_word' id='word_1_66' title='bbox 507 1321 684 1398; x_wconf 81' lang='lat' dir='ltr'><strong>antequam</strong></span> <span class='ocrx_word' id='word_1_67' title='bbox 706 1311 815 1376; x_wconf 80' lang='lat' dir='ltr'><strong>Pelles</strong></span> <span class='ocrx_word' id='word_1_68' title='bbox 847 1333 866 1375; x_wconf 90' lang='lat' dir='ltr'><strong>e</strong></span> <span class='ocrx_word' id='word_1_69' title='bbox 897 1313 1003 1395; x_wconf 79' lang='lat' dir='ltr'><strong>gretie</strong></span> <span class='ocrx_word' id='word_1_70' title='bbox 1033 1309 1176 1374; x_wconf 83' lang='lat' dir='ltr'><strong>Neronis</strong></span> 
     </span>
     <span class='ocr_line' id='line_1_10' title="bbox 78 1405 1174 1496; baseline 0.006 -31"><span class='ocrx_word' id='word_1_71' title='bbox 78 1405 227 1472; x_wconf 71' lang='lat' dir='ltr'><strong>excideret</strong></span> <span class='ocrx_word' id='word_1_72' title='bbox 277 1409 416 1474; x_wconf 79' lang='lat' dir='ltr'><strong>Diebus</strong></span> <span class='ocrx_word' id='word_1_73' title='bbox 440 1411 570 1474; x_wconf 80' lang='lat' dir='ltr'><strong>circiter</strong></span> <span class='ocrx_word' id='word_1_74' title='bbox 600 1412 721 1496; x_wconf 84' lang='lat' dir='ltr'><strong>viginti</strong></span> <span class='ocrx_word' id='word_1_75' title='bbox 753 1419 828 1496; x_wconf 90' lang='lat' dir='ltr'><strong>post</strong></span> <span class='ocrx_word' id='word_1_76' title='bbox 859 1410 950 1474; x_wconf 79' lang='lat' dir='ltr'><strong>Festi</strong></span> <span class='ocrx_word' id='word_1_77' title='bbox 982 1405 1174 1487; x_wconf 77' lang='lat' dir='ltr'><strong>adventum,</strong></span> 
     </span>
     <span class='ocr_line' id='line_1_11' title="bbox 79 1503 1172 1594; baseline 0.005 -29"><span class='ocrx_word' id='word_1_78' title='bbox 79 1503 176 1568; x_wconf 81' lang='lat' dir='ltr'><strong>l&#39;aolus</strong></span> <span class='ocrx_word' id='word_1_79' title='bbox 196 1529 230 1570; x_wconf 87' lang='grc'><strong>55</strong></span> <span class='ocrx_word' id='word_1_80' title='bbox 253 1529 373 1572; x_wconf 70' lang='lat' dir='ltr'><strong>coram</strong></span> <span class='ocrx_word' id='word_1_81' title='bbox 397 1509 470 1594; x_wconf 84' lang='lat' dir='ltr'><strong>ipso</strong></span> <span class='ocrx_word' id='word_1_82' title='bbox 486 1518 600 1573; x_wconf 74' lang='lat' dir='ltr'><strong>nonne</strong></span> <span class='ocrx_word' id='word_1_83' title='bbox 612 1508 760 1574; x_wconf 79' lang='lat' dir='ltr'><strong>ludaeos</strong></span> <span class='ocrx_word' id='word_1_84' title='bbox 782 1517 990 1572; x_wconf 74' lang='lat' dir='ltr'><strong>accusatores</strong></span> <span class='ocrx_word' id='word_1_85' title='bbox 1012 1503 1172 1587; x_wconf 81' lang='lat' dir='ltr'><strong>defendit,</strong></span> 
     </span>
     <span class='ocr_line' id='line_1_12' title="bbox 78 1599 1175 1692; baseline 0 -24"><span class='ocrx_word' id='word_1_86' title='bbox 78 1599 282 1669; x_wconf 61' lang='grc' dir='ltr'><strong>ρ1055555555</strong></span> <span class='ocrx_word' id='word_1_87' title='bbox 307 1605 506 1692; x_wconf 79' lang='lat' dir='ltr'><strong>appellavit.</strong></span> <span class='ocrx_word' id='word_1_88' title='bbox 551 1607 647 1672; x_wconf 79' lang='lat' dir='ltr'><strong>&#39;lunc</strong></span> <span class='ocrx_word' id='word_1_89' title='bbox 677 1607 796 1672; x_wconf 81' lang='lat' dir='ltr'><strong>Festus</strong></span> <span class='ocrx_word' id='word_1_90' title='bbox 825 1606 975 1670; x_wconf 82' lang='lat' dir='ltr'><strong>decrevit</strong></span> <span class='ocrx_word' id='word_1_91' title='bbox 1004 1625 1079 1669; x_wconf 82' lang='lat' dir='ltr'><strong>eum</strong></span> <span class='ocrx_word' id='word_1_92' title='bbox 1101 1607 1175 1668; x_wconf 79' lang='lat' dir='ltr'><strong>mit</strong></span> 
     </span>
     <span class='ocr_line' id='line_1_13' title="bbox 77 1699 1199 1792; baseline 0.004 -30"><span class='ocrx_word' id='word_1_93' title='bbox 77 1717 128 1762; x_wconf 77' lang='lat' dir='ltr'><strong>tem</strong></span> <span class='ocrx_word' id='word_1_94' title='bbox 151 1701 296 1786; x_wconf 79' lang='lat' dir='ltr'><strong>Romam,</strong></span> <span class='ocrx_word' id='word_1_95' title='bbox 338 1727 380 1769; x_wconf 82' lang='lat' dir='ltr'><strong>ac</strong></span> <span class='ocrx_word' id='word_1_96' title='bbox 415 1704 511 1768; x_wconf 85' lang='lat' dir='ltr'><strong>brevi</strong></span> <span class='ocrx_word' id='word_1_97' title='bbox 548 1713 630 1790; x_wconf 84' lang='lat' dir='ltr'><strong>post,</strong></span> <span class='ocrx_word' id='word_1_98' title='bbox 655 1705 827 1769; x_wconf 78' lang='lat' dir='ltr'><strong>occasione</strong></span> <span class='ocrx_word' id='word_1_99' title='bbox 864 1713 1048 1792; x_wconf 82' lang='lat' dir='ltr'><strong>opportune</strong></span> <span class='ocrx_word' id='word_1_100' title='bbox 1085 1699 1199 1783; x_wconf 81' lang='lat' dir='ltr'><strong>deta„</strong></span> 
     </span>
     <span class='ocr_line' id='line_1_14' title="bbox 79 1796 1175 1888; baseline 0.005 -29"><span class='ocrx_word' id='word_1_101' title='bbox 79 1796 174 1864; x_wconf 71' lang='lat' dir='ltr'><strong>Paulus</strong></span> <span class='ocrx_word' id='word_1_102' title='bbox 196 1803 258 1866; x_wconf 86' lang='lat' dir='ltr'><strong>iter</strong></span> <span class='ocrx_word' id='word_1_103' title='bbox 279 1803 443 1868; x_wconf 75' lang='lat' dir='ltr'><strong>Italicum</strong></span> <span class='ocrx_word' id='word_1_104' title='bbox 457 1813 708 1887; x_wconf 75' lang='lat' dir='ltr'><strong>aggressusest,</strong></span> <span class='ocrx_word' id='word_1_105' title='bbox 733 1799 822 1888; x_wconf 82' lang='lat' dir='ltr'><strong>quod</strong></span> <span class='ocrx_word' id='word_1_106' title='bbox 844 1805 908 1869; x_wconf 83' lang='lat' dir='ltr'><strong>iter</strong></span> <span class='ocrx_word' id='word_1_107' title='bbox 931 1803 1010 1867; x_wconf 84' lang='lat' dir='ltr'><strong>setis</strong></span> <span class='ocrx_word' id='word_1_108' title='bbox 1034 1801 1175 1865; x_wconf 77' lang='lat' dir='ltr'><strong>arduum</strong></span> 
     </span>
     <span class='ocr_line' id='line_1_15' title="bbox 78 1895 581 1966; baseline 0.014 -8"><span class='ocrx_word' id='word_1_109' title='bbox 78 1895 133 1962; x_wconf 77' lang='lat' dir='ltr'><strong>let.</strong></span> <span class='ocrx_word' id='word_1_110' title='bbox 154 1921 198 1964; x_wconf 87' lang='lat' dir='ltr'><strong>oc.</strong></span> <span class='ocrx_word' id='word_1_111' title='bbox 221 1901 264 1964; x_wconf 78' lang='lat'><strong>27</strong></span> <span class='ocrx_word' id='word_1_112' title='bbox 289 1911 325 1965; x_wconf 88' lang='lat' dir='ltr'><strong>et</strong></span> <span class='ocrx_word' id='word_1_113' title='bbox 352 1902 396 1964; x_wconf 77' lang='lat'><strong>28</strong></span> <span class='ocrx_word' id='word_1_114' title='bbox 419 1910 581 1966; x_wconf 70' lang='lat' dir='ltr'><strong>narretur.</strong></span> 
     </span>
    </p>
   </div>
   <div class='ocr_carea' id='block_1_3' title="bbox 78 1993 1346 2190">
    <p class='ocr_par' dir='ltr' id='par_1_3' title="bbox 78 1993 1346 2190">
     <span class='ocr_line' id='line_1_16' title="bbox 144 1993 1312 2085; baseline 0.005 -25"><span class='ocrx_word' id='word_1_115' title='bbox 144 1997 192 2061; x_wconf 89' lang='grc'><strong>96.</strong></span> <span class='ocrx_word' id='word_1_116' title='bbox 215 1999 337 2064; x_wconf 87' lang='lat' dir='ltr'><strong>Mense</strong></span> <span class='ocrx_word' id='word_1_117' title='bbox 355 1999 502 2064; x_wconf 89' lang='lat' dir='ltr'><strong>Octobre</strong></span> <span class='ocrx_word' id='word_1_118' title='bbox 524 1999 696 2085; x_wconf 80' lang='lat' dir='ltr'><strong>naufragio</strong></span> <span class='ocrx_word' id='word_1_119' title='bbox 710 1999 798 2065; x_wconf 81' lang='lat' dir='ltr'><strong>fecto</strong></span> <span class='ocrx_word' id='word_1_120' title='bbox 822 2001 857 2064; x_wconf 89' lang='lat' dir='ltr'><strong>in</strong></span> <span class='ocrx_word' id='word_1_121' title='bbox 871 1993 1176 2064; x_wconf 67' lang='lat' dir='ltr'><strong>Melitcm&#39;insulem</strong></span> <span class='ocrx_word' id='word_1_122' title='bbox 1236 2055 1242 2066; x_wconf 88' lang='lat'><strong>.</strong></span> <span class='ocrx_word' id='word_1_123' title='bbox 1281 2025 1312 2066; x_wconf 73' lang='lat' dir='ltr'><strong>ur</strong></span> 
     </span>
     <span class='ocr_line' id='line_1_17' title="bbox 78 2087 1346 2190; baseline 0.002 -34"><span class='ocrx_word' id='word_1_124' title='bbox 78 2109 284 2180; x_wconf 77' lang='lat' dir='ltr'><strong>pervenerunt,</strong></span> <span class='ocrx_word' id='word_1_125' title='bbox 310 2099 431 2184; x_wconf 85' lang='lat' dir='ltr'><strong>ibique</strong></span> <span class='ocrx_word' id='word_1_126' title='bbox 454 2119 514 2183; x_wconf 88' lang='lat' dir='ltr'><strong>per</strong></span> <span class='ocrx_word' id='word_1_127' title='bbox 535 2107 601 2162; x_wconf 87' lang='lat' dir='ltr'><strong>tres</strong></span> <span class='ocrx_word' id='word_1_128' title='bbox 624 2117 754 2162; x_wconf 86' lang='lat' dir='ltr'><strong>menses</strong></span> <span class='ocrx_word' id='word_1_129' title='bbox 776 2097 976 2162; x_wconf 83' lang='lat' dir='ltr'><strong>hiemnmnt.</strong></span> <span class='ocrx_word' id='word_1_130' title='bbox 1011 2095 1110 2160; x_wconf 83' lang='lat' dir='ltr'><strong>Anno</strong></span> <span class='ocrx_word' id='word_1_131' title='bbox 1120 2093 1174 2174; x_wconf 84' lang='grc'><strong>56,</strong></span> <span class='ocrx_word' id='word_1_132' title='bbox 1185 2087 1208 2127; x_wconf 74' lang='lat'><strong>¹¹¹</strong></span> <span class='ocrx_word' id='word_1_133' title='bbox 1224 2099 1264 2190; x_wconf 49' lang='grc' dir='ltr'><strong>ζ,</strong></span> <span class='ocrx_word' id='word_1_134' title='bbox 1275 2098 1320 2188; x_wconf 52' lang='grc' dir='ltr'>ᾗῇ</span> <span class='ocrx_word' id='word_1_135' title='bbox 1339 2107 1346 2115; x_wconf 89' lang='grc'><strong><em>·</em></strong></span> 
     </span>
    </p>
   </div>
   <div class='ocr_carea' id='block_1_4' title="bbox 78 2193 1183 3559">
    <p class='ocr_par' dir='ltr' id='par_1_4' title="bbox 78 2193 1183 3559">
     <span class='ocr_line' id='line_1_18' title="bbox 78 2193 1175 2282; baseline 0.003 -28"><span class='ocrx_word' id='word_1_136' title='bbox 78 2193 185 2273; x_wconf 74' lang='lat' dir='ltr'><strong>qundo</strong></span> <span class='ocrx_word' id='word_1_137' title='bbox 199 2217 292 2260; x_wconf 80' lang='lat' dir='ltr'><strong>mure</strong></span> <span class='ocrx_word' id='word_1_138' title='bbox 308 2195 460 2262; x_wconf 80' lang='lat' dir='ltr'><strong>navibus</strong></span> <span class='ocrx_word' id='word_1_139' title='bbox 474 2204 585 2281; x_wconf 85' lang='lat' dir='ltr'><strong>petere</strong></span> <span class='ocrx_word' id='word_1_140' title='bbox 601 2198 719 2282; x_wconf 89' lang='lat' dir='ltr'><strong>coepit,</strong></span> <span class='ocrx_word' id='word_1_141' title='bbox 738 2195 889 2260; x_wconf 73' lang='lat' dir='ltr'><strong>ultimum</strong></span> <span class='ocrx_word' id='word_1_142' title='bbox 909 2197 1036 2260; x_wconf 81' lang='lat' dir='ltr'><strong>itinen&#39;e</strong></span> <span class='ocrx_word' id='word_1_143' title='bbox 1049 2203 1175 2280; x_wconf 69' lang='lat' dir='ltr'><strong>partem</strong></span> 
     </span>
     <span class='ocr_line' id='line_1_19' title="bbox 78 2287 1179 2360; baseline 0.004 -9"><span class='ocrx_word' id='word_1_144' title='bbox 78 2287 275 2360; x_wconf 79' lang='lat' dir='ltr'><strong>absolverunt</strong></span> <span class='ocrx_word' id='word_1_145' title='bbox 325 2295 408 2359; x_wconf 88' lang='lat' dir='ltr'><strong>Post</strong></span> <span class='ocrx_word' id='word_1_146' title='bbox 432 2304 497 2358; x_wconf 87' lang='lat' dir='ltr'><strong>tres</strong></span> <span class='ocrx_word' id='word_1_147' title='bbox 527 2296 658 2359; x_wconf 87' lang='lat' dir='ltr'><strong>circiter</strong></span> <span class='ocrx_word' id='word_1_148' title='bbox 686 2287 913 2359; x_wconf 72' lang='lat' dir='ltr'><strong>hebdomadas</strong></span> <span class='ocrx_word' id='word_1_149' title='bbox 942 2296 1077 2358; x_wconf 86' lang='lat' dir='ltr'><strong>ineunte</strong></span> <span class='ocrx_word' id='word_1_150' title='bbox 1101 2310 1179 2355; x_wconf 83' lang='lat' dir='ltr'><strong>vere</strong></span> 
     </span>
     <span class='ocr_line' id='line_1_20' title="bbox 78 2387 1179 2478; baseline -0.004 -22"><span class='ocrx_word' id='word_1_151' title='bbox 78 2407 99 2448; x_wconf 67' lang='lat' dir='ltr'><strong>t</strong></span> <span class='ocrx_word' id='word_1_152' title='bbox 116 2387 161 2457; x_wconf 81' lang='grc'><strong>56,</strong></span> <span class='ocrx_word' id='word_1_153' title='bbox 191 2391 320 2458; x_wconf 72' lang='lat' dir='ltr'><strong>Paulus</strong></span> <span class='ocrx_word' id='word_1_154' title='bbox 355 2393 496 2458; x_wconf 72' lang='lat' dir='ltr'><strong>Romam</strong></span> <span class='ocrx_word' id='word_1_155' title='bbox 527 2395 689 2478; x_wconf 86' lang='lat' dir='ltr'><strong>pervenit.</strong></span> <span class='ocrx_word' id='word_1_156' title='bbox 744 2387 903 2457; x_wconf 74' lang='lat' dir='ltr'><strong>Centurio</strong></span> <span class='ocrx_word' id='word_1_157' title='bbox 936 2414 1011 2457; x_wconf 90' lang='lat' dir='ltr'><strong>enm</strong></span> <span class='ocrx_word' id='word_1_158' title='bbox 1042 2389 1179 2456; x_wconf 71' lang='lat' dir='ltr'><strong>metuit</strong></span> 
     </span>
     <span class='ocr_line' id='line_1_21' title="bbox 80 2481 1180 2578; baseline -0.006 -21"><span class='ocrx_word' id='word_1_159' title='bbox 80 2481 180 2550; x_wconf 66' lang='lat' dir='ltr'><strong>Romae</strong></span> <span class='ocrx_word' id='word_1_160' title='bbox 207 2492 382 2576; x_wconf 78' lang='lat' dir='ltr'><strong>praefecto</strong></span> <span class='ocrx_word' id='word_1_161' title='bbox 413 2493 578 2578; x_wconf 83' lang='lat' dir='ltr'><strong>praetorii,</strong></span> <span class='ocrx_word' id='word_1_162' title='bbox 609 2493 666 2578; x_wconf 91' lang='lat' dir='ltr'><strong>qui</strong></span> <span class='ocrx_word' id='word_1_163' title='bbox 696 2499 777 2556; x_wconf 88' lang='lat' dir='ltr'><strong>tuuc</strong></span> <span class='ocrx_word' id='word_1_164' title='bbox 807 2499 877 2555; x_wconf 84' lang='lat' dir='ltr'><strong>emt</strong></span> <span class='ocrx_word' id='word_1_165' title='bbox 899 2491 1024 2555; x_wconf 77' lang='lat' dir='ltr'><strong>Burrus</strong></span> <span class='ocrx_word' id='word_1_166' title='bbox 1053 2491 1180 2554; x_wconf 82' lang='lat' dir='ltr'><strong>amiens</strong></span> 
     </span>
     <span class='ocr_line' id='line_1_22' title="bbox 80 2579 1179 2668; baseline 0.005 -23"><span class='ocrx_word' id='word_1_167' title='bbox 80 2579 209 2668; x_wconf 74' lang='lat' dir='ltr'><strong>Senecae,</strong></span> <span class='ocrx_word' id='word_1_168' title='bbox 247 2599 282 2654; x_wconf 89' lang='lat' dir='ltr'><strong>et</strong></span> <span class='ocrx_word' id='word_1_169' title='bbox 321 2591 359 2654; x_wconf 90' lang='lat' dir='ltr'><strong>in</strong></span> <span class='ocrx_word' id='word_1_170' title='bbox 397 2588 549 2654; x_wconf 85' lang='lat' dir='ltr'><strong>custodio</strong></span> <span class='ocrx_word' id='word_1_171' title='bbox 584 2592 664 2654; x_wconf 82' lang='lat' dir='ltr'><strong>setis</strong></span> <span class='ocrx_word' id='word_1_172' title='bbox 686 2589 791 2654; x_wconf 77' lang='lat' dir='ltr'><strong>libere</strong></span> <span class='ocrx_word' id='word_1_173' title='bbox 828 2589 875 2654; x_wconf 92' lang='lat' dir='ltr'><strong>ibi</strong></span> <span class='ocrx_word' id='word_1_174' title='bbox 899 2589 1051 2654; x_wconf 84' lang='lat' dir='ltr'><strong>detentus</strong></span> <span class='ocrx_word' id='word_1_175' title='bbox 1073 2597 1123 2652; x_wconf 84' lang='lat' dir='ltr'><strong>eet</strong></span> <span class='ocrx_word' id='word_1_176' title='bbox 1146 2584 1179 2651; x_wconf 84' lang='lat' dir='ltr'><strong>S.</strong></span> 
     </span>
     <span class='ocr_line' id='line_1_23' title="bbox 82 2677 1180 2775; baseline 0.007 -35"><span class='ocrx_word' id='word_1_177' title='bbox 82 2677 179 2748; x_wconf 76' lang='lat' dir='ltr'><strong>Paulus</strong></span> <span class='ocrx_word' id='word_1_178' title='bbox 200 2707 260 2771; x_wconf 88' lang='lat' dir='ltr'><strong>per</strong></span> <span class='ocrx_word' id='word_1_179' title='bbox 278 2688 480 2768; x_wconf 82' lang='lat' dir='ltr'><strong>biennium,</strong></span> <span class='ocrx_word' id='word_1_180' title='bbox 503 2688 651 2775; x_wconf 80' lang='lat' dir='ltr'><strong>adeoque</strong></span> <span class='ocrx_word' id='word_1_181' title='bbox 684 2709 788 2774; x_wconf 87' lang='lat' dir='ltr'><strong>usqne</strong></span> <span class='ocrx_word' id='word_1_182' title='bbox 820 2687 864 2752; x_wconf 84' lang='lat' dir='ltr'><strong>ed</strong></span> <span class='ocrx_word' id='word_1_183' title='bbox 895 2689 1020 2772; x_wconf 87' lang='lat' dir='ltr'><strong>priores</strong></span> <span class='ocrx_word' id='word_1_184' title='bbox 1052 2702 1180 2750; x_wconf 83' lang='lat' dir='ltr'><strong>menses</strong></span> 
     </span>
     <span class='ocr_line' id='line_1_24' title="bbox 80 2782 1181 2870; baseline 0.001 -24"><span class='ocrx_word' id='word_1_185' title='bbox 80 2782 139 2842; x_wconf 75' lang='lat' dir='ltr'><strong>euni</strong></span> <span class='ocrx_word' id='word_1_186' title='bbox 160 2803 254 2850; x_wconf 74' lang='lat' dir='ltr'><strong>neme</strong></span> <span class='ocrx_word' id='word_1_187' title='bbox 277 2783 433 2870; x_wconf 78' lang='lat' dir='ltr'><strong>vulger-is</strong></span> <span class='ocrx_word' id='word_1_188' title='bbox 451 2785 505 2852; x_wconf 88' lang='grc'><strong>58.</strong></span> <span class='ocrx_word' id='word_1_189' title='bbox 529 2825 571 2834; x_wconf 83' lang='grc'><strong>-</strong></span> <span class='ocrx_word' id='word_1_190' title='bbox 595 2787 651 2851; x_wconf 86' lang='lat' dir='ltr'><strong>An</strong></span> <span class='ocrx_word' id='word_1_191' title='bbox 666 2787 699 2852; x_wconf 90' lang='lat' dir='ltr'><strong>S.</strong></span> <span class='ocrx_word' id='word_1_192' title='bbox 714 2787 830 2851; x_wconf 81' lang='lat' dir='ltr'><strong>Petrus</strong></span> <span class='ocrx_word' id='word_1_193' title='bbox 844 2807 882 2850; x_wconf 87' lang='lat' dir='ltr'><strong>eo</strong></span> <span class='ocrx_word' id='word_1_194' title='bbox 895 2795 1044 2870; x_wconf 86' lang='lat' dir='ltr'><strong>tempore</strong></span> <span class='ocrx_word' id='word_1_195' title='bbox 1057 2783 1181 2848; x_wconf 78' lang='lat' dir='ltr'><strong>Rornae</strong></span> 
     </span>
     <span class='ocr_line' id='line_1_25' title="bbox 81 2875 1180 2970; baseline 0.005 -32"><span class='ocrx_word' id='word_1_196' title='bbox 81 2875 167 2955; x_wconf 83' lang='lat' dir='ltr'><strong>luerit,</strong></span> <span class='ocrx_word' id='word_1_197' title='bbox 181 2903 245 2948; x_wconf 89' lang='lat' dir='ltr'><strong>non</strong></span> <span class='ocrx_word' id='word_1_198' title='bbox 261 2893 376 2970; x_wconf 87' lang='lat' dir='ltr'><strong>potest</strong></span> <span class='ocrx_word' id='word_1_199' title='bbox 390 2905 433 2947; x_wconf 83' lang='lat' dir='ltr'><strong>ex</strong></span> <span class='ocrx_word' id='word_1_200' title='bbox 448 2885 550 2948; x_wconf 76' lang='lat' dir='ltr'><strong>sacris</strong></span> <span class='ocrx_word' id='word_1_201' title='bbox 562 2883 656 2950; x_wconf 85' lang='lat' dir='ltr'><strong>libris</strong></span> <span class='ocrx_word' id='word_1_202' title='bbox 671 2885 790 2970; x_wconf 85' lang='lat' dir='ltr'><strong>colligi.</strong></span> <span class='ocrx_word' id='word_1_203' title='bbox 806 2923 849 2932; x_wconf 92' lang='lat'><strong>--</strong></span> <span class='ocrx_word' id='word_1_204' title='bbox 864 2875 986 2948; x_wconf 80' lang='lat' dir='ltr'><strong>Paulus</strong></span> <span class='ocrx_word' id='word_1_205' title='bbox 1000 2891 1111 2946; x_wconf 83' lang='lat' dir='ltr'><strong>eutem</strong></span> <span class='ocrx_word' id='word_1_206' title='bbox 1126 2879 1180 2945; x_wconf 93' lang='lat' dir='ltr'><strong>illo</strong></span> 
     </span>
     <span class='ocr_line' id='line_1_26' title="bbox 80 2969 1180 3070; baseline 0.005 -31"><span class='ocrx_word' id='word_1_207' title='bbox 80 2969 191 3042; x_wconf 83' lang='lat' dir='ltr'><strong>biennio</strong></span> <span class='ocrx_word' id='word_1_208' title='bbox 201 2983 340 3068; x_wconf 82' lang='lat' dir='ltr'><strong>scripsit</strong></span> <span class='ocrx_word' id='word_1_209' title='bbox 354 2981 466 3046; x_wconf 79' lang='lat' dir='ltr'><strong>varias</strong></span> <span class='ocrx_word' id='word_1_210' title='bbox 482 2982 644 3068; x_wconf 83' lang='lat' dir='ltr'><strong>epistolas,</strong></span> <span class='ocrx_word' id='word_1_211' title='bbox 660 2984 823 3070; x_wconf 77' lang='lat' dir='ltr'><strong>quaejam</strong></span> <span class='ocrx_word' id='word_1_212' title='bbox 837 2981 1180 3046; x_wconf 79' lang='lat' dir='ltr'><strong>commemoravimus.</strong></span> 
     </span>
     <span class='ocr_line' id='line_1_27' title="bbox 82 3069 1181 3168; baseline 0.005 -32"><span class='ocrx_word' id='word_1_213' title='bbox 82 3069 140 3136; x_wconf 78' lang='lat' dir='ltr'><strong>Post</strong></span> <span class='ocrx_word' id='word_1_214' title='bbox 159 3075 393 3145; x_wconf 82' lang='lat' dir='ltr'><strong>liberationem</strong></span> <span class='ocrx_word' id='word_1_215' title='bbox 428 3103 446 3142; x_wconf 90' lang='grc'><strong>5</strong></span> <span class='ocrx_word' id='word_1_216' title='bbox 474 3082 581 3165; x_wconf 79' lang='lat' dir='ltr'><strong>prima</strong></span> <span class='ocrx_word' id='word_1_217' title='bbox 604 3083 797 3168; x_wconf 70' lang='lat' dir='ltr'><strong>captivitate</strong></span> <span class='ocrx_word' id='word_1_218' title='bbox 819 3081 942 3145; x_wconf 80' lang='lat' dir='ltr'><strong>Paulus</strong></span> <span class='ocrx_word' id='word_1_219' title='bbox 965 3101 1052 3146; x_wconf 85' lang='lat' dir='ltr'><strong>nove</strong></span> <span class='ocrx_word' id='word_1_220' title='bbox 1076 3095 1181 3142; x_wconf 84' lang='lat' dir='ltr'><strong>suece-</strong></span> 
     </span>
     <span class='ocr_line' id='line_1_28' title="bbox 81 3169 1182 3264; baseline 0.004 -28"><span class='ocrx_word' id='word_1_221' title='bbox 81 3169 117 3250; x_wconf 84' lang='lat' dir='ltr'><strong>pit</strong></span> <span class='ocrx_word' id='word_1_222' title='bbox 144 3175 260 3244; x_wconf 78' lang='lat' dir='ltr'><strong>itinero</strong></span> <span class='ocrx_word' id='word_1_223' title='bbox 296 3177 501 3264; x_wconf 80' lang='lat' dir='ltr'><strong>Apostolice.</strong></span> <span class='ocrx_word' id='word_1_224' title='bbox 546 3179 634 3244; x_wconf 82' lang='lat' dir='ltr'><strong>Eum</strong></span> <span class='ocrx_word' id='word_1_225' title='bbox 667 3183 780 3244; x_wconf 74' lang='lat' dir='ltr'><strong>itcmm</strong></span> <span class='ocrx_word' id='word_1_226' title='bbox 811 3181 847 3243; x_wconf 76' lang='lat' dir='ltr'><strong>in</strong></span> <span class='ocrx_word' id='word_1_227' title='bbox 869 3179 951 3243; x_wconf 82' lang='lat' dir='ltr'><strong>Asia</strong></span> <span class='ocrx_word' id='word_1_228' title='bbox 983 3189 1013 3243; x_wconf 87' lang='lat' dir='ltr'><strong>et</strong></span> <span class='ocrx_word' id='word_1_229' title='bbox 1044 3175 1182 3242; x_wconf 67' lang='grc'><strong>0555555</strong></span> 
     </span>
     <span class='ocr_line' id='line_1_29' title="bbox 81 3265 1183 3364; baseline 0.012 -38"><span class='ocrx_word' id='word_1_230' title='bbox 81 3265 173 3354; x_wconf 77' lang='lat' dir='ltr'><strong>inisse,</strong></span> <span class='ocrx_word' id='word_1_231' title='bbox 201 3299 243 3341; x_wconf 82' lang='lat' dir='ltr'><strong>ex</strong></span> <span class='ocrx_word' id='word_1_232' title='bbox 273 3276 414 3364; x_wconf 83' lang='lat' dir='ltr'><strong>epistole</strong></span> <span class='ocrx_word' id='word_1_233' title='bbox 438 3278 584 3342; x_wconf 82' lang='lat' dir='ltr'><strong>secunde</strong></span> <span class='ocrx_word' id='word_1_234' title='bbox 615 3279 659 3343; x_wconf 85' lang='lat' dir='ltr'><strong>ad</strong></span> <span class='ocrx_word' id='word_1_235' title='bbox 682 3277 893 3342; x_wconf 81' lang='lat' dir='ltr'><strong>Timotheum</strong></span> <span class='ocrx_word' id='word_1_236' title='bbox 923 3279 1096 3364; x_wconf 88' lang='lat' dir='ltr'><strong>perspicue</strong></span> <span class='ocrx_word' id='word_1_237' title='bbox 1120 3275 1183 3340; x_wconf 89' lang='lat' dir='ltr'><strong>ool-</strong></span> 
     </span>
     <span class='ocr_line' id='line_1_30' title="bbox 81 3361 1182 3462; baseline 0.001 -26"><span class='ocrx_word' id='word_1_238' title='bbox 81 3361 183 3448; x_wconf 73' lang='lat' dir='ltr'><strong>ligitur.</strong></span> <span class='ocrx_word' id='word_1_239' title='bbox 206 3375 277 3442; x_wconf 83' lang='lat' dir='ltr'><strong>Sed</strong></span> <span class='ocrx_word' id='word_1_240' title='bbox 301 3377 405 3440; x_wconf 70' lang='grc'><strong>55555</strong></span> <span class='ocrx_word' id='word_1_241' title='bbox 428 3376 491 3438; x_wconf 84' lang='lat' dir='ltr'><strong>iter</strong></span> <span class='ocrx_word' id='word_1_242' title='bbox 514 3376 723 3462; x_wconf 70' lang='lat' dir='ltr'><strong>Hispanicrtm</strong></span> <span class='ocrx_word' id='word_1_243' title='bbox 746 3399 766 3440; x_wconf 85' lang='grc'><strong>5</strong></span> <span class='ocrx_word' id='word_1_244' title='bbox 789 3375 822 3442; x_wconf 85' lang='lat' dir='ltr'><strong>S.</strong></span> <span class='ocrx_word' id='word_1_245' title='bbox 841 3375 944 3439; x_wconf 77' lang='lat' dir='ltr'><strong>Paulo</strong></span> <span class='ocrx_word' id='word_1_246' title='bbox 967 3385 1038 3440; x_wconf 87' lang='lat' dir='ltr'><strong>tum</strong></span> <span class='ocrx_word' id='word_1_247' title='bbox 1056 3374 1182 3441; x_wconf 84' lang='lat' dir='ltr'><strong>factum</strong></span> 
     </span>
     <span class='ocr_line' id='line_1_31' title="bbox 82 3471 1182 3559; baseline -0.006 -18"><span class='ocrx_word' id='word_1_248' title='bbox 82 3481 146 3541; x_wconf 54' lang='grc'><strong>995</strong></span> <span class='ocrx_word' id='word_1_249' title='bbox 168 3475 246 3540; x_wconf 76' lang='lat' dir='ltr'><strong>setis</strong></span> <span class='ocrx_word' id='word_1_250' title='bbox 257 3471 437 3559; x_wconf 76' lang='lat' dir='ltr'><strong>probabile</strong></span> <span class='ocrx_word' id='word_1_251' title='bbox 447 3481 505 3538; x_wconf 85' lang='lat' dir='ltr'><strong>est.</strong></span> <span class='ocrx_word' id='word_1_252' title='bbox 523 3511 564 3520; x_wconf 91' lang='lat'>-</span> <span class='ocrx_word' id='word_1_253' title='bbox 583 3473 674 3540; x_wconf 90' lang='lat' dir='ltr'><strong>Ordo</strong></span> <span class='ocrx_word' id='word_1_254' title='bbox 690 3484 799 3539; x_wconf 82' lang='lat' dir='ltr'><strong>autem</strong></span> <span class='ocrx_word' id='word_1_255' title='bbox 811 3472 1060 3558; x_wconf 86' lang='lat' dir='ltr'><strong>chronologicus</strong></span> <span class='ocrx_word' id='word_1_256' title='bbox 1083 3491 1182 3557; x_wconf 89' lang='lat' dir='ltr'><strong>quem</strong></span> 
     </span>
    </p>
   </div>
   <div class='ocr_carea' id='block_1_5' title="bbox 82 3557 1184 4042">
    <p class='ocr_par' dir='ltr' id='par_1_5' title="bbox 82 3557 1184 4042">
     <span class='ocr_line' id='line_1_32' title="bbox 82 3557 1183 3657; baseline 0 -26"><span class='ocrx_word' id='word_1_257' title='bbox 82 3557 308 3656; x_wconf 68' lang='lat' dir='ltr'><strong>dempsimus,</strong></span> <span class='ocrx_word' id='word_1_258' title='bbox 326 3573 488 3636; x_wconf 82' lang='lat' dir='ltr'><strong>convenit</strong></span> <span class='ocrx_word' id='word_1_259' title='bbox 511 3591 586 3637; x_wconf 87' lang='lat' dir='ltr'><strong>cnm</strong></span> <span class='ocrx_word' id='word_1_260' title='bbox 597 3572 629 3638; x_wconf 88' lang='lat' dir='ltr'><strong>S.</strong></span> <span class='ocrx_word' id='word_1_261' title='bbox 645 3573 851 3657; x_wconf 86' lang='lat' dir='ltr'><strong>Hieronymo</strong></span> <span class='ocrx_word' id='word_1_262' title='bbox 875 3582 907 3636; x_wconf 87' lang='lat' dir='ltr'><strong>et</strong></span> <span class='ocrx_word' id='word_1_263' title='bbox 929 3567 1183 3635; x_wconf 64' lang='grc'><strong>5155555055-</strong></span> 
     </span>
     <span class='ocr_line' id='line_1_33' title="bbox 85 3659 1182 3754; baseline 0.009 -36"><span class='ocrx_word' id='word_1_264' title='bbox 85 3659 152 3730; x_wconf 84' lang='lat' dir='ltr'><strong>oico.</strong></span> <span class='ocrx_word' id='word_1_265' title='bbox 193 3669 249 3735; x_wconf 85' lang='lat' dir='ltr'><strong>Sic</strong></span> <span class='ocrx_word' id='word_1_266' title='bbox 273 3671 307 3738; x_wconf 83' lang='lat' dir='ltr'><strong>S.</strong></span> <span class='ocrx_word' id='word_1_267' title='bbox 333 3669 562 3754; x_wconf 81' lang='lat' dir='ltr'><strong>Hieronymus</strong></span> <span class='ocrx_word' id='word_1_268' title='bbox 592 3672 627 3734; x_wconf 89' lang='lat' dir='ltr'><strong>in</strong></span> <span class='ocrx_word' id='word_1_269' title='bbox 658 3669 814 3754; x_wconf 72' lang='lat' dir='ltr'><strong>catalogo</strong></span> <span class='ocrx_word' id='word_1_270' title='bbox 844 3669 965 3754; x_wconf 87' lang='lat' dir='ltr'><strong>Seript.</strong></span> <span class='ocrx_word' id='word_1_271' title='bbox 995 3666 1110 3731; x_wconf 81' lang='lat' dir='ltr'><strong>eccles.</strong></span> <span class='ocrx_word' id='word_1_272' title='bbox 1141 3665 1182 3728; x_wconf 90' lang='lat' dir='ltr'><strong>de</strong></span> 
     </span>
     <span class='ocr_line' id='line_1_34' title="bbox 85 3754 1183 3854; baseline -0.002 -26"><span class='ocrx_word' id='word_1_273' title='bbox 85 3754 109 3818; x_wconf 61' lang='lat' dir='ltr'><strong>l·</strong></span> <span class='ocrx_word' id='word_1_274' title='bbox 129 3763 237 3834; x_wconf 69' lang='lat' dir='ltr'><strong>Paulo:</strong></span> <span class='ocrx_word' id='word_1_275' title='bbox 263 3775 341 3838; x_wconf 76' lang='lat' dir='ltr'><strong>Post</strong></span> <span class='ocrx_word' id='word_1_276' title='bbox 366 3769 552 3854; x_wconf 76' lang='lat' dir='ltr'><strong>pactionem</strong></span> <span class='ocrx_word' id='word_1_277' title='bbox 575 3767 706 3832; x_wconf 81' lang='lat' dir='ltr'><strong>Donsini</strong></span> <span class='ocrx_word' id='word_1_278' title='bbox 736 3769 882 3854; x_wconf 70' lang='lat' dir='ltr'><strong>eipcst&#39;m</strong></span> <span class='ocrx_word' id='word_1_279' title='bbox 915 3767 1022 3852; x_wconf 73' lang='lat' dir='ltr'><strong>pulmo</strong></span> <span class='ocrx_word' id='word_1_280' title='bbox 1052 3762 1183 3849; x_wconf 64' lang='lat' dir='ltr'><strong>cneci),</strong></span> 
     </span>
     <span class='ocr_line' id='line_1_35' title="bbox 86 3861 1182 3950; baseline -0.014 -12"><span class='ocrx_word' id='word_1_281' title='bbox 86 3861 112 3922; x_wconf 70' lang='lat' dir='ltr'><strong>ll</strong></span> <span class='ocrx_word' id='word_1_282' title='bbox 129 3877 168 3929; x_wconf 62' lang='lat' dir='ltr'><strong>tet</strong></span> <span class='ocrx_word' id='word_1_283' title='bbox 188 3871 322 3936; x_wconf 73' lang='lat' dir='ltr'><strong>wcondo</strong></span> <span class='ocrx_word' id='word_1_284' title='bbox 356 3866 500 3932; x_wconf 80' lang='lat' dir='ltr'><strong>Neronis</strong></span> <span class='ocrx_word' id='word_1_285' title='bbox 522 3865 608 3950; x_wconf 79' lang='lat'><strong>(55),</strong></span> <span class='ocrx_word' id='word_1_286' title='bbox 642 3886 676 3927; x_wconf 85' lang='lat' dir='ltr'><strong>oo</strong></span> <span class='ocrx_word' id='word_1_287' title='bbox 701 3875 835 3950; x_wconf 80' lang='lat' dir='ltr'><strong>tempore</strong></span> <span class='ocrx_word' id='word_1_288' title='bbox 859 3885 917 3948; x_wconf 77' lang='lat' dir='ltr'><strong>qno</strong></span> <span class='ocrx_word' id='word_1_289' title='bbox 942 3861 1052 3925; x_wconf 78' lang='lat' dir='ltr'><strong>Fertne</strong></span> <span class='ocrx_word' id='word_1_290' title='bbox 1068 3883 1182 3946; x_wconf 78' lang='lat' dir='ltr'><strong>procri-</strong></span> 
     </span>
     <span class='ocr_line' id='line_1_36' title="bbox 85 3959 1184 4042; baseline -0.012 -8"><span class='ocrx_word' id='word_1_291' title='bbox 85 3973 155 4026; x_wconf 70' lang='lat' dir='ltr'><strong>ruer</strong></span> <span class='ocrx_word' id='word_1_292' title='bbox 182 3969 330 4034; x_wconf 64' lang='lat' dir='ltr'><strong>Judaeae</strong></span> <span class='ocrx_word' id='word_1_293' title='bbox 366 3965 513 4030; x_wconf 71' lang='lat' dir='ltr'><strong>mucescit</strong></span> <span class='ocrx_word' id='word_1_294' title='bbox 541 3963 648 4042; x_wconf 82' lang='lat' dir='ltr'><strong>Felici,</strong></span> <span class='ocrx_word' id='word_1_295' title='bbox 673 3963 806 4026; x_wconf 82' lang='lat' dir='ltr'><strong>Romam</strong></span> <span class='ocrx_word' id='word_1_296' title='bbox 837 3961 959 4024; x_wconf 69' lang='lat' dir='ltr'><strong>vinctum</strong></span> <span class='ocrx_word' id='word_1_297' title='bbox 985 3959 1130 4038; x_wconf 76' lang='lat' dir='ltr'><strong>mittitur,</strong></span> <span class='ocrx_word' id='word_1_298' title='bbox 1155 3969 1184 4022; x_wconf 85' lang='lat' dir='ltr'><strong>et</strong></span> 
     </span>
    </p>
   </div>
   <div class='ocr_carea' id='block_1_6' title="bbox 125 4105 264 4122">
    <p class='ocr_par' dir='ltr' id='par_1_6' title="bbox 125 4105 264 4122">
     <span class='ocr_line' id='line_1_37' title="bbox 125 4105 264 4122; baseline 0 -2"><span class='ocrx_word' id='word_1_299' title='bbox 125 4105 264 4122; x_wconf 44' lang='grc' dir='ltr'><strong>’Ἢ-</strong></span> 
     </span>
    </p>
   </div>
   <div class='ocr_carea' id='block_1_7' title="bbox 89 4169 1185 4322">
    <p class='ocr_par' dir='ltr' id='par_1_7' title="bbox 89 4169 1185 4322">
     <span class='ocr_line' id='line_1_38' title="bbox 89 4169 1185 4322; baseline -0.019 -80"><span class='ocrx_word' id='word_1_300' title='bbox 89 4177 334 4322; x_wconf 56' lang='lat' dir='ltr'><strong>ulgllnpm</strong></span> <span class='ocrx_word' id='word_1_301' title='bbox 364 4177 545 4244; x_wconf 79' lang='lat' dir='ltr'><strong>Hieronymus</strong></span> <span class='ocrx_word' id='word_1_302' title='bbox 571 4174 677 4230; x_wconf 74' lang='lat' dir='ltr'><strong>omnuit</strong></span> <span class='ocrx_word' id='word_1_303' title='bbox 702 4171 831 4226; x_wconf 69' lang='lat' dir='ltr'><strong>suumne</strong></span> <span class='ocrx_word' id='word_1_304' title='bbox 857 4185 882 4226; x_wconf 84' lang='lat' dir='ltr'><strong>o.</strong></span> <span class='ocrx_word' id='word_1_305' title='bbox 909 4171 943 4226; x_wconf 79' lang='lat' dir='ltr'><strong>el</strong></span> <span class='ocrx_word' id='word_1_306' title='bbox 973 4169 1016 4228; x_wconf 73' lang='lat' dir='ltr'><strong>tel</strong></span> <span class='ocrx_word' id='word_1_307' title='bbox 1042 4169 1079 4224; x_wconf 68' lang='lat' dir='ltr'><strong>tt</strong></span> <span class='ocrx_word' id='word_1_308' title='bbox 1103 4183 1185 4224; x_wconf 74' lang='grc'><strong>55555</strong></span> 
     </span>
    </p>
   </div>
   <div class='ocr_carea' id='block_1_8' title="bbox 0 0 1466 4824">
    <p class='ocr_par' dir='ltr' id='par_1_8' title="bbox 0 0 1466 4824">
     <span class='ocr_line' id='line_1_39' title="bbox 0 0 1466 4824; baseline 0 0"><span class='ocrx_word' id='word_1_309' title='bbox 0 0 1466 4824; x_wconf 95' lang='lat' dir='ltr'><strong> </strong></span> 
     </span>
    </p>
   </div>
  </div>
 </body>
</html>
