2900 4800
239 399 292 454 454
612 396 985 454 DecansafloncriiRP.

243 561 342 606 mana
365 539 504 605 ecclesia
519 540 668 604 confessa
691 548 755 622 est,
779 549 814 604 et
827 539 1013 606 Honorinm
1036 539 1245 627 praedicasse
1260 563 1365 606 unam

240 640 442 706 voluntatem
462 648 496 703 et
517 639 740 724 operationem
764 638 799 702 in
814 635 963 719 Christo,
988 647 1021 702 ot
1043 637 1085 704 ob
1109 637 1145 704 id
1167 637 1271 704 fuisse
1295 661 1366 706 una

240 757 315 804 cum
325 735 456 822 Sergio,
473 736 575 820 Cyro,
592 745 625 802 et
638 735 722 818 aliis,
737 745 867 800 asextn
881 733 1016 820 Synodo
1031 735 1235 804 damnatum.
1277 739 1368 804 Illira
1446 817 1447 820 Ἴ

240 857 319 902 sane
342 834 455 900 illatio.
503 832 607 914 Quasi
630 833 771 898 Romani
796 833 974 898 Pontifices
996 833 1129 900 decreto
1152 835 1266 922 aliquo
1288 860 1365 902 san·

240 935 400 1014 civerint,
425 954 504 996 vera
529 953 569 996 ca
591 933 704 998 omnia
726 952 814 1012 esse,
838 951 924 1017 quae
953 932 988 996 iu
1011 931 1182 999 Breviario
1205 933 1367 1019 leguntur

240 1032 275 1098 in
298 1029 496 1096 lectionibus
519 1029 657 1094 secundi
669 1029 831 1094 Nocturni
856 1028 898 1093 de
922 1032 1054 1095 sanctis.
1079 1031 1247 1098 Historiae
1272 1031 1365 1098 vide-

238 1129 317 1194 licet
339 1137 372 1192 et
393 1129 483 1193 facta
505 1148 589 1213 quae
614 1126 660 1192 ibi
684 1127 883 1210 recitantur,
916 1125 1017 1194 aliam
1040 1131 1272 1196 auctoritatem
1297 1152 1366 1196 non

239 1226 365 1292 habent
387 1235 516 1312 praeter
539 1247 631 1308 eam,
665 1247 765 1311 quam
796 1223 860 1290 eibi
884 1245 927 1288 ex
949 1227 1085 1292 criticae
1106 1225 1231 1312 regulis
1255 1227 1366 1294 vindi·

241 1347 316 1390 care
338 1334 484 1411 possunt.
531 1323 566 1390 si
590 1323 692 1407 igitur
714 1320 798 1387 falsa
821 1323 884 1404 sit,
908 1320 963 1388 vel
985 1325 1096 1389 minus
1111 1333 1229 1390 exacta
1254 1334 1288 1389 et
1312 1348 1365 1392 ac·
1447 1355 1448 1370 *

241 1432 355 1488 curata
387 1421 498 1508 aliqua
532 1420 687 1502 historia,
712 1441 798 1505 quae
828 1420 864 1486 in
887 1419 1059 1486 Breviorio
1091 1423 1269 1503 recitatum,
1295 1421 1365 1490 dici

241 1521 391 1586 Romana
414 1517 553 1584 ecclesia
575 1539 641 1584 non
665 1527 772 1604 potest
794 1516 885 1584 illam
909 1528 946 1582 ut
969 1539 1084 1584 veram
1105 1518 1304 1586 declarasse.
1320 1557 1365 1570 -

241 1619 305 1700 At,
330 1619 503 1704 inquiunt,
527 1613 643 1682 saltem
666 1637 726 1701 per
740 1614 882 1701 plurima
896 1615 1029 1680 saecula
1042 1615 1183 1683 Romani
1198 1617 1264 1702 ipsi
1278 1617 1364 1684 Pon·

240 1715 346 1782 tifices
367 1715 525 1780 lectiones
548 1713 620 1778 illas
643 1714 841 1795 recitarunt,
866 1734 943 1798 ergo
963 1736 1019 1778 ena
1033 1715 1173 1778 veritate
1196 1715 1270 1796 niti,
1284 1725 1365 1780 sunt

241 1814 403 1880 arbitrati.
450 1812 694 1898 Consequentia
722 1833 854 1896 prorsus
877 1811 1030 1896 neganda
1053 1819 1111 1876 est
1156 1811 1259 1876 Plura
1281 1833 1365 1878 sane
1448 1859 1449 1888 ,

241 1922 274 1978 et
295 1934 385 1978 nunc
416 1912 606 1990 recitantur,
639 1931 667 1977 e.
697 1931 729 1993 g.
753 1909 789 1974 in
820 1908 1017 1974 lectionibus
1039 1909 1074 1978 S.
1098 1909 1303 1991 Marcellini,
1329 1913 1364 1978 S.
1448 1913 1449 1918 ’

242 2009 441 2090 Clementis,
476 2008 510 2074 S.
533 2006 701 2088 silvestri,
725 2007 900 2093 quaejam
932 2029 998 2072 non
1021 2005 1186 2074 habentur
1209 2016 1247 2072 nt
1270 2029 1364 2074 vera.

243 2107 385 2189 Quodsi
408 2105 586 2192 aliquando
610 2115 680 2172 tum
695 2105 835 2170 Romani
850 2104 1027 2170 Pontifices
1048 2115 1120 2170 tum
1143 2107 1266 2170 caeteri
1289 2107 1365 2172 istis

242 2216 275 2272 et
296 2204 371 2270 aliis
395 2203 595 2290 quibusdem
618 2202 863 2268 narrationibus
881 2201 980 2268 fidem
1005 2226 1099 2269 suam
1121 2203 1362 2289 adjunxerunt,

242 2303 325 2370 haec
340 2311 489 2369 nouerat
512 2300 605 2383 fides,
629 2299 687 2364 aed
702 2299 879 2366 credulitas
903 2321 987 2386 quae
1011 2302 1095 2366 tanti
1118 2301 1209 2366 valet
1231 2309 1264 2364 et
1279 2309 1364 2368 tam·

243 2401 301 2468 diu
313 2400 420 2481 durat,
437 2397 597 2485 quamdiu
610 2398 708 2463 durat
722 2399 833 2484 opinio
851 2399 940 2464 circa
960 2397 1248 2464 authenticitatem
1263 2397 1364 2464 docu-

243 2509 438 2578 mentorum,
452 2519 470 2561 e
482 2496 603 2584 quibus
612 2495 688 2562 illae
699 2497 902 2564 narrationes
912 2495 1105 2583 desumptae
1118 2497 1262 2562 fuerunt
1287 2495 1365 2562 Hac

242 2606 353 2663 autem
366 2595 495 2660 sublata
508 2615 736 2681 quaecumque
749 2593 926 2659 credulitas
939 2596 1020 2676 ruit,
1036 2596 1116 2680 quia
1127 2592 1210 2660 hacc
1223 2594 1366 2660 creduli-

242 2705 292 2760 tas
305 2703 353 2758 est
367 2691 547 2780 personalis
556 2742 566 2773 ,
581 2713 647 2759 non
663 2691 845 2772 catholica,
867 2700 917 2758 est
930 2691 1029 2778 hujus
1044 2701 1077 2758 et
1088 2691 1176 2758 illins
1185 2741 1194 2774 ,
1215 2714 1283 2757 non
1299 2691 1365 2758 Ec·

243 2791 379 2869 clesiae,
402 2789 561 2856 fundatur
584 2792 620 2856 in
643 2791 778 2854 criticae
810 2789 952 2876 regulis,
976 2812 1042 2856 non
1066 2811 1144 2856 vero
1169 2791 1203 2855 in
1228 2789 1366 2874 dogma-

242 2888 331 2954 tibus
354 2889 544 2974 Scripturas
568 2898 600 2952 et
622 2887 835 2958 Traditicnia.

100 3005 216 3047 coneum
336 2987 388 3054 85.
414 2986 511 3070 Quod
535 2987 578 3054 ad
594 2987 841 3052 damnationem
855 2986 996 3052 Honorii
1018 3007 1077 3073 per
1092 2983 1279 3052 Concilium
1296 2985 1366 3050 v11

79 3065 117 3106 ‘¹¹¹
137 3067 159 3107 ⁰¹
175 3065 229 3106 ‘¹¹¹¹'
244 3095 276 3150 et
309 3085 392 3150 VIII
423 3087 560 3168 attinet,
596 3107 655 3170 per
686 3106 721 3150 se
753 3093 862 3170 patet,
895 3107 961 3151 non
985 3083 1087 3150 alium
1117 3083 1264 3148 valorem
1287 3105 1365 3148 eam

243 3207 339 3270 posse
361 3182 503 3265 habere,
527 3184 590 3248 nisi
615 3191 777 3268 quotenus
800 3182 934 3264 Patres,
970 3183 1187 3268 suscipientes
1209 3179 1367 3264 Syncdos

244 3282 488 3370 praecedentes,
512 3301 606 3346 suam
629 3301 761 3368 quoquc
783 3281 1044 3347 conformitatem
1068 3277 1264 3365 profitentur
1286 3301 1365 3344 cum

245 3380 520 3448 condemnatione
552 3379 641 3444 facta
673 3402 693 3442 a
717 3377 865 3444 Concilio
890 3377 956 3462 V1;
992 3377 1051 3442 sed
1083 3376 1228 3462 profecto
1252 3378 1365 3462 prouti

244 3479 360 3544 endem
383 3501 403 3544 a
425 3479 575 3544 Romano
598 3475 759 3543 Pontifice
781 3477 895 3544 Leone
922 3475 956 3542 Π
980 3475 1200 3540 determinata
1221 3483 1255 3538 et
1277 3495 1366 3538 com·

244 3574 384 3663 probata
406 3574 554 3640 valorem
578 3573 733 3640 habebat.
779 3573 829 3640 Eo
845 3595 942 3640 sensu
966 3575 1067 3658 igitur
1089 3594 1122 3637 v.
1145 3593 1177 3656 g.
1201 3571 1365 3636 sumenda

245 3685 321 3740 sunt
345 3673 400 3739 illa
423 3673 526 3738 verbs
547 3671 687 3739 Consilii
711 3671 812 3736 VIII:
838 3671 988 3738 Sanctam
1012 3681 1042 3739 et
1064 3667 1273 3735 animalem
1296 3693 1366 3733 sen-

246 3785 311 3838 tam
323 3771 486 3860 Synodm
508 3772 790 3859 suscipientes...
815 3769 1116 3836 commanemus
1138 3779 1242 3832 cotem
1268 3767 1365 3832 Theo·

245 3873 370 3951 doram
482 3869 625 3957 Serpa'nm
649 3869 869 3956 athrrltam,
983 3865 1365 3953 atquecnmeislloao·

245 3973 327 4034 rs'am
351 3971 490 4046 Romae,
514 3991 580 4034 una
602 3989 671 4032 cnm
697 3965 777 4054 Cyro
797 3962 1067 4050 Alecondriow).
1090 3999 1136 4012 -
1158 3961 1270 4048 Objici
1293 3983 1365 4046 pos-

321 4128 341 4200 ¹)
359 4127 392 4182 In
411 4127 526 4182 Actione
544 4125 570 4180 X
588 4123 701 4180 concilii
719 4121 787 4180 VIII
804 4121 921 4194 legitur:
942 4120 1230 4191 ,Anathematinamns
1245 4117 1365 4174 ‘l'aeodc

245 4221 313 4272 rum,
332 4245 339 4261 .
360 4245 365 4258 .
386 4213 414 4261 et
433 4207 571 4276 sergium,
591 4212 620 4260 et
637 4203 785 4272 Pyrrham,
805 4207 834 4259 et
851 4201 980 4270 Paulum,
1000 4241 1007 4258 .
1027 4242 1034 4256 .
1054 4243 1060 4256 .
1080 4205 1163 4270 atque
1180 4215 1241 4255 cnrn
1258 4199 1293 4255 iis
1310 4197 1365 4253 flc-
