2836 4804
236 438 288 492 ete
643 436 684 490 De
701 435 789 492 tribus
807 436 947 504 coniectis.

236 581 347 668 Beryti
369 582 531 667 episcopos
553 580 679 660 habitis,
702 581 782 644 banc
804 581 843 644 de
857 603 920 666 qao
943 584 1105 666 quaeritur
1127 586 1210 648 inter
1230 597 1341 648 scetem

231 678 396 765 prolatam
410 680 516 766 finisse
539 688 650 743 contra
674 702 742 742 enm
765 679 805 742 ab
828 679 1063 744 accinctosibsts
1086 685 1153 770 ejus
1175 682 1343 767 epistolem

236 801 362 864 conique
385 787 599 842 consummata
631 777 732 863 ipsim
761 777 988 862 disceptatione
1010 780 1138 864 nepotii,
1163 803 1185 842 c
1205 803 1341 844 veneror

237 875 288 939 dis
303 875 424 961 ficisset
440 873 591 960 patribus
620 874 814 960 requisitum,
847 875 923 961 qnid
946 875 985 940 de
1008 876 1146 966 ejusdem
1168 879 1342 942 constitisse·

237 974 311 1038 dnm
332 973 490 1038 videretur
513 972 591 1036 Ibce
623 973 756 1056 nepotis,
788 984 1008 1059 consequenter
1035 975 1214 1063 hemodi
1229 999 1341 1061 proces·

237 1071 313 1136 sisse
346 1072 525 1136 sententias.
559 1107 603 1118 —
635 1070 755 1135 Varias
787 1070 865 1136 dein
887 1071 1024 1136 Parrum
1052 1074 1233 1137 sententies
1254 1075 1341 1136 etism

236 1191 257 1232 a
279 1170 375 1236 nobis
399 1171 515 1234 citatos
548 1177 790 1250 commemorat,
824 1192 954 1255 anonim
982 1168 1282 1250 interlocutionibus,
1304 1171 1342 1234 in-

237 1269 318 1352 quit,
342 1269 459 1332 coeteri
489 1267 629 1352 episcopi
656 1289 720 1330 non
746 1266 847 1332 solnm
880 1290 945 1332 non
977 1267 1220 1346 contradixisse,
1251 1291 1343 1332 onem

237 1367 332 1430 etiam
355 1365 586 1450 apertissimam
612 1375 783 1430 noscentur
805 1365 993 1451 praebuisse
1020 1387 1211 1432 consensum.
1236 1405 1276 1416 -
1297 1366 1343 1430 Ex

237 1463 347 1527 relatis
370 1483 448 1526 vero
473 1461 587 1526 infert:
624 1462 759 1547 Propter
775 1463 1049 1548 praedicationem
1062 1463 1155 1547 fidei,
1179 1487 1241 1550 per
1262 1487 1344 1550 qoam

237 1561 433 1625 venerandae
472 1560 701 1625 recordationis
737 1558 874 1646 Cyrillns
906 1559 1149 1626 Aleoeondrinns
1183 1563 1343 1648 episcopos,

237 1671 267 1723 et
288 1659 563 1724 reverendissimos
578 1658 722 1722 Jocnnes
737 1658 947 1723 Antiochensis
969 1659 1111 1738 antistes,
1135 1671 1229 1745 atqos
1252 1682 1344 1722 omnes

237 1755 406 1821 orientales
429 1757 569 1841 episcopi
586 1779 648 1841 per
663 1755 797 1820 Paalnm
821 1757 991 1821 Emisenae
1015 1757 1154 1822 civitatis
1177 1759 1344 1844 episcopum

237 1855 281 1920 ad
303 1855 501 1920 concordiam
515 1853 687 1932 redieremt,
702 1875 794 1938 qoam
809 1852 884 1917 Ibas
899 1875 1015 1939 qrcoqrse
1028 1854 1066 1916 in
1088 1854 1199 1920 eadem
1221 1853 1343 1940 epistola

237 1954 384 2032 laudons,
409 1951 541 2016 libenter
563 1949 771 2036 amplectitur,
806 1949 982 2014 ortbodoaeo
1005 1962 1050 2016 est
1073 1951 1149 2016 Ibee
1174 1953 1342 2038 episcopio

231 2051 382 2138 patr-ibas
398 2051 612 2137 pronontiata
635 2048 778 2112 dictatio.
824 2047 890 2112 Jtta
921 2069 992 2112 oero
1022 2071 1102 2134 qnae
1123 2052 1161 2114 in
1184 2053 1256 2136 ipsa
1277 2047 1341 2112 ibae

237 2151 408 2215 sacerdotis
441 2147 576 2233 epistole
608 2147 643 2210 in
674 2148 804 2235 inperiis
836 2145 946 2210 beatos
975 2146 1208 2212 recordationis
1242 2143 1344 2232 Cyriili
1403 2159 1404 2170 ¹

233 2271 293 2334 per
316 2269 449 2312 errorem
473 2244 701 2328 intellipentiae
725 2243 813 2308 dieta
835 2253 917 2322 ssent,
936 2245 1107 2329 patrosin
1130 2256 1243 2310 sancta
1263 2240 1341 2306 Cbol·

237 2345 402 2410 cedonensi
425 2342 552 2430 &nodo
576 2339 742 2427 epistolam
750 2344 997 2427 pronuntiantes
1011 2341 1228 2420 orthodoxam,
1250 2339 1341 2404 nollo·

238 2456 326 2508 tenos
348 2453 549 2528 receperant:
571 2442 685 2525 quippe
709 2461 790 2524 qnae
813 2440 908 2504 etiam
934 2439 1001 2524 ipse
1025 2439 1217 2504 venerabilis
1239 2439 1337 2524 episco-

231 2566 305 2628 pas,
329 2539 489 2604 intellecto
511 2537 721 2624 capitulorum
744 2541 811 2625 ejas
830 2535 957 2600 meliore
979 2547 1111 2622 recepto,
1134 2537 1283 2602 mrsmndo
1302 2557 1341 2596 rs-

229 2640 363 2727 fsstooit.
399 2675 442 2684 —-
467 2637 735 2702 Commemorens
759 2655 847 2716 vero,
876 2634 1040 2720 quomodo
1064 2634 1141 2698 Ibss
1166 2645 1276 2721 postes
1297 2631 1341 2696 de·

236 2738 346 2804 fensor
360 2736 522 2802 exstiterit
538 2733 665 2818 Synodi
680 2731 888 2817 Ephesinae:
913 2733 966 2796 En
989 2753 1048 2817 qno
1072 2745 1221 2818 apparet,
1237 2731 1341 2816 inquit,

237 2835 375 2900 condem
397 2835 497 2912 Ibam,
521 2842 551 2896 et
568 2833 757 2917 prinsquam
779 2829 942 2894 duodecim
965 2827 1135 2918 capitula
1130 2830 1217 2896 beati
1242 2823 1343 2916 Cytillt'

236 2931 433 3018 intelliperet,
458 2943 488 2995 et
510 2953 577 2994 cam
599 2932 635 2993 in
657 2931 699 2992 iis
722 2928 937 3013 suspicaretur
966 2951 1063 2990 onam
1088 2911 1208 2993 Cliristi
1224 2923 1341 3014 praedi·

236 3033 305 3096 cori
326 3042 484 3108 notorem,
509 3027 680 3093 orticodoaeo
713 3047 805 3090 senso
837 3025 920 3111 qood
946 3025 1171 3090 maledictum
1194 3026 1342 3090 annna-

236 3140 326 3194 cerat
347 3127 546 3214 reprobasse,
571 3134 690 3210 etpost
708 3123 966 3208 explanationem
985 3123 1160 3186 eonsmdcrn
1182 3120 1341 3188 ortbodooeo

236 3249 329 3292 senso
351 3249 430 3311 qnae
453 3235 533 3289 recte
557 3223 644 3288 dicta
666 3231 852 3307 copnooerat
872 3221 1094 3286 venerabiliter
1116 3222 1292 3308 suscepisse.

325 3324 379 3390 57.
404 3323 609 3390 Sententiam
642 3320 775 3385 demum
808 3319 931 3405 profert
963 3317 1105 3403 Vigilius
1142 3319 1196 3383 his
1227 3314 1339 3382 verbis:

237 3424 410 3510 Propterea
439 3444 511 3508 erpo
543 3419 745 3506 disciplinam
777 3427 807 3482 et
829 3417 987 3507 jndicinm
1019 3427 1197 3482 sanctornm
1225 3425 1341 3502 potrum

236 3543 294 3584 nos
316 3522 351 3584 in
374 3518 516 3584 onmibns
539 3527 766 3593 conservantes,
790 3526 820 3580 et
833 3537 938 3579 rerem
961 3515 1097 3578 omnium
1118 3514 1341 3599 dispositionem

237 3619 404 3686 secondom
428 3641 496 3682 eom
519 3639 611 3702 qnam
642 3614 804 3678 reddimus
835 3614 991 3677 rationem
1020 3635 1060 3676 en
1095 3605 1341 3676 anatomicis

237 3717 361 3805 Synodi
379 3717 504 3806 jndicio
528 3713 723 3778 declaratam
754 3733 822 3776 cam
853 3711 933 3776 satis
961 3711 1162 3796 apertissimo
1184 3709 1282 3773 luceat
1301 3725 1339 3766 tt·

236 3818 342 3892 ritate,
366 3835 407 3878 etc
430 3813 531 3878 verbis
554 3811 706 3898 epistolae
729 3811 791 3874 virs
785 3807 1003 3873 'venerabilis
1025 3806 1100 3872 Iboe
1123 3807 1288 3872 rectissime
1309 3821 1340 3860 (Μ

232 3914 378 4000 piissimo
408 3909 568 3976 intellecta
589 3909 778 3995 perspectis,
802 3917 832 3970 et
863 3929 903 3970 esc
925 3907 1020 3990 pestis
1051 3905 1138 3990 opud
1161 3903 1296 3970 moene
1315 3903 1340 3956 tl

237 4011 436 4073 Eastatlsinm
458 4008 583 4086 habitis,
617 4019 647 4071 et
676 4006 839 4091 exipsius
872 4005 1012 4089 episcopi
1037 4003 1114 4066 ibae
1130 3997 1339 4114 prpssenlltss

232 4108 453 4192 proesentibns
483 4108 655 4170 intentione
688 4105 844 4180 discesso,
871 4111 985 4187 patres
1014 4109 1135 4164 nostros
1165 4101 1199 4164 in
1229 4093 1337 4160 mato-

238 4202 318 4266 donc
340 4203 512 4266 residentes
537 4203 714 4292 justissime
747 4199 953 4264 ortlodonam
985 4198 1121 4288 ejnsdem
1143 4197 1205 4262 oiri
1226 4209 1337 4258 venno·
