2936 4814
247 463 283 518 68
600 467 641 523 De
658 467 725 525 86116
742 469 864 524 Romans
881 465 906 522 S.
925 465 1009 523 Petri.

248 628 335 671 anno
352 611 513 692 assignat.
561 611 625 676 Sed
657 611 711 675 161
735 634 777 674 ex
808 612 877 696 ipso
901 609 964 674 1166
993 631 1102 672 611616
1126 608 1269 692 colliges,
1300 631 1384 672 sen-

247 705 384 768 tentiam
408 705 449 770 de
464 707 563 772 XXV
587 707 1129 794 66616Ε1116661161661161116618.
1151 706 1240 770 Petri
1265 704 1384 790 plane

248 821 455 868 communem
478 805 589 871 161666.

335 901 389 966 44.
413 902 589 968 Testantur
612 904 700 970 idem
725 903 901 987 Catalogus
939 905 1007 970 RR.
1039 903 1237 968 Pontificum
1272 900 1382 982 alter,

248 1000 303 1082 qui
330 999 451 1064 dicitur
484 1001 606 1066 Felicis
638 1002 698 1083 lv,
732 1003 810 1086 quia
833 1003 868 1064 in
899 1001 989 1066 hunc
1011 1000 1206 1068 Pontificem
1230 999 1381 1078 desinit,

247 1117 333 1159 anno
366 1120 432 1162 aer.
465 1121 497 1164 1.
530 1100 597 1164 530
629 1101 760 1182 circiter
792 1100 1005 1184 conscriptus,
1029 1098 1087 1162 ubi
1115 1098 1237 1182 pariter
1262 1095 1380 1160 XXV

247 1195 326 1258 anni
349 1196 438 1260 Petri
463 1198 666 1283 episcopatui
697 1197 897 1277 tribuuntur,
927 1197 1139 1282 reliquaeque
1161 1193 1379 1258 Pontificum

190 1333 196 1345 .
248 1312 333 1375 quae
362 1302 493 1358 exstant
522 1295 632 1360 series.
669 1333 712 1342 -
741 1293 907 1377 Catalogis
937 1317 1014 1359 vero
1044 1293 1208 1357 accedunt
1236 1292 1379 1371 Patres,

246 1410 266 1450 a
290 1389 420 1454 saeculo
452 1391 501 1454 IV
535 1392 651 1457 eadem
685 1393 899 1456 consensione
931 1392 1020 1456 idem
1049 1392 1237 1456 referentes.
1287 1389 1378 1453 Jam
1464 1397 1465 1400 ’

248 1485 393 1550 vidimus
425 1510 464 1552 ea
497 1510 583 1574 quae
615 1489 715 1554 babet
747 1492 782 1552 in
805 1511 862 1554 suo
888 1488 1050 1554 Chronico
1075 1488 1239 1554 Eusebius
1265 1497 1303 1549 et
1330 1508 1378 1548 ex
1464 1545 1465 1556 ,

246 1583 316 1666 ipso
332 1583 566 1670 Hieronymus,
591 1589 647 1672 qui
672 1589 771 1652 etiam
796 1587 922 1652 deVir.
947 1587 992 1653 ill.
1023 1609 1050 1652 e.
1067 1609 1095 1652 c.
1120 1586 1208 1651 idem
1230 1586 1376 1670 repetit.
1464 1663 1465 1666 Ἴ

246 1681 346 1745 Porro
362 1684 489 1748 etiamsi
512 1706 723 1772 supponeres,
748 1686 783 1748 in
798 1683 962 1749 Chronico
986 1684 1068 1750 illud
1082 1684 1182 1748 XXV
1197 1703 1377 1747 annorum

246 1801 315 1842 esse
361 1780 527 1866 adjectum
568 1782 611 1847 ab
642 1783 864 1867 Hieronymo,
902 1791 1029 1865 tamen,
1060 1783 1108 1845 uti
1144 1781 1374 1858 advertimus,
1464 1837 1465 1850 .

245 1899 347 1962 quum
370 1877 535 1945 Eusebius
558 1882 620 1946 iter
643 1882 828 1945 Romanum
850 1881 939 1944 Petri
967 1881 1084 1965 primis
1106 1880 1202 1944 annis
1226 1876 1373 1942 Claudii

245 1978 394 2040 evenisse
418 1987 558 2060 censeat,
583 1989 721 2042 mortem
752 1999 829 2042 vero
853 1977 936 2042 XIV
965 1999 1052 2042 anno
1075 1977 1216 2042 Neronis
1238 1975 1372 2040 adscri—
1427 2035 1431 2042 .

245 2071 310 2154 bat,
335 2077 479 2158 spatium
502 2075 604 2140 XXV
633 2097 795 2140 annorum
826 2075 1000 2160 colligitur.
1052 2075 1202 2163 Prosper,
1234 2072 1371 2138 Cassio-
1464 2145 1465 2166 ,

244 2169 353 2250 dorus,
363 2170 510 2237 Isidorus
534 2171 754 2259 Hispalensis,
779 2173 872 2238 Beda
903 2176 1027 2259 pariter
1049 2176 1084 2238 in
1108 2173 1285 2238 (1111661616
1311 2169 1370 2234 161

244 2265 336 2331 libris
359 2270 427 2332 suis
450 2270 614 2336 historicis
629 2270 748 2336 11166116
763 2280 920 2352 statuunt,
935 2272 1036 2336 XXV
1050 2274 1146 2336 annis
1167 2271 1200 2338 S.
1223 2271 1369 2334 Petrum

244 2365 363 2430 Sedem
397 2367 580 2432 Romanam
613 2369 766 2434 tenuisse.
822 2369 875 2433 Ex
907 2368 1061 2434 Patribus
1100 2391 1178 2434 1616
1211 2368 1368 2453 priorum

243 2463 447 2544 saeculorum
463 2464 571 2530 1161166
586 2469 786 2531 contrarium
802 2465 945 2550 docet¹);
962 2467 1050 2552 1111611
1064 2488 1143 2531 1616
1158 2468 1193 2532 16
1203 2465 1369 2551 operibus
1464 2465 1465 2472 '

243 2561 310 2623 suis
339 2561 429 2626 haud
461 2563 602 2648 positive
634 2564 778 2628 reserant
810 2563 843 2630 S.
876 2564 965 2628 Petri
999 2565 1225 2650 episcopatum
1257 2562 1368 2626 161666

242 2658 342 2722 XXV
375 2681 548 2744 annorum,
581 2683 648 2726 non
681 2671 730 2726 est
761 2663 891 2728 mirum.
947 2661 1074 2747 Scopus
1106 2663 1195 2726 enim
1228 2659 1366 2726 illorum

241 2757 377 2820 Petrum
414 2765 447 2822 61
476 2758 680 2843 Scriptorum
711 2760 767 2845 qui
798 2757 903 2823 tribus
932 2759 1097 2844 prioribus
1126 2757 1266 2824 saeculis
1291 2779 1366 2822 suc-

242 2855 422 2920 cessionem
446 2856 514 2922 RR.
545 2857 744 2921 Pontificum
768 2867 1012 2938 recensuerunt,
1044 2857 1092 2920 611
1121 2857 1273 2920 16661661
1296 2855 1365 2920 Ire

241 2973 359 3034 naeus,
390 2953 629 3037 Tertullianus,
654 2963 768 3018 auctor
792 2955 948 3019 carminis
971 2955 1047 3020 adv.
1078 2955 1305 3034 Marcionitas,
1331 2963 1367 3016 61

242 3048 342 3114 Caius
373 3049 559 3136 presbyter,
593 3060 663 3117 erat
695 3051 901 3135 dogmaticus
933 3061 965 3116 et
987 3051 1176 3138 polemieus,
1200 3049 1365 3116 videlicet

241 3157 278 3209 61
301 3171 340 3210 ec
364 3148 474 3212 ordine
497 3150 700 3214 1116666116πὶ6
713 3149 978 3236 apostolicitatcm
991 3151 1154 3216 doctrinae
1171 3148 1362 3235 probarent.

240 3243 296 3308 Ad
319 3244 382 3310 boc
405 3267 483 3310 1616
507 3268 573 3310 non
597 3247 754 3312 intererat
783 3248 876 3330 66116,
908 3248 1106 3333 quotannis
1129 3245 1251 3331 singuli
1274 3246 1363 3312 Pon·

241 3341 345 3406 1111666
367 3343 508 3408 Romani
532 3343 686 3410 sederint.

328 3441 382 3506 45.
408 3439 583 3506 Caeterum
606 3439 696 3506 baud
721 3441 861 3506 dubium
885 3452 942 3524 est,
968 3443 1190 3507 monumentis
1214 3441 1360 3509 611606-

241 3537 357 3622 talogis
381 3538 511 3604 soeculo
534 3537 583 3602 IV
608 3547 640 3604 61
662 3539 711 3602 VI
736 3539 893 3604 confectis
905 3539 1068 3604 subfuisse
1091 3541 1279 3625 antiquiora
1305 3540 1360 3606 116-

241 3644 405 3700 cumenta.
453 3635 557 3702 Sicuti
582 3638 671 3700 enim
695 3659 737 3700 ex
767 3636 973 3721 sequioribus
997 3636 1200 3724 temporibus
1223 3637 1259 3702 id
1283 3659 1360 3702 con·

241 3741 313 3814 stat,
338 3735 384 3797 ita
409 3733 513 3798 ctiam
526 3734 603 3819 jure
636 3735 885 3820 praesumimus,
918 3734 1083 3820 prioribus
1115 3733 1255 3799 saeculis
1287 3757 1359 3798 suc-

241 3831 402 3894 cessiones
435 3841 468 3894 61
499 3832 598 3896 661166
629 3831 870 3919 Episcoporum
902 3842 934 3895 et
971 3830 1182 3902 documenta,
1201 3854 1285 3918 quae
1319 3855 1357 3896 eo

241 3927 434 4012 spectabant
456 3929 492 3992 in
515 3928 728 3995 ecclesiarum
758 3927 916 3993 archiviis
949 3937 1142 3996 conservata
1174 3929 1284 4010 161666,
1319 3951 1356 3994 eo

240 4023 293 4087 vel
318 4027 432 4109 magis,
463 4026 552 4111 quod
583 4027 646 4092 ista
669 4048 798 4112 semper
829 4027 942 4111 magni
965 4025 1166 4091 haberentur
1187 4029 1356 4092 momenti.

315 4252 336 4324 ²)
354 4250 395 4307 De
411 4251 556 4309 Lactantio
573 4253 686 4310 16161166
703 4269 823 4326 memus.
