2810 4846
238 453 290 508 190
623 451 664 506 De
682 449 799 505 Concilio
816 447 957 517 llphesino.

239 594 409 660 historiam
442 617 507 659 non
540 601 698 676 texemus,
732 615 834 680 quum
867 593 902 658 id
933 593 968 660 in
991 599 1131 658 haeum
1165 588 1208 653 de
1232 587 1338 653 Gratia

238 693 339 759 soleat
361 694 441 758 fieri.
470 729 511 740 -
535 693 688 757 Notanda
704 713 798 778 porro
823 695 915 756 venit
933 693 1076 760 haeresis
1097 692 1244 758 Nestorii
1265 693 1337 778 epis
1389 693 1390 757 l

240 794 312 878 copi
338 790 701 877 Constantinopolitani,
736 793 791 876 qui
817 791 857 855 de
881 791 978 857 modo
1001 797 1136 862 unionis
1161 813 1247 876 quae
1269 794 1337 856 Ver·

238 890 318 954 bum
342 893 427 954 inter
450 899 482 954 et
504 889 682 953 humanam
705 899 857 953 naturam
881 890 1021 974 obtinet,
1045 917 1203 980 perversa
1227 896 1339 961 docuit.
1389 895 1390 950 l

240 988 318 1052 dum
349 988 431 1052 duas
463 987 626 1051 adstruxit
657 1009 726 1051 esse
763 988 798 1050 in
834 986 963 1052 Christo
996 991 1141 1058 Domino
1181 1015 1340 1079 personas.

239 1087 393 1151 Haeresis
426 1088 487 1148 ista
511 1084 666 1149 damnata
698 1085 760 1148 fuit
783 1087 817 1149 in
845 1083 984 1152 Concilio
1008 1089 1179 1176 spismae,
1203 1111 1340 1155 oecume·
1389 1097 1390 1172 l

239 1187 313 1250 nico
336 1184 388 1248 ΙΠ
412 1183 455 1271 (a.
478 1182 567 1268 431).
592 1222 635 1230 —
658 1183 724 1249 Sed
738 1183 832 1248 brevi
855 1185 997 1270 poetalii
1022 1209 1147 1254 errores
1164 1189 1340 1253 Ecclesiam
1389 1175 1390 1230 l

238 1282 480 1368 perturbarunt.
526 1281 678 1368 Eutyches
709 1278 873 1365 videlicet,
906 1284 1078 1369 presbyter
1109 1296 1143 1352 et
1166 1286 1341 1351 archiman-

240 1380 326 1444 drita
342 1401 399 1444 scu
414 1379 516 1443 abbas
541 1377 743 1442 celeberrimi
758 1383 948 1444 monasterii
960 1380 1093 1466 CPtani,
1110 1407 1217 1470 quum
1228 1383 1341 1448 Christi

240 1479 399 1541 unitatem
424 1485 537 1540 contra
560 1475 770 1540 Nestorianos
795 1477 970 1542 defendere
994 1479 1101 1562 vellet,
1126 1483 1163 1545 in
1188 1482 1341 1546 haeresim

242 1577 425 1661 oppositam
448 1595 514 1638 non
538 1575 646 1638 minus
660 1573 877 1658 periculosam
893 1574 1003 1661 lapsus
1027 1588 1084 1643 est.
1118 1579 1255 1660 Docuit,
1279 1592 1343 1664 post

241 1674 397 1737 unionem
421 1695 477 1736 seu
501 1672 760 1736 incarnationem
790 1695 890 1738 unam
913 1683 1042 1738 tantum
1066 1678 1100 1740 in
1125 1677 1259 1743 Christo
1281 1697 1341 1741 esse

240 1780 402 1852 naturam,
426 1769 513 1834 unde
538 1779 570 1832 et
596 1771 869 1856 Menophysitismi
891 1793 1010 1836 nomen
1033 1773 1227 1860 hujusmodi
1251 1776 1341 1839 errori

240 1870 354 1935 datum
387 1877 446 1933 est.
493 1867 615 1932 Contra
647 1868 733 1932 hanc
765 1869 926 1934 haeresim
959 1873 1103 1936 maxime
1137 1873 1172 1938 S.
1208 1876 1269 1939 Leo
1300 1873 1339 1937 ll.

240 1968 411 2053 pugnavit,
437 1966 617 2052 eademque
640 1968 674 2030 in
692 1964 830 2032 Concilio
850 1955 1093 2033 Chalcedoaeasi
1116 1969 1162 2056 (a.
1177 1969 1258 2056 451)
1280 1991 1342 2055 pro·

241 2066 354 2150 fligata
376 2073 433 2128 est.
467 2102 510 2110 —
540 2063 606 2130 Sed
629 2067 869 2130 controversiae
892 2075 990 2152 atque
1014 2089 1137 2133 errores
1163 2070 1207 2135 de
1231 2067 1341 2134 Christi

240 2184 380 2249 persona
418 2163 552 2248 ejusque
593 2164 719 2228 naturis
751 2165 850 2227 etiam
887 2177 961 2249 post
992 2165 1074 2230 haec
1111 2189 1180 2232 non
1215 2169 1341 2252 exiguas

239 2260 353 2327 turbas
378 2271 409 2324 et
432 2260 642 2325 difficultates
666 2261 700 2324 in
723 2260 873 2325 Ecclesia
905 2264 1100 2347 excitarunt,
1125 2265 1341 2350 celebricmue

242 2371 290 2426 est
312 2361 458 2444 quaestio
482 2359 538 2422 illa
561 2358 602 2422 de
627 2359 725 2423 tribua
751 2358 916 2446 Capitalia,
941 2360 1104 2446 adquam
1129 2361 1338 2426 dirimendam

246 2455 416 2521 Concilium
449 2459 672 2520 oecumenicam
700 2457 731 2520 V
749 2455 1030 2543 Constantinopoli
1064 2481 1083 2522 a
1110 2461 1178 2525 553
1203 2460 1337 2525 habitum

242 2565 300 2620 est.
349 2555 470 2635 Quales
502 2575 580 2618 vero
620 2553 730 2638 Viyilii
760 2555 928 2620 Pontificis
965 2558 1000 2620 in
1033 2558 1093 2620 ista
1127 2559 1337 2623 controversia

241 2655 364 2719 fuerint
386 2663 504 2738 partes,
530 2650 719 2736 diligentins
743 2653 929 2738 expendere
953 2655 1124 2739 oportebit.
1148 2695 1195 2704 —
1219 2655 1337 2720 Succes-

242 2753 283 2816 sit
324 2751 401 2816 dein
436 2752 571 2814 ineunte
613 2750 741 2814 saeculo
780 2749 846 2814 VII
877 2750 1022 2816 haeresis
1060 2753 1337 2821 Monothelctomm

242 2851 298 2935 qui
328 2848 406 2913 licet
437 2847 634 2912 verbotenus
667 2847 780 2912 saltem
805 2847 1035 2932 concederent,
1060 2849 1229 2936 duplicem
1251 2851 1337 2914 fnisse

242 2951 276 3013 in
290 2946 418 3011 Christo
443 2947 603 3026 naturam,
628 2945 777 3010 divinam
800 2955 898 3031 atque
922 2945 1111 3029 humanam,
1136 2949 1337 3014 nihilominus

242 3067 342 3110 unam
366 3055 493 3108 tantum
518 3043 759 3108 contendebant
790 3044 890 3107 inisse
920 3045 955 3108 in
978 3045 1121 3110 Domino
1146 3047 1336 3112 voluntatem
1389 3023 1390 3110 l

242 3153 274 3208 et
306 3144 537 3229 operationem.
583 3141 722 3205 Maximi
755 3151 865 3205 autem
896 3145 1054 3206 momenti
1086 3139 1148 3208 hac
1183 3147 1216 3209 in
1246 3165 1278 3206 re
1298 3149 1336 3203 est

243 3242 390 3329 quaestio
414 3239 550 3304 celebris
575 3239 616 3304 de
636 3241 776 3303 Honorio
801 3242 841 3305 R.
862 3241 897 3304 P.
922 3239 1057 3326 ejusque
1080 3243 1202 3326 agendi
1225 3243 1336 3306 ratione

243 3339 352 3427 quoad
375 3335 621 3418 Monotheletas,
655 3359 782 3402 necnon
816 3339 963 3423 quaestio
987 3337 1029 3402 de
1056 3337 1196 3406 Concilio
1220 3361 1336 3404 eamme

243 3439 312 3502 nico
344 3437 394 3519 Vl,
419 3458 482 3522 quo
513 3435 556 3522 (a.
590 3433 669 3521 680)
693 3435 988 3501 Monotheletarum
1015 3437 1160 3502 haeresis
1184 3459 1257 3502 curn
1280 3435 1335 3498 suis

243 3535 431 3600 auctoribus
454 3543 486 3597 et
508 3533 690 3598 fautoribus
713 3536 894 3620 proscripta
917 3545 975 3600 est.
1010 3573 1054 3582 -
1086 3535 1246 3600 Haereses
1268 3537 1335 3598 istae

243 3634 376 3697 fuerunt
405 3634 611 3718 praecipuae,
640 3653 724 3717 quae
749 3634 930 3718 antiquitus
957 3633 1065 3718 quoad
1085 3632 1333 3698 Incarnationem

244 3731 346 3795 Verbi
380 3741 412 3795 et
444 3732 708 3816 conjunctionem
741 3730 881 3794 duarum
905 3741 1095 3795 naturarum
1125 3733 1160 3796 in
1187 3753 1252 3795 una
1277 3751 1334 3814 per·

245 3851 324 3894 sona
339 3828 469 3911 Christi,
484 3837 615 3892 exortae
639 3837 723 3892 sunt.
760 3828 922 3892 Remanet
939 3839 1049 3892 tamen
1066 3824 1334 3893 commemoranda

245 3926 388 3991 haeresis
399 3926 637 4014 Adoptiaoiami
648 3927 705 4012 qui
715 3925 973 3990 Nestorianismo
985 3927 1095 3991 affinis
1108 3937 1166 3992 est.
1181 3928 1260 4014 Ejus
1269 3945 1332 3988 sur·

246 4035 331 4089 tores
346 4026 439 4089 initio
456 4024 577 4090 saeculi
597 4026 675 4088 noni
694 4024 828 4087 fuerunt
841 4023 938 4088 Felix
952 4027 1123 4111 episcopus
1140 4024 1334 4111 Urgelitanos

246 4121 470 4207 ctElipandus
487 4120 752 4208 archiepiscopus
764 4122 952 4188 Toletanus.
984 4123 1183 4188 Asserebant
1194 4119 1333 4186 videlicet

246 4219 326 4304 ipsi:
353 4221 389 4282 1⁰
416 4218 582 4284 Christum
613 4220 780 4284 hominem
812 4243 882 4284 esse
905 4220 1027 4284 Filium
1050 4221 1114 4284 Dei
1146 4219 1331 4306 adoptivum.
