2836 4804
227 432 280 486 aot
582 431 622 485 De
641 429 758 485 Concilio
778 429 993 486 chalcedonensi.

228 574 391 638 tissimum
416 583 448 638 et
471 572 752 658 religiosissimum
767 573 907 638 Paulum
931 574 1131 640 Emesenum
1155 577 1343 660 episcopum

229 669 363 752 direxit,
389 694 447 758 per
470 693 545 735 eum
569 695 683 736 veram
716 672 816 736 fidem
847 671 995 736 scribens
1026 681 1059 736 et
1082 672 1283 738 denuntians
1306 675 1343 746 ei,

227 770 356 854 quiesi
381 769 459 832 huic
482 769 560 834 fidei
593 768 736 853 Cyrillus
768 771 968 834 consentiret
995 781 1028 834 et
1050 769 1343 836 anathematizaret

229 886 284 928 eos
309 867 364 951 qui
391 865 522 930 dicunt:
563 867 651 948 Quia
675 869 834 932 diviuitas
856 890 954 953 passa
977 877 1044 948 est;
1078 870 1192 954 etqui
1217 869 1343 932 dicunt:

230 961 317 1044 Quia
341 987 407 1028 una
430 975 549 1029 notura
572 976 621 1030 est
644 966 830 1030 divinitatis
846 975 879 1030 ct
898 964 1125 1046 humanitatis,
1151 977 1189 1030 ut
1212 967 1242 1030 ei
1265 987 1342 1028 com·

228 1063 422 1126 manicaret.
453 1062 568 1127 Voluit
590 1074 701 1128 autem
718 1064 884 1128 Dominus
898 1064 955 1149 qui
980 1085 1110 1148 semper
1133 1087 1215 1128 suae
1238 1084 1343 1126 curam

228 1160 314 1242 gerit
338 1158 517 1242 Ecclesiae,
543 1184 643 1247 quom
667 1163 828 1246 sanguine
845 1183 903 1226 suo
928 1163 1059 1246 proprio
1084 1161 1236 1243 redemit,
1260 1171 1295 1225 ut
1313 1169 1342 1224 ct

229 1277 285 1319 cor
307 1257 467 1342 Aegyptii
492 1258 674 1344 subigeret,
708 1269 741 1324 et
771 1281 885 1324 omncs
918 1260 974 1345 qui
1010 1258 1136 1344 absque
1159 1259 1225 1324 hac
1248 1257 1343 1346 (ἐκτὸς

227 1353 358 1440 ταύτης)
391 1355 563 1420 crederent
595 1357 900 1422 anathematizaret.
948 1357 992 1422 Et
1026 1356 1342 1422 communicantibus

230 1453 374 1516 invicem
399 1456 565 1518 contentio
591 1455 757 1520 demedio
776 1466 826 1520 est
848 1454 969 1536 ablata,
994 1465 1027 1518 et
1050 1476 1118 1539 pax
1141 1456 1177 1518 in
1202 1453 1343 1518 Ecclesia

229 1551 316 1614 factu
340 1559 404 1632 est;
438 1563 470 1614 et
503 1574 568 1617 non
601 1555 706 1618 estin
740 1575 779 1618 ea
806 1553 879 1638 jam
902 1552 1056 1635 schisma,
1082 1552 1140 1618 sed
1164 1575 1242 1637 pax,
1266 1553 1342 1615 sicut

231 1648 357 1732 pridem
381 1650 453 1714 fuit.
503 1649 597 1730 Quae
620 1661 730 1715 autem
752 1648 855 1714 verba
878 1661 965 1732 sunt,
990 1671 1075 1735 quae
1098 1673 1118 1712 a
1141 1651 1341 1714 sanctissimo

230 1756 262 1808 ct
273 1745 344 1810 Deo
356 1749 581 1813 amantissimo
593 1749 841 1834 archiepiscopo
852 1748 873 1814 J
876 1771 982 1812 oenus
993 1750 1115 1833 scripta
1125 1759 1214 1827 sunt,
1228 1759 1341 1832 etquae

229 1868 249 1908 a
262 1843 385 1929 Cyrillo
399 1848 557 1931 rescripta
569 1849 722 1932 suscepit,
731 1849 820 1932 ipses
830 1845 1080 1932 epistolashuic,
1092 1869 1194 1932 quam
1207 1845 1250 1910 ad
1261 1855 1340 1906 ιιιιιιιι

230 1941 337 2006 direxi
354 1942 613 2028 religiositatem,
631 1945 804 2030 conjunxi,
832 1953 868 2008 ut
882 1945 1031 2028 relegens
1048 1955 1106 2008 tua
1122 1946 1280 2008 sanctitas
1294 1963 1340 2022 ag·
1398 1985 1399 2000 2

231 2052 353 2122 noscat,
368 2052 400 2106 et
412 2041 566 2106 omnibus
584 2042 774 2107 amantibus
796 2063 914 2128 pacem
927 2043 1111 2124 denuntiet,
1124 2043 1207 2128 quia
1222 2049 1339 2104 conten-
1398 2055 1399 2106 ἰ

230 2140 275 2202 tio
295 2140 366 2226 jorn
400 2141 528 2226 quievit
559 2151 590 2204 et
623 2139 751 2204 medius
783 2141 979 2204 inimicitiae
1006 2141 1115 2225 parics
1138 2151 1191 2203 est
1213 2137 1339 2214 ablatus.
1398 2127 1399 2134 ἵ

231 2239 341 2322 etqui
367 2237 540 2302 seditiosus
572 2239 733 2303 adversus
770 2239 867 2302 vivos
901 2247 933 2300 et
960 2246 1106 2302 mortuos
1129 2237 1290 2300 irruerant
1311 2236 1338 2296 io
1398 2297 1399 2302 ,

231 2335 423 2400 confusione
446 2347 531 2418 sunt,
557 2337 795 2400 satisfacientes
818 2357 876 2422 pro
906 2337 974 2398 suis
998 2333 1199 2414 excessibus,
1223 2344 1255 2398 et
1275 2353 1337 2395 con·
1398 2377 1399 2388 .

231 2434 331 2496 traria
346 2431 500 2508 docentes
517 2457 596 2498 suae
619 2435 721 2520 priori
746 2433 925 2500 doctrinae.
972 2433 1046 2496 Non
1070 2433 1158 2496 euim
1177 2434 1336 2518 quisquam

231 2530 331 2595 audet
355 2531 481 2594 dicere:
507 2530 595 2612 Quia
619 2555 686 2596 una
717 2543 765 2596 est
795 2541 913 2596 natura
937 2531 1123 2594 divinitatis
1147 2539 1182 2593 et
1205 2525 1335 2594 hnmani·

232 2631 316 2709 tatis,
341 2629 398 2694 eod
424 2630 621 2694 confitentur
643 2633 678 2694 in
701 2629 863 2714 templum
893 2631 983 2692 etin
1008 2649 1045 2691 eo
1070 2628 1186 2712 quiin
1212 2626 1271 2690 hoc
1292 2621 1336 2684 ha

232 2727 280 2790 bit
267 2737 323 2808 ιιιι,
349 2729 403 2812 qui
439 2738 486 2790 est
518 2751 604 2792 unus
637 2727 723 2792 tilius
746 2728 845 2793 Jesus
869 2725 1020 2790 Christus
1050 2724 1114 2812 (καὶ
1140 2747 1158 2784 ιι
1148 2721 1336 2806 ιιιλιιγοιιιιι

231 2820 277 2901 εἰς
303 2821 359 2888 ιῦιι
383 2823 458 2887 andr
481 2823 532 2888 καὶ
557 2819 603 2902 εἰς
625 2849 683 2888 cor
706 2850 740 2888 ιι
763 2822 847 2888 «ico
881 2821 1079 2904 ἐνοικοῦντα,
1104 2813 1336 2884 circuiendis

232 2927 346 3010 Ιισιιῐι
369 2921 536 3009 Apronii).
584 2924 677 2988 Haec
701 2946 743 2986 au
746 2933 810 2986 tem
843 2923 958 3006 scripsi
983 2931 1059 2984 tuae
1083 2917 1281 3002 religiositati
1301 2934 1334 2976 cs

233 3043 351 3104 magno
376 3023 496 3085 affectu
521 3043 620 3108 quem
644 3024 732 3086 cirea
755 3030 787 3084 te
804 3019 922 3099 habco,
947 3020 1054 3083 sciens
1078 3019 1157 3102 quia
1181 3029 1237 3080 tua
1259 3033 1335 3076 sanc·

232 3119 308 3181 titas
331 3129 426 3182 nocte
451 3129 482 3182 ct
506 3119 559 3184 die
583 3121 618 3183 in
642 3119 792 3184 doctrina
815 3119 880 3182 Dei
913 3118 1126 3201 semetipsum
1151 3123 1286 3179 exercet.
1306 3117 1333 3168 ul

234 3215 344 3280 multis
368 3219 410 3280 sit
434 3215 586 3304 utilis“¹).

137 3347 150 3374 ι
176 3345 189 3372 ι
207 3347 223 3372 t·
326 3316 353 3378 l.
379 3314 444 3378 Hic
468 3317 570 3399 igitur
593 3315 670 3380 lbas
694 3325 766 3400 post
790 3323 929 3378 mortem
943 3311 1091 3376 Robulac
1115 3335 1145 3376 a.
1171 3311 1234 3376 435
1257 3325 1332 3370 errat·

158 3423 165 3436 '
234 3425 286 3478 tus
311 3415 417 3478 estin
450 3414 563 3478 sedem
586 3415 801 3493 Edessenam,
836 3412 893 3476 sed
916 3410 1086 3496 aliquanto
1110 3419 1184 3494 post
1208 3419 1332 3488 tempore

234 3535 253 3576 a
278 3523 419 3624 quatuor
450 3511 577 3576 clericis
610 3523 658 3576 est
691 3521 825 3576 accusat
827 3533 875 3592 us,
900 3507 988 3594 quod
1012 3506 1180 3572 Theodori
1205 3505 1331 3586 Mopsus
1398 3537 1399 3576 5

234 3611 317 3676 steni
341 3611 442 3696 script
444 3633 463 3672 a
430 3619 519 3674 tct
542 3610 708 3674 doctrinas
732 3619 938 3694 propagaret.
984 3607 1065 3670 lboe
1088 3627 1189 3668 cause
1210 3603 1331 3688 primun

233 3717 373 3773 tractata
397 3717 445 3772 cst
468 3731 510 3772 ex
532 3709 735 3794 praescripto
759 3727 924 3770 canonum
949 3703 1039 3790 apud
1063 3703 1231 3766 Domuum
1251 3693 1331 3782 panl·
1398 3761 1399 3766 ,

233 3806 368 3872 archam
392 3805 654 3917 Antiochenum3
688 3804 746 3868 sed
774 3825 876 3890 quum
910 3811 1118 3866 accusatores
1148 3793 1332 3862 animadver-
1398 3839 1399 3844 ,

234 3915 348 3982 terent,
374 3904 500 3966 exitum
523 3905 604 3990 ipsis
628 3905 738 3967 miuus
761 3902 942 3987 propitium
966 3900 1045 3970 f.0re
1070 3919 1143 3962 eam
1167 3893 1331 3961 ‹lctulorunt

235 3999 564 4149 Constantinopolim.
625 4000 742 4086 Adjuti
784 3999 826 4064 ab
868 3999 935 4062 Eut
922 3995 1055 4082 tychete
1095 3985 1330 4060 archimandrita
1398 4069 1399 4074 η

314 4223 330 4292 ¹)
351 4224 460 4278 collect.
481 4221 559 4276 donc.
581 4221 698 4276 Lalrbaei
720 4227 784 4274 tom.
805 4221 851 4276 lV.
873 4219 922 4274 col.
941 4217 1001 4272 661.
