2876 4814
468 481 534 551 Quis
551 482 635 538 tuerit
651 483 779 540 Praxm
1059 557 1064 566 ¹
1128 487 1182 541 ru

82 647 194 692 nomen.
240 627 329 694 Sunt
351 629 451 713 igitur
480 630 537 716 qui
561 629 761 712 existimmt
784 629 948 694 Praxeam
978 653 1049 695 esse
1071 633 1181 718 ipsum

81 725 245 810 effluam,
279 748 424 813 cumque
455 726 519 792 hac
542 725 762 814 appellatione
784 728 933 793 Praxeae
960 727 1181 816 (negotiorum

80 823 196 912 aeteus)
218 849 279 912 per
301 825 484 892 ludibrium
508 825 685 910 designari,
709 847 747 890 eo
771 827 859 912 quod
883 826 998 892 sedula
1021 850 1081 891 sua
1103 830 1181 893 acti·

80 925 167 986 vitate
177 922 336 988 Callistus
360 925 395 988 in
410 925 511 988 variis
526 925 667 1008 negotiis
680 923 821 989 feliciter
842 935 874 989 et
897 923 1072 990 infeliciter
1093 925 1181 991 labo·

80 1023 193 1086 raverit.
250 1021 351 1086 Hanc
384 1025 580 1086 senteutiam
612 1024 804 1108 praesertim
837 1023 1036 1108 Hagemann
1069 1023 1182 1089 multis

79 1119 227 1206 evolvit¹).
274 1119 348 1184 Alii
380 1142 470 1202 vero,
504 1121 552 1184 uti
585 1119 625 1186 cl.
658 1120 710 1184 De
742 1121 847 1204 Bassi,
880 1123 1081 1205 existimant,
1104 1123 1181 1188 Pra-
1285 1129 1286 1134 ’

80 1239 160 1282 ream
196 1241 268 1282 esse
309 1219 510 1305 Epigonum.
566 1219 632 1283 Hic
664 1221 753 1283 enim
786 1219 969 1284 secundum
1000 1220 1180 1286 Auctorem

80 1315 411 1403 Philosophoumenon
443 1315 628 1381 docuinam
658 1317 756 1382 Noe'ti
789 1339 832 1382 ex
863 1317 946 1383 Asia
974 1319 1112 1384 Romam
1136 1329 1182 1384 at-

80 1414 156 1497 mlit3
188 1415 278 1480 idem
304 1437 384 1479 vero
416 1438 436 1479 a
459 1415 662 1480 Tertulliano
685 1416 833 1480 Praxeae
860 1402 1070 1484 adscribitur.
1115 1417 1181 1482 Iste

79 1515 151 1576 anim
182 1525 232 1579 est
261 1536 380 1578 sensus
410 1512 529 1577 obvius
558 1523 591 1578 et
618 1513 768 1580 litteralis
795 1514 992 1580 verborum:
1037 1517 1183 1582 Proreus

75 1613 183 1696 pinus
213 1635 255 1676 er
288 1612 373 1677 Asia
403 1613 458 1675 lece
488 1633 585 1699 peusis
601 1614 824 1698 perversitatis
850 1613 960 1678 intulit
982 1615 1120 1694 Romae;
1142 1637 1183 1680 ac

79 1712 194 1775 nonnisi
218 1709 385 1776 violenter
407 1708 489 1775 haec
512 1709 556 1774 ad
580 1708 753 1776 Callistum
776 1711 971 1778 referuntur.
1008 1712 1181 1778 Praeterea

81 1807 214 1894 Epigono
248 1809 309 1896 qui
342 1830 386 1871 ex
409 1807 490 1872 Asia
522 1809 615 1872 venit
637 1811 737 1874 ctiam
760 1818 836 1896 apte
859 1809 1067 1892 adscribitur,
1092 1810 1181 1897 quod
1276 1880 1279 1889 ,

79 1905 334 1972 dellontanistis
356 1905 456 1970 Asiae
479 1905 706 1992 Zephyrinum
729 1910 937 1991 instrumerit3
961 1908 996 1973 id
1019 1909 1181 1972 aPraxea

79 2003 186 2069 lactum
218 2003 447 2070 Tertullianus
479 2003 585 2070 docet.
637 2004 678 2068 In
709 2003 882 2071 Callistum
914 2028 982 2072 non
1015 2008 1181 2088 convenit,

79 2101 153 2185 quod
174 2112 309 2168 tantum
340 2102 441 2167 breve
465 2105 606 2168 carceris
638 2102 783 2168 taedium
808 2127 925 2191 passus
946 2106 1005 2186 sit;
1050 2103 1094 2169 ad
1117 2126 1182 2170 mc·

79 2199 143 2264 ulla
168 2203 259 2267 enim
295 2200 471 2266 damnatus
502 2200 574 2267 fuit.
621 2201 769 2288 Utraque
801 2211 911 2266 autem
933 2224 1040 2288 poena
1063 2225 1083 2266 a
1105 2203 1181 2268 Ter-

80 2297 198 2364 tulliano
231 2301 386 2386 apprime
409 2299 633 2384 distinguitur,
665 2301 714 2365 uti
737 2309 829 2386 patet
860 2300 996 2386 exejus
1019 2300 1061 2366 de
1084 2301 1181 2366 Pudi-

80 2397 145 2460 citia
171 2397 257 2462 libro
293 2419 321 2463 c.
346 2396 459 2479 XXII,
493 2397 551 2462 ubi
582 2398 692 2462 furore
716 2399 847 2463 sectarii
874 2397 1030 2484 abreptus
1053 2398 1183 2464 invehit

81 2495 107 2556 in
129 2493 324 2576 Catholicos,
357 2516 398 2559 ae
430 2497 457 2559 si
490 2495 580 2582 apud
613 2498 701 2582 ipsos
733 2505 894 2580 martyres
927 2496 995 2562 licti
1020 2505 1052 2560 et
1075 2499 1182 2582 iniqui

79 2587 240 2658 luxuriosis
264 2591 441 2658 redderent
463 2615 590 2680 pacem.
625 2593 670 2658 At
694 2603 737 2672 tu,
761 2595 879 2680 inquit,
895 2599 968 2684 jam
991 2606 1021 2657 et
1043 2596 1078 2660 ia
1100 2618 1182 2658 mar-

81 2699 149 2773 tyres
177 2703 247 2756 tuos
279 2689 416 2778 effundis
446 2692 527 2756 tanc
544 2701 733 2777 potestatem
739 2715 751 2771 ,·
773 2702 809 2756 ut
837 2694 964 2778 quisque
995 2715 1034 2756 ec
1057 2714 1182 2757 cerasen-

80 2787 152 2850 a‘ose
173 2789 302 2854 macule
324 2789 431 2854 induit
453 2789 553 2854 oddae
571 2789 692 2867 mollia,
716 2791 751 2854 ia
773 2811 851 2854 aeuo
875 2790 1035 2854 uestcdiae
1057 2792 1182 2854 nomiae

80 2888 172 2949 uuam
194 2887 338 2951 arabiaut
360 2888 484 2966 mccclii,
509 2888 616 2952 statim
632 2887 750 2952 adeant
764 2887 981 2974 fornicatores
1005 2937 1012 2951 .
1038 2935 1045 2951 .
1072 2935 1079 2952 .
1111 2887 1181 2952 Vio-

80 2979 174 3047 aare
200 2988 266 3050 oiri
295 3009 333 3050 oe
354 2985 500 3072 feminae
529 2987 565 3050 iu
588 2985 722 3050 tambeis
739 2985 840 3072 pleae
871 3009 910 3050 eae
932 3009 991 3050 aaa
1014 2985 1182 3050 libidinum

81 3083 160 3160 notia,
189 3097 220 3148 et
243 3107 357 3170 pacem
390 3083 430 3147 ab
457 3084 505 3147 aa
527 3094 691 3170 quaeritat,
721 3085 775 3170 qai
798 3083 836 3148 de
866 3107 925 3148 aaa
944 3083 1179 3170 periclitaretur.

81 3177 139 3241 Alii
164 3181 207 3246 od
233 3181 364 3246 natata
393 3181 592 3268 coafiiqiaat,
623 3192 652 3246 et
680 3182 755 3246 iude
786 3184 1060 3247 communicatores
1080 3205 1180 3248 rerer-

81 3285 202 3359 aurea·
223 3279 279 3344 ati
299 3285 372 3370 jam
401 3279 494 3344 aliud
520 3281 706 3366 rsurtyrium
737 3282 945 3344 necessariam
974 3291 1020 3344 eet
1057 3280 1182 3346 delictis

77 3387 140 3456 port
170 3380 353 3464 mamyriaai
383 3379 482 3442 noeis.
528 3377 643 3463 Neque
676 3399 715 3442 ea
738 3400 822 3464 quae
855 3377 937 3442 dicit
958 3377 1181 3443 Tertullianus

80 3469 114 3534 de
143 3477 341 3560 professione
374 3476 470 3558 fidei,
510 3498 609 3562 quam
642 3477 787 3542 Praxeas
824 3497 970 3540 errorum
1007 3486 1181 3541 accusatus

80 3571 197 3658 scriptis
241 3584 278 3637 ut
323 3596 358 3639 se
405 3584 561 3660 purgaret
596 3573 753 3656 tradidit,
800 3583 875 3660 apte
904 3572 1038 3640 Callisto
1079 3573 1180 3638 tribui

81 3683 212 3750 possum
287 3671 422 3737 Etenim
484 3671 612 3738 Auctor
666 3671 1031 3757 Philosophoumcnon‚
1089 3681 1180 3737 tanto
1285 3725 1287 3730 s

80 3765 184 3833 nidore
214 3769 390 3836 Callistum
431 3771 617 3852 insectans,
650 3768 749 3856 hujus
785 3771 833 3833 rei
865 3770 1011 3855 profecto
1045 3772 1180 3834 mentio-

84 3925 275 3940 ⁸¹⁸-——--

147 4023 165 4080 'l
181 4023 229 4079 Die
248 4027 324 4079 Rem.
355 4025 454 4079 Kirche
482 4025 517 4079 Il.
540 4029 581 4079 13.
602 4026 691 4080 Facile
719 4027 801 4090 vides,
829 4027 898 4080 hanc
926 4028 1109 4094 quaestionem
1128 4045 1182 4083 nou

83 4099 172 4157 moini
196 4120 253 4160 esse
280 4106 416 4162 momenti.
436 4107 546 4162 Etenim
573 4107 598 4160 si
615 4108 735 4162 Praxeas
754 4113 797 4160 est
819 4107 876 4174 ipsc
894 4108 1032 4173 Callistus,
1051 4107 1181 4175 sequitur,

82 4177 226 4240 Tauium
250 4186 483 4254 impugnationem
510 4193 589 4240 caute
617 4185 813 4255 suscipiendam
840 4193 869 4242 et
895 4188 986 4258 potius
1014 4188 1100 4262 ipsius
1118 4189 1181 4252 Ter·

82 4259 179 4318 ulfini
194 4265 333 4335 opiniones
350 4271 489 4336 suspectas
506 4281 572 4324 esso.
836 4306 841 4318 x
