2874 4812
219 451 273 509 s1o
602 467 603 472 Ν
655 443 696 506 os
713 451 738 505 s
758 444 900 520 omnine.

218 599 309 662 dedit
331 597 374 661 ad
399 595 614 680 Cyprianum,
639 617 704 680 qus
732 594 1030 678 videturpctiisse,
1054 603 1092 655 ut
1115 595 1186 678 ipse
1211 595 1352 657 insisto·

217 705 267 760 ret
298 694 387 779 apud
421 693 627 778 Stephanum
659 692 702 756 ad
739 693 909 776 negotium
941 690 1024 754 illud
1056 690 1351 776 componendum.

218 793 403 871 Faustinus,
428 791 542 854 scribit
570 790 603 855 S.
638 788 825 874 Cyprianus
857 787 900 852 sd
934 787 1140 872 Stephanum
1173 787 1242 875 (ep.
1276 787 1351 874 68),

218 890 337 977 collepa
367 901 473 952 noster
496 888 644 974 Dupduni
676 889 867 965 coassistens,
890 886 1001 971 frater
1031 887 1212 964 carissime,
1250 885 1354 950 semei

218 999 309 1074 atque
333 989 444 1050 iterum
472 987 546 1049 milri
578 986 714 1070 scripsit,
748 984 929 1070 sipniyicans
960 1007 999 1045 ea
1021 1005 1100 1068 miae
1133 987 1232 1048 etiam
1256 984 1352 1048 uobis

218 1087 408 1170 reiectique
438 1086 597 1162 nuntiata,
623 1095 687 1146 tam
710 1083 749 1146 ab
774 1105 807 1145 eo
831 1103 924 1167 mam
948 1103 969 1144 a
992 1083 1124 1145 caeterm
1147 1083 1353 1168 co'episcopis

219 1184 336 1246 nostris
367 1184 402 1244 in
435 1181 543 1244 eadem
561 1181 731 1266 prouincia
763 1176 1000 1266 (Narbonensi)
1033 1179 1223 1256 comanus,
1262 1179 1353 1264 qssod

223 1280 405 1342 Marcianus
426 1278 555 1342 Arelate
583 1280 754 1341 cmmistens
779 1276 962 1340 Nouatiano
986 1297 1051 1339 sese
1074 1278 1296 1364 conjunxerit,
1322 1287 1353 1338 et

218 1400 257 1440 ec
287 1375 456 1439 catholicae
479 1374 639 1438 Ecclesiae
670 1373 793 1437 imitate
826 1384 918 1458 atque
950 1397 972 1436 a
1003 1374 1145 1458 corporis
1175 1375 1289 1437 nostri
1322 1385 1353 1435 et

218 1471 387 1537 sacerdotii
405 1473 605 1536 consensione
625 1472 812 1548 discesserit,
830 1481 937 1534 tenens
959 1471 1134 1534 haereticae
1152 1493 1352 1557 praesump-

219 1572 315 1633 tionis
338 1569 539 1632 durissimam
556 1570 765 1654 pravitatem,
790 1579 824 1630 ut
848 1568 945 1630 seruis
968 1565 1032 1629 Dei
1049 1567 1298 1651 poenitentibus
1322 1581 1353 1630 et

219 1665 395 1730 dolentibus
417 1679 447 1730 et
470 1665 643 1729 Ecclesiam
666 1665 814 1750 lacrymis
837 1675 867 1726 et
888 1664 1004 1750 pemitu
1027 1673 1057 1725 et
1078 1663 1187 1726 dolare
1205 1665 1352 1750 pulsan·

220 1765 301 1827 tibus
324 1764 451 1827 divinae
469 1765 605 1850 pietatis
638 1774 668 1826 et
700 1761 842 1826 lenitatis
860 1771 1017 1847 paternae
1046 1759 1165 1824 solatia
1187 1773 1221 1826 et
1246 1761 1352 1826 susbsi-

219 1861 276 1923 dia
299 1861 499 1942 claudantur,
524 1883 579 1923 nec
604 1860 646 1923 ad
670 1860 816 1945 fouenda
844 1858 978 1922 onlnem
1000 1857 1214 1923 admittantur
1237 1859 1351 1924 aulne-

218 1960 293 2037 rati,
317 1960 372 2021 sed
395 1960 461 2022 sine
486 1980 539 2043 spe
557 1959 652 2042 pacis
680 1968 710 2020 et
741 1956 1031 2020 communicationis
1058 1955 1162 2020 relicti
1183 1959 1232 2020 ad
1256 1959 1352 2046 lupo·

218 2077 288 2117 rum
322 2057 472 2140 rapinam
509 2067 538 2118 et
569 2054 728 2139 praedam
764 2053 887 2117 diaboli
913 2055 1137 2142 projicientem.
1198 2053 1265 2120 Cas·
1303 2060 1355 2120 rei

219 2163 359 2216 nostum
382 2164 428 2216 est
451 2151 609 2215 considere
639 2161 670 2214 'et
692 2151 864 2230 subuenire,
880 2151 992 2236 frater
1021 2152 1191 2229 consume,
1217 2157 1278 2238 qui
1302 2155 1351 2217 di·

219 2250 327 2312 cinam
350 2249 543 2312 clausentiam
566 2250 738 2333 copitantes
762 2259 792 2311 et
813 2247 1036 2334 puber-naudus
1050 2245 1211 2312 Ecclesiae
1228 2250 1350 2316 libam

220 2358 366 2426 tenentes,
400 2349 445 2408 sic
477 2369 639 2409 muneram
674 2345 792 2430 siparis
822 2344 1044 2430 peccatoribus
1075 2345 1278 2428 ecbibemus,
1314 2363 1350 2412 ut

220 2456 323 2507 temen
355 2443 456 2528 lapsis
488 2444 644 2528 stipendis
676 2453 706 2506 et
738 2443 889 2506 curandis
919 2442 1095 2506 vulneratis
1127 2443 1286 2511 bortitatis
1320 2459 1350 2512 et

218 2541 453 2604 misericordiae
468 2541 594 2603 divinae
618 2540 807 2603 medicinam
828 2561 893 2604 nou
917 2540 1108 2626 denepemas.
1138 2539 1351 2632 Quapropter

220 2639 323 2710 iacere
350 2647 377 2700 te
410 2649 531 2722 oportet
548 2637 754 2723 plenissimas
777 2636 902 2702 litteras
930 2636 973 2699 ad
996 2639 1194 2724 cottpiscopcs
1216 2655 1351 2708 nome

220 2739 255 2799 in
291 2734 403 2798 Gallia
438 2737 630 2812 concitatos,
661 2757 700 2798 ne
731 2734 819 2798 ultra
852 2735 1054 2798 Marcianum
1081 2739 1284 2819 pervicacem
1319 2753 1350 2804 et

220 2832 385 2917 superbum
414 2843 444 2894 et
471 2832 598 2894 diuinae
625 2833 761 2917 pietatis
791 2855 828 2894 ac
843 2831 1014 2917 fraternae
1042 2831 1157 2896 edatis
1179 2835 1350 2900 inimiwas

220 2930 348 3016 callepio
381 2940 488 2991 nocuo
518 2929 676 2992 insultare.
700 2931 888 3014 patiantur,
919 2928 1005 3012 quod
1033 2929 1164 2992 necdum
1193 2933 1350 2998 uideam

221 3051 241 3090 a
264 3027 354 3090 nabis
377 3027 545 3104 abstentus,
569 3027 624 3110 qui
639 3031 711 3114 jam
733 3026 861 3111 pridem
876 3029 983 3114 jactat
1006 3036 1037 3088 et
1053 3025 1235 3110 praedicat,
1261 3033 1350 3117 quaed

222 3124 405 3186 Nouatianc
436 3123 564 3186 smdens
592 3134 622 3186 et
651 3128 718 3212 ejus
742 3125 956 3208 pervicaciam
978 3144 1108 3206 sepiens
1131 3149 1153 3188 a
1174 3133 1348 3194 commed-

221 3223 343 3284 catione
375 3243 406 3283 se
437 3230 548 3282 nostra
579 3220 802 3306 seyrepaverit;
834 3241 901 3283 cum
925 3219 1128 3285 Nouatianus
1150 3225 1230 3309 ipssa
1255 3249 1347 3312 paru

221 3320 368 3402 aquina,
402 3316 476 3379 olim
500 3317 659 3380 abstentus
681 3329 711 3380 et
732 3317 829 3380 bostis
851 3317 1010 3380 Ecclesiae
1026 3318 1194 3406 jtrdieatas
1216 3324 1281 3400 sit,
1317 3335 1348 3386 et

222 3437 289 3478 cum
312 3415 355 3477 ad
377 3437 435 3477 nos
467 3417 501 3477 in
531 3413 676 3499 Africam
700 3415 818 3500 legatos
848 3416 983 3478 misisset
1006 3426 1120 3499 optans
1144 3419 1187 3481 ad
1210 3441 1346 3484 comeus·

221 3515 410 3576 nicationem
433 3523 573 3574 nostram
601 3512 736 3589 admitti,
765 3513 835 3574 binc
863 3535 883 3574 a
906 3511 1038 3575 macilis
1056 3511 1272 3597 placuissemus
1294 3539 1347 3580 sa·

221 3611 379 3672 cardetum
401 3611 455 3694 qui
473 3619 657 3695 praesentes
681 3631 804 3671 eramus
826 3609 1012 3672 senteutiam
1027 3609 1179 3688 remissit,
1203 3633 1236 3675 se
1252 3613 1348 3698 foris

222 3729 287 3769 esse
310 3709 456 3793 coepisse,
480 3729 535 3768 nec
552 3727 647 3790 posse
662 3729 683 3768 a
701 3727 855 3790 quoquam
870 3715 1010 3768 commun
1026 3705 1087 3769 sibi
1108 3711 1346 3781 communicari,

222 3807 276 3888 qai
298 3805 454 3888 Episcopo
482 3800 627 3865 Cornelio
659 3804 694 3864 in
726 3802 879 3866 catbolica
902 3802 1046 3866 &alesia
1073 3803 1113 3866 de
1135 3805 1199 3868 Dei
1214 3807 1345 3895 judicie

222 3911 253 3962 et
275 3900 351 3963 cleri
374 3925 410 3962 ac
428 3899 534 3985 plebis
558 3898 709 3984 suffrapio
733 3899 891 3977 ordinato,
911 3899 1087 3985 profamm
1106 3901 1209 3966 altare
1223 3905 1345 3990 eripere

111 3984 114 3992 ¹
149 4003 151 4008 “
222 4006 252 4059 et
275 3997 453 4060 adulteram
476 3997 654 4060 cathedram
686 3996 838 4060 collocare
871 4008 901 4060 et
923 3996 1080 4082 saemlepa
1102 4010 1213 4062 corana
1234 4021 1346 4080 naum

222 4093 412 4156 sacerdotem
444 4095 601 4176 sacrificia
634 4092 745 4177 offerre
778 4095 953 4160 tentaverit.
978 4141 986 4157 .
1019 4141 1026 4158 .
1057 4137 1065 4158 .
1090 4095 1286 4180 Diripantur
1308 4099 1345 4160 iu

219 4190 416 4273 prouinciam
438 4201 467 4252 et
491 4191 534 4252 ad
551 4189 675 4274 plebem
702 4191 831 4254 Arelate
859 4193 1075 4272 coadstentem
1107 4215 1128 4255 a
1152 4204 1180 4256 te
1203 4193 1343 4272 litterae,
