2900 4800
211 401 268 456 424
585 401 627 456 De
645 417 727 456 miras
743 399 860 456 Honorii
878 399 911 456 R.
930 401 961 454 P.

63 565 96 608 an
111 566 190 616 sauso-
215 582 259 592 -
281 543 371 610 Hinc
404 545 488 608 varii
522 552 672 610 auctores
704 554 871 624 statuunt,
904 543 1059 630 epistolas
1091 545 1233 610 Honorii
1266 565 1339 611 asse

55 627 88 670 ¹¹⁶
103 627 339 708 '‘l'‘m'litteras
362 643 520 727 privatas.
565 642 607 708 Id
629 653 741 708 tamen
764 641 860 708 nohis
883 663 951 708 non
975 641 1108 708 videtur
1130 665 1200 709 ease
1224 643 1340 708 diean-

216 739 306 805 dum.
354 737 449 804 Certe
473 762 540 806 non
564 751 641 806 sunt
662 739 774 828 aliqua
798 740 946 806 definitio
969 739 1023 805 vel
1047 740 1216 806 decretum
1240 743 1277 806 in
1303 763 1339 805 re

216 836 294 904 fidei
318 835 372 902 vel
394 858 524 902 morum
545 861 590 904 ex
606 836 772 904 Cathedra
796 839 930 920 datum;
954 838 1014 904 sed
1035 839 1115 904 inde
1137 860 1205 904 non
1228 841 1340 925 sequi-

216 946 270 1000 tur
293 958 349 1000 eas
372 957 442 1002 essa
465 945 595 1002 tantum
612 936 737 1002 litteras
751 938 913 1022 privatas,
929 957 993 1022 qno
1015 938 1151 1002 nomine
1174 938 1340 1022 insignire

217 1032 359 1100 solemus
382 1036 523 1121 scripta,
548 1057 633 1121 quae
647 1035 690 1100 ab
712 1034 837 1121 aliquo,
854 1044 1018 1121 quatenus
1041 1057 1181 1120 persona
1203 1037 1339 1121 privata
1442 1041 1443 1044 ’

217 1140 266 1196 ast
281 1139 313 1194 et
327 1131 437 1218 quoad
451 1153 504 1198 res
518 1135 679 1218 privatas,
695 1133 739 1198 ad
752 1132 946 1213 familiares,
963 1135 1101 1213 amicos,
1114 1131 1243 1197 aliasve
1265 1155 1340 1219 par·
1442 1127 1443 1130 '

218 1251 315 1294 sonas
339 1227 536 1314 dirigrmtur.
583 1231 669 1298 Sunt
699 1230 775 1296 illae
799 1230 957 1316 epistolae
984 1251 1101 1321 revera
1123 1230 1260 1318 aliquod
1283 1230 1342 1296 do·

218 1337 420 1410 eumentum,
445 1328 534 1414 quod
546 1328 714 1394 Honorius
738 1339 775 1394 ut
803 1349 975 1414 supremus
997 1329 1153 1394 Pontifex
1175 1331 1340 1394 omniun-

217 1449 282 1512 que
297 1426 510 1491 ecclesiarum
533 1429 674 1512 negotiis
693 1429 838 1492 intentus
853 1427 944 1492 misit
966 1426 1174 1512 patriarchae
1191 1425 1341 1494 GPtano.

218 1527 275 1612 qui
305 1523 375 1609 ejus
406 1523 580 1590 consilium
612 1526 760 1610 petierat.
807 1525 854 1588 At
875 1523 1001 1590 nullam
1029 1526 1201 1590 continent
1224 1525 1342 1590 defini-

218 1625 342 1688 tionem
375 1622 608 1705 doctrinalem,
639 1623 832 1709 nullumque
865 1623 1035 1688 decretum
1067 1625 1341 1688 auetoritativum

219 1721 260 1788 de
283 1721 475 1807 quaestione
508 1723 606 1786 unius
636 1721 690 1786 vel
720 1721 862 1807 duplicia
886 1721 1102 1806 operationis,
1126 1719 1185 1786 aad
1208 1731 1341 1786 tantum

219 1819 406 1886 suasionem
428 1817 642 1884 hortatoriam
656 1819 700 1884 de
724 1819 821 1886 modo
844 1817 1012 1905 loquendi.
1057 1817 1202 1882 Possunt
1223 1817 1342 1884 vidali-

220 1927 272 1982 cet
282 1939 352 1982 esse
360 1926 393 1982 et
404 1927 481 1983 sunt
489 1917 689 1982 Pontificum
700 1917 899 1982 documenta
910 1914 1055 2002 publica,
1066 1938 1124 1980 seu
1139 1916 1342 1981 documenta
1442 1979 1443 1994 ,

220 2037 306 2102 quae
336 2015 381 2080 ad
412 2014 584 2080 Ecclesiae
616 2015 936 2081 administrationem
965 2023 1134 2099 spectant,
1168 2015 1271 2077 etiam
1295 2033 1342 2077 re·
1442 2089 1443 2096 ἵ

218 2114 413 2199 sponsiones
436 2112 479 2179 ad
500 2114 686 2200 episcopos,
711 2113 832 2200 quihus
851 2111 931 2178 dum
950 2113 1039 2177 circa
1059 2111 1247 2178 doctrinam
1270 2133 1343 2176 ver·
1442 2135 1443 2186 l

220 2221 335 2276 santur
348 2211 567 2276 Pontificibus
581 2213 785 2298 propositum
800 2221 850 2276 ast
872 2231 1025 2292 monere,
1049 2209 1208 2292 suadere,
1233 2229 1342 2295 repre·
1442 2215 1443 2274 3

220 2307 383 2392 bendere,
417 2311 498 2395 quin
531 2310 705 2375 intendant
735 2309 942 2375 definitivam
979 2309 1177 2373 sententiam
1209 2307 1342 2371 edicere

221 2428 286 2494 qua
309 2415 377 2472 tota
399 2405 625 2492 obstringetur
638 2407 807 2490 Ecclesia,
833 2429 937 2494 eoque
960 2408 1031 2492 ipso
1056 2427 1123 2470 non
1145 2413 1196 2469 eat
1217 2404 1341 2469 locatio

222 2528 265 2570 ex
288 2503 455 2571 cathedra.
479 2506 681 2592 Hujusmodi
704 2508 806 2592 igitur
820 2505 1057 2570 documentum
1080 2523 1256 2568 censemus
1279 2523 1341 2566 me·
1442 2497 1443 2560 ζ

221 2605 284 2668 rito
308 2601 423 2668 haberi
447 2601 529 2668 duas
552 2603 707 2689 epistolas
729 2604 869 2670 Honorii
892 2603 936 2667 ad
960 2602 1122 2687 Sergium.

311 2701 365 2766 514.
390 2701 492 2766 Haud
515 2701 651 2788 quidem
674 2703 809 2787 ignoro,
833 2701 997 2787 quaedam
1021 2702 1062 2764 iis
1083 2719 1169 2784 quae
1195 2696 1343 2760 diximus
1442 2759 1443 2762 ,

224 2800 387 2864 contraris
420 2801 521 2864 asseri
552 2823 572 2864 a
603 2799 642 2866 el.
674 2799 848 2865 Penacchi.
896 2799 972 2883 Ipse
1005 2799 1140 2862 omnino
1173 2795 1342 2881 supponit

222 2895 451 2983 apographum
489 2897 700 2984 epistolarum
732 2897 874 2962 Honorii
912 2899 947 2962 in
987 2894 1146 2960 archiviis
1184 2894 1344 2958 Romania
1442 2917 1443 2982 j

223 3005 391 3062 servatum
415 2996 531 3078 fuisse,
556 2995 700 3082 indeque
724 3018 766 3062 ex
789 3004 882 3082 parte
904 2994 1032 3080 probat,
1055 2993 1183 3058 litteras
1199 2992 1342 3056 Honorii

223 3116 291 3160 non
314 3115 386 3160 esse
409 3093 595 3179 suppositas
618 3093 671 3158 vel
695 3103 876 3180 corruptas.
915 3093 1071 3158 Attamen
1095 3090 1305 3174 argumentis
1327 3111 1345 3152 a

224 3191 501 3278 nobispropositis
518 3214 609 3258 suam
627 3194 697 3258 vim
711 3188 1344 3278 easeputamus1).-Eristimatetiam
1442 3245 1443 3274 3

224 3289 411 3373 Penacchi,
436 3290 608 3376 epistolam
620 3291 761 3355 Honorii
776 3292 919 3377 primam
937 3289 973 3353 in
996 3286 1123 3372 synodo
1146 3285 1264 3371 eliqua
1286 3285 1346 3349 Ro-
1442 3293 1443 3334 t

225 3409 324 3454 mana
356 3387 540 3454 confectam
574 3389 695 3470 fuisse,
728 3410 833 3476 eaque
864 3388 964 3452 refert
995 3407 1081 3472 quae
1108 3383 1242 3449 dixerat
1264 3393 1347 3447 teau
1442 3401 1443 3420 ¹

225 3487 373 3553 hlaximo
388 3485 604 3570 Anastasius,
628 3488 687 3552 diu
710 3509 744 3551 se
759 3485 966 3571 multumque
990 3505 1065 3548 eum
1089 3503 1232 3567 magnas
1257 3481 1345 3546 illius

225 3584 383 3650 ecclesiae
399 3587 628 3650 sacratissimis
647 3587 727 3651 viris
746 3603 931 3650 sermonem
945 3581 1141 3662 contulisse,
1156 3579 1231 3666 ejus
1243 3601 1345 3665 quam

300 3791 322 3859 ¹)
340 3789 380 3844 De
408 3785 556 3844 assertione
574 3781 689 3838 Jeaunia
707 3779 822 3842 abbatis,
847 3794 877 3834 se
895 3794 949 3834 nou
969 3776 1063 3832 decime
1082 3775 1249 3830 mentionem
1267 3773 1348 3828 unius

227 3869 384 3934 voluntatis,
403 3867 496 3922 scribit
506 3861 647 3920 Penacchi.
669 3861 755 3926 „Dum
774 3859 854 3913 dicit:
874 3873 903 3912 se
922 3857 996 3912 nullo
1015 3855 1091 3910 modo
1110 3855 1139 3910 iu
1158 3871 1191 3908 ea
1210 3853 1336 3922 (epistula

226 3963 431 4018 pernumerem
450 3945 612 4000 mentionem
631 3941 725 3996 fecisse
752 3939 833 3994 unius
852 3952 959 4006 prorsus
979 3935 1144 3998 voluntatis,
1165 3934 1227 3987 uult
1247 3931 1345 3988 iutelli-

227 4045 299 4098 gere,
319 4029 397 4082 sede
416 4027 509 4080 divina
528 4032 557 4079 st
575 4023 693 4077 huruuua
703 4019 804 4074 Christi
825 4019 966 4072 voluntate
985 4031 1066 4070 unam
1085 4031 1145 4068 surm
1156 4009 1343 4066 llonotheletis

228 4109 396 4162 voluntatem
414 4125 466 4162 uon
486 4105 606 4160 lecisse.“
627 4103 657 4158 L.
684 4119 705 4156 c.
733 4118 749 4169 p
779 4103 894 4156 lou-
912 4097 964 4151 Sed
981 4097 1047 4150 haec
1066 4093 1262 4162 interpretatio
1280 4092 1343 4144 dura

1442 4613 1443 4650 l

227 4187 343 4240 ridetur.
