<?xml version="1.0" encoding="UTF-8"?>
<!DOCTYPE html PUBLIC "-//W3C//DTD XHTML 1.0 Transitional//EN"
    "http://www.w3.org/TR/xhtml1/DTD/xhtml1-transitional.dtd">
<html xmlns="http://www.w3.org/1999/xhtml" xml:lang="en" lang="en">
 <head>
  <title>
</title>
<meta http-equiv="Content-Type" content="text/html;charset=utf-8" />
  <meta name='ocr-system' content='tesseract 3.04.00' />
  <meta name='ocr-capabilities' content='ocr_page ocr_carea ocr_par ocr_line ocrx_word'/>
</head>
<body>
  <div class='ocr_page' id='page_1' title='image "./dissertationess02junggoog_0176.png"; bbox 0 0 2924 4818; ppageno 0'>
   <div class='ocr_carea' id='block_1_1' title="bbox 396 491 1181 548">
    <p class='ocr_par' dir='ltr' id='par_1_1' title="bbox 396 491 1181 548">
     <span class='ocr_line' id='line_1_1' title="bbox 396 491 1181 548; baseline 0.001 -3"><span class='ocrx_word' id='word_1_1' title='bbox 396 491 438 545; x_wconf 78' lang='lat' dir='ltr'><strong><em>Aa</em></strong></span> <span class='ocrx_word' id='word_1_2' title='bbox 456 491 678 546; x_wconf 75' lang='lat' dir='ltr'><strong><em>excommunicati</em></strong></span> <span class='ocrx_word' id='word_1_3' title='bbox 697 493 799 548; x_wconf 76' lang='lat' dir='ltr'><strong><em>Asiam.</em></strong></span> <span class='ocrx_word' id='word_1_4' title='bbox 1128 493 1181 547; x_wconf 76' lang='lat' dir='ltr'><strong><em>let</em></strong></span> 
     </span>
    </p>
   </div>
   <div class='ocr_carea' id='block_1_2' title="bbox 87 635 1183 3551">
    <p class='ocr_par' dir='ltr' id='par_1_2' title="bbox 88 635 1182 2864">
     <span class='ocr_line' id='line_1_2' title="bbox 94 635 1180 720; baseline 0.006 -26"><span class='ocrx_word' id='word_1_5' title='bbox 94 645 176 696; x_wconf 76' lang='lat' dir='ltr'><strong><em>centes</em></strong></span> <span class='ocrx_word' id='word_1_6' title='bbox 204 637 383 698; x_wconf 70' lang='lat' dir='ltr'><strong><em>auctoritati</em></strong></span> <span class='ocrx_word' id='word_1_7' title='bbox 414 635 619 720; x_wconf 76' lang='lat' dir='ltr'><strong><em>qumanelam</em></strong></span> <span class='ocrx_word' id='word_1_8' title='bbox 642 635 679 698; x_wconf 83' lang='lat' dir='ltr'><strong><em>iel</em></strong></span> <span class='ocrx_word' id='word_1_9' title='bbox 710 647 756 699; x_wconf 84' lang='lat' dir='ltr'><strong><em>eat</em></strong></span> <span class='ocrx_word' id='word_1_10' title='bbox 779 636 865 700; x_wconf 78' lang='lat' dir='ltr'><strong><em>Petri</em></strong></span> <span class='ocrx_word' id='word_1_11' title='bbox 896 649 926 700; x_wconf 88' lang='lat' dir='ltr'><strong><em>et</em></strong></span> <span class='ocrx_word' id='word_1_12' title='bbox 951 637 1046 700; x_wconf 85' lang='lat' dir='ltr'><strong><em>Pauli</em></strong></span> <span class='ocrx_word' id='word_1_13' title='bbox 1067 659 1180 700; x_wconf 85' lang='lat' dir='ltr'><strong><em>succes-</em></strong></span> 
     </span>
     <span class='ocr_line' id='line_1_3' title="bbox 93 732 1182 819; baseline 0.003 -26"><span class='ocrx_word' id='word_1_14' title='bbox 93 755 193 806; x_wconf 77' lang='lat' dir='ltr'><strong><em>sorum,</em></strong></span> <span class='ocrx_word' id='word_1_15' title='bbox 223 733 275 816; x_wconf 85' lang='lat' dir='ltr'><strong><em>qni</em></strong></span> <span class='ocrx_word' id='word_1_16' title='bbox 306 755 411 796; x_wconf 84' lang='lat' dir='ltr'><strong><em>omnes</em></strong></span> <span class='ocrx_word' id='word_1_17' title='bbox 433 732 579 796; x_wconf 83' lang='lat' dir='ltr'><strong><em>ecclesias</em></strong></span> <span class='ocrx_word' id='word_1_18' title='bbox 601 735 637 796; x_wconf 85' lang='lat' dir='ltr'><strong><em>in</em></strong></span> <span class='ocrx_word' id='word_1_19' title='bbox 669 733 780 819; x_wconf 82' lang='lat' dir='ltr'><strong><em>quibus</em></strong></span> <span class='ocrx_word' id='word_1_20' title='bbox 807 733 992 818; x_wconf 73' lang='lat' dir='ltr'><strong><em>spiritualia</em></strong></span> <span class='ocrx_word' id='word_1_21' title='bbox 1017 732 1182 819; x_wconf 82' lang='lat' dir='ltr'><strong><em>Evanqelli</em></strong></span> 
     </span>
     <span class='ocr_line' id='line_1_4' title="bbox 93 829 1181 906; baseline 0.005 -18"><span class='ocrx_word' id='word_1_22' title='bbox 93 829 192 890; x_wconf 78' lang='lat' dir='ltr'><strong><em>nmina</em></strong></span> <span class='ocrx_word' id='word_1_23' title='bbox 211 840 360 906; x_wconf 81' lang='lat' dir='ltr'><strong><em>secernat,</em></strong></span> <span class='ocrx_word' id='word_1_24' title='bbox 394 829 620 894; x_wconf 66' lang='lat' dir='ltr'><strong><em>solemnitatem</em></strong></span> <span class='ocrx_word' id='word_1_25' title='bbox 644 833 895 894; x_wconf 81' lang='lat' dir='ltr'><strong><em>Resurrectionis</em></strong></span> <span class='ocrx_word' id='word_1_26' title='bbox 918 832 1050 895; x_wconf 83' lang='lat' dir='ltr'><strong><em>Domini</em></strong></span> <span class='ocrx_word' id='word_1_27' title='bbox 1071 833 1106 894; x_wconf 83' lang='lat' dir='ltr'><strong><em>in</em></strong></span> <span class='ocrx_word' id='word_1_28' title='bbox 1130 829 1181 894; x_wconf 81' lang='lat' dir='ltr'><strong><em>elie</em></strong></span> 
     </span>
     <span class='ocr_line' id='line_1_5' title="bbox 94 925 1181 1011; baseline 0.003 -23"><span class='ocrx_word' id='word_1_29' title='bbox 94 937 193 988; x_wconf 76' lang='lat' dir='ltr'><strong><em>amn</em></strong></span> <span class='ocrx_word' id='word_1_30' title='bbox 222 925 389 990; x_wconf 69' lang='lat' dir='ltr'><strong><em>Dominicis</em></strong></span> <span class='ocrx_word' id='word_1_31' title='bbox 416 948 510 1011; x_wconf 84' lang='lat' dir='ltr'><strong><em>posse</em></strong></span> <span class='ocrx_word' id='word_1_32' title='bbox 533 927 686 992; x_wconf 84' lang='lat' dir='ltr'><strong><em>celebrari</em></strong></span> <span class='ocrx_word' id='word_1_33' title='bbox 707 927 887 991; x_wconf 80' lang='lat' dir='ltr'><strong><em>elomeernnt.</em></strong></span> <span class='ocrx_word' id='word_1_34' title='bbox 940 927 1027 992; x_wconf 80' lang='lat' dir='ltr'><strong><em>Unde</em></strong></span> <span class='ocrx_word' id='word_1_35' title='bbox 1060 940 1090 992; x_wconf 89' lang='lat' dir='ltr'><strong><em>et</em></strong></span> <span class='ocrx_word' id='word_1_36' title='bbox 1112 951 1181 991; x_wconf 90' lang='lat' dir='ltr'><strong><em>con-</em></strong></span> 
     </span>
     <span class='ocr_line' id='line_1_6' title="bbox 93 1023 1182 1108; baseline 0.002 -24"><span class='ocrx_word' id='word_1_37' title='bbox 93 1024 169 1084; x_wconf 77' lang='lat' dir='ltr'><strong><em>tentio</em></strong></span> <span class='ocrx_word' id='word_1_38' title='bbox 189 1023 340 1108; x_wconf 80' lang='lat' dir='ltr'><strong><em>quaedam</em></strong></span> <span class='ocrx_word' id='word_1_39' title='bbox 363 1035 476 1088; x_wconf 78' lang='lat' dir='ltr'><strong><em>morta</em></strong></span> <span class='ocrx_word' id='word_1_40' title='bbox 498 1035 544 1089; x_wconf 87' lang='lat' dir='ltr'><strong><em>est</em></strong></span> <span class='ocrx_word' id='word_1_41' title='bbox 565 1027 649 1089; x_wconf 82' lang='lat' dir='ltr'><strong><em>inter</em></strong></span> <span class='ocrx_word' id='word_1_42' title='bbox 675 1047 780 1089; x_wconf 73' lang='lat' dir='ltr'><strong><em>eonon</em></strong></span> <span class='ocrx_word' id='word_1_43' title='bbox 802 1048 999 1104; x_wconf 80' lang='lat' dir='ltr'><strong><em>seeccesemee,</em></strong></span> <span class='ocrx_word' id='word_1_44' title='bbox 1031 1025 1182 1088; x_wconf 74' lang='lat' dir='ltr'><strong><em>Victorem</em></strong></span> 
     </span>
     <span class='ocr_line' id='line_1_7' title="bbox 93 1117 1179 1208; baseline 0 -25"><span class='ocrx_word' id='word_1_45' title='bbox 93 1117 188 1182; x_wconf 72' lang='lat' dir='ltr'><strong><em>»ettae</em></strong></span> <span class='ocrx_word' id='word_1_46' title='bbox 207 1121 370 1184; x_wconf 82' lang='lat' dir='ltr'><strong><em>Romanae</em></strong></span> <span class='ocrx_word' id='word_1_47' title='bbox 396 1121 490 1186; x_wconf 82' lang='lat' dir='ltr'><strong><em>Urbis</em></strong></span> <span class='ocrx_word' id='word_1_48' title='bbox 513 1145 548 1186; x_wconf 90' lang='lat' dir='ltr'><strong><em>eo</em></strong></span> <span class='ocrx_word' id='word_1_49' title='bbox 571 1134 705 1208; x_wconf 80' lang='lat' dir='ltr'><strong><em>tompore</em></strong></span> <span class='ocrx_word' id='word_1_50' title='bbox 727 1125 905 1208; x_wconf 76' lang='lat' dir='ltr'><strong><em>episcopam</em></strong></span> <span class='ocrx_word' id='word_1_51' title='bbox 928 1135 958 1186; x_wconf 93' lang='lat' dir='ltr'><strong><em>et</em></strong></span> <span class='ocrx_word' id='word_1_52' title='bbox 975 1121 1179 1208; x_wconf 72' lang='lat' dir='ltr'><strong><em>Polycratem,</em></strong></span> 
     </span>
     <span class='ocr_line' id='line_1_8' title="bbox 92 1217 1182 1306; baseline 0 -27"><span class='ocrx_word' id='word_1_53' title='bbox 92 1217 133 1298; x_wconf 80' lang='lat' dir='ltr'><strong><em>qui</em></strong></span> <span class='ocrx_word' id='word_1_54' title='bbox 159 1227 224 1279; x_wconf 88' lang='lat' dir='ltr'><strong><em>tunc</em></strong></span> <span class='ocrx_word' id='word_1_55' title='bbox 261 1219 296 1280; x_wconf 84' lang='lat' dir='ltr'><strong><em>in</em></strong></span> <span class='ocrx_word' id='word_1_56' title='bbox 333 1219 491 1304; x_wconf 82' lang='lat' dir='ltr'><strong><em>episcopie</em></strong></span> <span class='ocrx_word' id='word_1_57' title='bbox 524 1220 621 1284; x_wconf 83' lang='lat' dir='ltr'><strong><em>Asiae</em></strong></span> <span class='ocrx_word' id='word_1_58' title='bbox 653 1222 829 1306; x_wconf 71' lang='lat' dir='ltr'><strong><em>primatum</em></strong></span> <span class='ocrx_word' id='word_1_59' title='bbox 859 1243 964 1304; x_wconf 74' lang='lat' dir='ltr'><strong><em>perere</em></strong></span> <span class='ocrx_word' id='word_1_60' title='bbox 995 1217 1182 1297; x_wconf 55' lang='lat' dir='ltr'><strong><em>sedebam</em></strong></span> 
     </span>
     <span class='ocr_line' id='line_1_9' title="bbox 92 1313 1182 1402; baseline 0.002 -26"><span class='ocrx_word' id='word_1_61' title='bbox 92 1335 152 1395; x_wconf 84' lang='lat' dir='ltr'><strong><em>quoe</em></strong></span> <span class='ocrx_word' id='word_1_62' title='bbox 172 1313 297 1378; x_wconf 77' lang='lat' dir='ltr'><strong><em>Irenaeo</em></strong></span> <span class='ocrx_word' id='word_1_63' title='bbox 322 1327 395 1380; x_wconf 84' lang='lat' dir='ltr'><strong><em>tnnc</em></strong></span> <span class='ocrx_word' id='word_1_64' title='bbox 422 1314 551 1380; x_wconf 80' lang='lat' dir='ltr'><strong><em>Gallim</em></strong></span> <span class='ocrx_word' id='word_1_65' title='bbox 570 1319 678 1402; x_wconf 82' lang='lat' dir='ltr'><strong><em>partis</em></strong></span> <span class='ocrx_word' id='word_1_66' title='bbox 701 1317 850 1381; x_wconf 77' lang='lat' dir='ltr'><strong><em>Praenele</em></strong></span> <span class='ocrx_word' id='word_1_67' title='bbox 873 1319 1041 1381; x_wconf 81' lang='lat' dir='ltr'><strong><em>rectissime</em></strong></span> <span class='ocrx_word' id='word_1_68' title='bbox 1059 1325 1182 1401; x_wconf 83' lang='lat' dir='ltr'><strong><em>pacata</em></strong></span> 
     </span>
     <span class='ocr_line' id='line_1_10' title="bbox 92 1413 1182 1501; baseline -0.001 -24"><span class='ocrx_word' id='word_1_69' title='bbox 92 1421 133 1486; x_wconf 76' lang='lat' dir='ltr'><strong><em>tet,</em></strong></span> <span class='ocrx_word' id='word_1_70' title='bbox 153 1413 282 1498; x_wconf 75' lang='lat' dir='ltr'><strong><em>scieque</em></strong></span> <span class='ocrx_word' id='word_1_71' title='bbox 301 1413 453 1498; x_wconf 81' lang='lat' dir='ltr'><strong><em>partibus</em></strong></span> <span class='ocrx_word' id='word_1_72' title='bbox 475 1417 511 1478; x_wconf 87' lang='lat' dir='ltr'><strong><em>in</em></strong></span> <span class='ocrx_word' id='word_1_73' title='bbox 542 1439 602 1478; x_wconf 80' lang='lat' dir='ltr'><strong><em>sesa</em></strong></span> <span class='ocrx_word' id='word_1_74' title='bbox 632 1414 741 1501; x_wconf 62' lang='lat' dir='ltr'><strong><em>reputa</em></strong></span> <span class='ocrx_word' id='word_1_75' title='bbox 768 1413 1057 1500; x_wconf 59' lang='lat' dir='ltr'><strong><em>perseverantibus,</em></strong></span> <span class='ocrx_word' id='word_1_76' title='bbox 1081 1437 1137 1476; x_wconf 90' lang='lat' dir='ltr'><strong><em>nec</em></strong></span> <span class='ocrx_word' id='word_1_77' title='bbox 1161 1437 1182 1476; x_wconf 88' lang='lat' dir='ltr'><strong><em>a</em></strong></span> 
     </span>
     <span class='ocr_line' id='line_1_11' title="bbox 91 1509 1179 1597; baseline 0.002 -27"><span class='ocrx_word' id='word_1_78' title='bbox 91 1517 176 1590; x_wconf 82' lang='lat' dir='ltr'><strong><em>coepto</em></strong></span> <span class='ocrx_word' id='word_1_79' title='bbox 188 1510 388 1593; x_wconf 77' lang='lat' dir='ltr'><strong><em>antiquitatis</em></strong></span> <span class='ocrx_word' id='word_1_80' title='bbox 401 1533 485 1574; x_wconf 87' lang='lat' dir='ltr'><strong><em>more</em></strong></span> <span class='ocrx_word' id='word_1_81' title='bbox 500 1511 777 1597; x_wconf 58' lang='lat' dir='ltr'><strong><em>accusantium)</em></strong></span> <span class='ocrx_word' id='word_1_82' title='bbox 802 1511 834 1576; x_wconf 83' lang='lat' dir='ltr'><strong><em>S.</em></strong></span> <span class='ocrx_word' id='word_1_83' title='bbox 851 1513 1074 1595; x_wconf 83' lang='lat' dir='ltr'><strong><em>Hieronymus</em></strong></span> <span class='ocrx_word' id='word_1_84' title='bbox 1089 1509 1179 1590; x_wconf 87' lang='lat' dir='ltr'><strong><em>dicit,</em></strong></span> 
     </span>
     <span class='ocr_line' id='line_1_12' title="bbox 91 1601 1182 1690; baseline 0.005 -26"><span class='ocrx_word' id='word_1_85' title='bbox 91 1601 122 1664; x_wconf 86' lang='lat' dir='ltr'><strong><em>dc</em></strong></span> <span class='ocrx_word' id='word_1_86' title='bbox 140 1603 284 1690; x_wconf 88' lang='lat' dir='ltr'><strong><em>Scriptor.</em></strong></span> <span class='ocrx_word' id='word_1_87' title='bbox 319 1605 399 1672; x_wconf 87' lang='lat' dir='ltr'><strong><em>cccl.</em></strong></span> <span class='ocrx_word' id='word_1_88' title='bbox 432 1629 460 1672; x_wconf 90' lang='lat' dir='ltr'><strong><em>c.</em></strong></span> <span class='ocrx_word' id='word_1_89' title='bbox 493 1609 554 1672; x_wconf 81' lang='lat'><strong><em>45:</em></strong></span> <span class='ocrx_word' id='word_1_90' title='bbox 593 1609 699 1673; x_wconf 87' lang='lat' dir='ltr'><strong><em>Victor</em></strong></span> <span class='ocrx_word' id='word_1_91' title='bbox 728 1609 842 1672; x_wconf 83' lang='lat' dir='ltr'><strong><em>multos</em></strong></span> <span class='ocrx_word' id='word_1_92' title='bbox 865 1609 962 1672; x_wconf 82' lang='lat' dir='ltr'><strong><em>Asiae</em></strong></span> <span class='ocrx_word' id='word_1_93' title='bbox 986 1618 1015 1672; x_wconf 87' lang='lat' dir='ltr'><strong><em>et</em></strong></span> <span class='ocrx_word' id='word_1_94' title='bbox 1043 1607 1182 1671; x_wconf 59' lang='lat' dir='ltr'><strong><em>Menas</em></strong></span> 
     </span>
     <span class='ocr_line' id='line_1_13' title="bbox 91 1703 1180 1789; baseline 0 -23"><span class='ocrx_word' id='word_1_95' title='bbox 91 1703 235 1788; x_wconf 67' lang='lat' dir='ltr'><strong><em>ascopa,</em></strong></span> <span class='ocrx_word' id='word_1_96' title='bbox 265 1705 324 1789; x_wconf 81' lang='lat' dir='ltr'><strong><em>qui</em></strong></span> <span class='ocrx_word' id='word_1_97' title='bbox 346 1703 430 1768; x_wconf 71' lang='lat' dir='ltr'><strong><em>XIV</em></strong></span> <span class='ocrx_word' id='word_1_98' title='bbox 448 1705 540 1768; x_wconf 67' lang='lat' dir='ltr'><strong><em>bina</em></strong></span> <span class='ocrx_word' id='word_1_99' title='bbox 567 1729 635 1770; x_wconf 71' lang='lat' dir='ltr'><strong><em>ann</em></strong></span> <span class='ocrx_word' id='word_1_100' title='bbox 661 1706 798 1770; x_wconf 77' lang='lat' dir='ltr'><strong><em>Judaeis</em></strong></span> <span class='ocrx_word' id='word_1_101' title='bbox 821 1707 941 1769; x_wconf 87' lang='lat' dir='ltr'><strong><em>Pascba</em></strong></span> <span class='ocrx_word' id='word_1_102' title='bbox 973 1704 1180 1780; x_wconf 79' lang='lat' dir='ltr'><strong><em>celebrabant,</em></strong></span> 
     </span>
     <span class='ocr_line' id='line_1_14' title="bbox 91 1795 1180 1890; baseline 0.003 -30"><span class='ocrx_word' id='word_1_103' title='bbox 91 1795 261 1864; x_wconf 50' lang='lat' dir='ltr'><strong><em>&amp;eandm</em></strong></span> <span class='ocrx_word' id='word_1_104' title='bbox 283 1824 353 1866; x_wconf 83' lang='lat' dir='ltr'><strong><em>ease</em></strong></span> <span class='ocrx_word' id='word_1_105' title='bbox 378 1802 577 1882; x_wconf 71' lang='lat' dir='ltr'><strong><em>crediderat,</em></strong></span> <span class='ocrx_word' id='word_1_106' title='bbox 607 1806 643 1867; x_wconf 85' lang='lat' dir='ltr'><strong><em>in</em></strong></span> <span class='ocrx_word' id='word_1_107' title='bbox 665 1827 727 1890; x_wconf 87' lang='lat' dir='ltr'><strong><em>qna</em></strong></span> <span class='ocrx_word' id='word_1_108' title='bbox 759 1805 915 1867; x_wconf 83' lang='lat' dir='ltr'><strong><em>sententia</em></strong></span> <span class='ocrx_word' id='word_1_109' title='bbox 937 1804 969 1865; x_wconf 80' lang='lat' dir='ltr'><strong><em>bi</em></strong></span> <span class='ocrx_word' id='word_1_110' title='bbox 991 1803 1046 1887; x_wconf 82' lang='lat' dir='ltr'><strong><em>qni</em></strong></span> <span class='ocrx_word' id='word_1_111' title='bbox 1068 1800 1180 1864; x_wconf 82' lang='lat' dir='ltr'><strong><em>diecre-</em></strong></span> 
     </span>
     <span class='ocr_line' id='line_1_15' title="bbox 88 1895 1181 1978; baseline -0.002 -16"><span class='ocrx_word' id='word_1_112' title='bbox 88 1895 187 1978; x_wconf 73' lang='lat' dir='ltr'><strong><em>potam</em></strong></span> <span class='ocrx_word' id='word_1_113' title='bbox 207 1898 245 1962; x_wconf 92' lang='lat' dir='ltr'><strong><em>ab</em></strong></span> <span class='ocrx_word' id='word_1_114' title='bbox 268 1897 341 1962; x_wconf 81' lang='lat' dir='ltr'><strong><em>illie</em></strong></span> <span class='ocrx_word' id='word_1_115' title='bbox 371 1898 488 1964; x_wconf 76' lang='lat' dir='ltr'><strong><em>Victori</em></strong></span> <span class='ocrx_word' id='word_1_116' title='bbox 509 1921 573 1964; x_wconf 90' lang='lat' dir='ltr'><strong><em>non</em></strong></span> <span class='ocrx_word' id='word_1_117' title='bbox 596 1900 749 1965; x_wconf 81' lang='lat' dir='ltr'><strong><em>dederunt</em></strong></span> <span class='ocrx_word' id='word_1_118' title='bbox 771 1923 891 1964; x_wconf 86' lang='lat' dir='ltr'><strong><em>manns.</em></strong></span> <span class='ocrx_word' id='word_1_119' title='bbox 912 1937 955 1946; x_wconf 85' lang='lat'>-</span> <span class='ocrx_word' id='word_1_120' title='bbox 969 1897 1022 1962; x_wconf 81' lang='lat' dir='ltr'><strong><em>Ex</em></strong></span> <span class='ocrx_word' id='word_1_121' title='bbox 1037 1896 1181 1978; x_wconf 85' lang='lat' dir='ltr'><strong><em>Socrate,</em></strong></span> 
     </span>
     <span class='ocr_line' id='line_1_16' title="bbox 91 1991 1180 2083; baseline 0.002 -27"><span class='ocrx_word' id='word_1_122' title='bbox 91 1991 244 2060; x_wconf 78' lang='lat' dir='ltr'><strong><em>Summano</em></strong></span> <span class='ocrx_word' id='word_1_123' title='bbox 267 2006 301 2058; x_wconf 86' lang='lat' dir='ltr'><strong><em>et</em></strong></span> <span class='ocrx_word' id='word_1_124' title='bbox 327 1994 514 2080; x_wconf 82' lang='lat' dir='ltr'><strong><em>Nicephoro</em></strong></span> <span class='ocrx_word' id='word_1_125' title='bbox 538 1996 601 2061; x_wconf 89' lang='lat' dir='ltr'><strong><em>hac</em></strong></span> <span class='ocrx_word' id='word_1_126' title='bbox 625 2000 660 2061; x_wconf 90' lang='lat' dir='ltr'><strong><em>in</em></strong></span> <span class='ocrx_word' id='word_1_127' title='bbox 683 1999 876 2083; x_wconf 77' lang='lat' dir='ltr'><strong><em>quaestione</em></strong></span> <span class='ocrx_word' id='word_1_128' title='bbox 899 1995 982 2061; x_wconf 88' lang='lat' dir='ltr'><strong><em>nihil</em></strong></span> <span class='ocrx_word' id='word_1_129' title='bbox 1006 1996 1085 2058; x_wconf 89' lang='lat' dir='ltr'><strong><em>certi</em></strong></span> <span class='ocrx_word' id='word_1_130' title='bbox 1110 1997 1180 2058; x_wconf 88' lang='lat' dir='ltr'><strong><em>erui</em></strong></span> 
     </span>
     <span class='ocr_line' id='line_1_17' title="bbox 92 2090 1180 2181; baseline 0 -25"><span class='ocrx_word' id='word_1_131' title='bbox 92 2101 189 2172; x_wconf 65' lang='lat' dir='ltr'><strong><em>potem</em></strong></span> <span class='ocrx_word' id='word_1_132' title='bbox 219 2115 296 2158; x_wconf 82' lang='lat' dir='ltr'><strong><em>nam</em></strong></span> <span class='ocrx_word' id='word_1_133' title='bbox 333 2103 366 2156; x_wconf 90' lang='lat' dir='ltr'><strong><em>et</em></strong></span> <span class='ocrx_word' id='word_1_134' title='bbox 398 2095 461 2179; x_wconf 90' lang='lat' dir='ltr'><strong><em>ipsi</em></strong></span> <span class='ocrx_word' id='word_1_135' title='bbox 494 2093 585 2159; x_wconf 86' lang='lat' dir='ltr'><strong><em>haud</em></strong></span> <span class='ocrx_word' id='word_1_136' title='bbox 616 2097 763 2181; x_wconf 87' lang='lat' dir='ltr'><strong><em>praecise</em></strong></span> <span class='ocrx_word' id='word_1_137' title='bbox 787 2094 985 2178; x_wconf 85' lang='lat' dir='ltr'><strong><em>significant,</em></strong></span> <span class='ocrx_word' id='word_1_138' title='bbox 1016 2090 1180 2178; x_wconf 87' lang='lat' dir='ltr'><strong><em>quomodo</em></strong></span> 
     </span>
     <span class='ocr_line' id='line_1_18' title="bbox 91 2189 1181 2271; baseline 0.004 -21"><span class='ocrx_word' id='word_1_139' title='bbox 91 2209 129 2250; x_wconf 86' lang='lat' dir='ltr'><strong><em>res</em></strong></span> <span class='ocrx_word' id='word_1_140' title='bbox 147 2211 177 2253; x_wconf 90' lang='lat' dir='ltr'><strong><em>se</em></strong></span> <span class='ocrx_word' id='word_1_141' title='bbox 198 2189 361 2271; x_wconf 85' lang='lat' dir='ltr'><strong><em>habuerit,</em></strong></span> <span class='ocrx_word' id='word_1_142' title='bbox 395 2200 429 2254; x_wconf 86' lang='lat' dir='ltr'><strong><em>et</em></strong></span> <span class='ocrx_word' id='word_1_143' title='bbox 458 2214 524 2257; x_wconf 88' lang='lat' dir='ltr'><strong><em>non</em></strong></span> <span class='ocrx_word' id='word_1_144' title='bbox 556 2195 620 2258; x_wconf 89' lang='lat' dir='ltr'><strong><em>nisi</em></strong></span> <span class='ocrx_word' id='word_1_145' title='bbox 645 2193 781 2258; x_wconf 86' lang='lat' dir='ltr'><strong><em>Eusebii</em></strong></span> <span class='ocrx_word' id='word_1_146' title='bbox 815 2192 1037 2255; x_wconf 82' lang='lat' dir='ltr'><strong><em>narrationem</em></strong></span> <span class='ocrx_word' id='word_1_147' title='bbox 1060 2190 1181 2254; x_wconf 87' lang='lat' dir='ltr'><strong><em>referre</em></strong></span> 
     </span>
     <span class='ocr_line' id='line_1_19' title="bbox 91 2287 1181 2368; baseline 0.004 -21"><span class='ocrx_word' id='word_1_148' title='bbox 91 2289 219 2353; x_wconf 72' lang='lat' dir='ltr'><strong><em>cennnbi</em></strong></span> <span class='ocrx_word' id='word_1_149' title='bbox 243 2299 333 2353; x_wconf 88' lang='lat' dir='ltr'><strong><em>sunt.</em></strong></span> <span class='ocrx_word' id='word_1_150' title='bbox 381 2287 493 2368; x_wconf 84' lang='lat' dir='ltr'><strong><em>Quum</em></strong></span> <span class='ocrx_word' id='word_1_151' title='bbox 523 2300 634 2356; x_wconf 86' lang='lat' dir='ltr'><strong><em>tamen</em></strong></span> <span class='ocrx_word' id='word_1_152' title='bbox 668 2291 882 2354; x_wconf 84' lang='lat' dir='ltr'><strong><em>Firmilianus</em></strong></span> <span class='ocrx_word' id='word_1_153' title='bbox 914 2289 1181 2352; x_wconf 83' lang='lat' dir='ltr'><strong><em>excommunica·</em></strong></span> 
     </span>
     <span class='ocr_line' id='line_1_20' title="bbox 91 2385 1180 2471; baseline 0.003 -26"><span class='ocrx_word' id='word_1_154' title='bbox 91 2385 189 2450; x_wconf 77' lang='lat' dir='ltr'><strong><em>bouem</em></strong></span> <span class='ocrx_word' id='word_1_155' title='bbox 203 2387 328 2450; x_wconf 82' lang='lat' dir='ltr'><strong><em>luctam</em></strong></span> <span class='ocrx_word' id='word_1_156' title='bbox 349 2395 437 2450; x_wconf 85' lang='lat' dir='ltr'><strong><em>carte</em></strong></span> <span class='ocrx_word' id='word_1_157' title='bbox 458 2409 524 2452; x_wconf 92' lang='lat' dir='ltr'><strong><em>non</em></strong></span> <span class='ocrx_word' id='word_1_158' title='bbox 547 2389 686 2469; x_wconf 87' lang='lat' dir='ltr'><strong><em>noverit,</em></strong></span> <span class='ocrx_word' id='word_1_159' title='bbox 709 2398 741 2451; x_wconf 90' lang='lat' dir='ltr'><strong><em>et</em></strong></span> <span class='ocrx_word' id='word_1_160' title='bbox 762 2387 936 2451; x_wconf 89' lang='lat' dir='ltr'><strong><em>Anatolius</em></strong></span> <span class='ocrx_word' id='word_1_161' title='bbox 953 2407 1085 2471; x_wconf 88' lang='lat' dir='ltr'><strong><em>qnoque</em></strong></span> <span class='ocrx_word' id='word_1_162' title='bbox 1107 2407 1180 2449; x_wconf 90' lang='lat' dir='ltr'><strong><em>eam</em></strong></span> 
     </span>
     <span class='ocr_line' id='line_1_21' title="bbox 91 2484 1181 2571; baseline 0.004 -29"><span class='ocrx_word' id='word_1_163' title='bbox 91 2503 140 2546; x_wconf 88' lang='lat' dir='ltr'><strong><em>uon</em></strong></span> <span class='ocrx_word' id='word_1_164' title='bbox 152 2493 389 2564; x_wconf 82' lang='lat' dir='ltr'><strong><em>commemoret,</em></strong></span> <span class='ocrx_word' id='word_1_165' title='bbox 404 2484 560 2550; x_wconf 82' lang='lat' dir='ltr'><strong><em>videntur</em></strong></span> <span class='ocrx_word' id='word_1_166' title='bbox 573 2486 607 2550; x_wconf 92' lang='lat' dir='ltr'><strong><em>hi</em></strong></span> <span class='ocrx_word' id='word_1_167' title='bbox 623 2488 797 2571; x_wconf 81' lang='lat' dir='ltr'><strong><em>scriptores</em></strong></span> <span class='ocrx_word' id='word_1_168' title='bbox 812 2485 942 2570; x_wconf 88' lang='lat' dir='ltr'><strong><em>pondua</em></strong></span> <span class='ocrx_word' id='word_1_169' title='bbox 951 2505 1018 2548; x_wconf 91' lang='lat' dir='ltr'><strong><em>non</em></strong></span> <span class='ocrx_word' id='word_1_170' title='bbox 1029 2505 1181 2569; x_wconf 88' lang='lat' dir='ltr'><strong><em>spernen-</em></strong></span> 
     </span>
     <span class='ocr_line' id='line_1_22' title="bbox 90 2575 1180 2669; baseline 0.004 -29"><span class='ocrx_word' id='word_1_171' title='bbox 90 2575 151 2644; x_wconf 84' lang='lat' dir='ltr'><strong><em>dum</em></strong></span> <span class='ocrx_word' id='word_1_172' title='bbox 167 2583 278 2648; x_wconf 80' lang='lat' dir='ltr'><strong><em>afferre</em></strong></span> <span class='ocrx_word' id='word_1_173' title='bbox 294 2583 478 2646; x_wconf 85' lang='lat' dir='ltr'><strong><em>sententiae</em></strong></span> <span class='ocrx_word' id='word_1_174' title='bbox 495 2605 606 2648; x_wconf 90' lang='lat' dir='ltr'><strong><em>eorum</em></strong></span> <span class='ocrx_word' id='word_1_175' title='bbox 622 2587 677 2669; x_wconf 92' lang='lat' dir='ltr'><strong><em>qui</em></strong></span> <span class='ocrx_word' id='word_1_176' title='bbox 694 2586 894 2666; x_wconf 86' lang='lat' dir='ltr'><strong><em>existimant,</em></strong></span> <span class='ocrx_word' id='word_1_177' title='bbox 914 2583 1057 2646; x_wconf 82' lang='lat' dir='ltr'><strong><em>Asianos</em></strong></span> <span class='ocrx_word' id='word_1_178' title='bbox 1071 2602 1091 2643; x_wconf 86' lang='lat' dir='ltr'><strong><em>a</em></strong></span> <span class='ocrx_word' id='word_1_179' title='bbox 1105 2581 1180 2644; x_wconf 86' lang='lat' dir='ltr'><strong><em>Vic-</em></strong></span> 
     </span>
     <span class='ocr_line' id='line_1_23' title="bbox 89 2679 1179 2762; baseline -0.002 -18"><span class='ocrx_word' id='word_1_180' title='bbox 89 2685 142 2739; x_wconf 79' lang='lat' dir='ltr'><strong><em>tore</em></strong></span> <span class='ocrx_word' id='word_1_181' title='bbox 159 2679 195 2744; x_wconf 88' lang='lat' dir='ltr'><strong><em>de</em></strong></span> <span class='ocrx_word' id='word_1_182' title='bbox 209 2683 296 2749; x_wconf 83' lang='lat' dir='ltr'><strong><em>laeto</em></strong></span> <span class='ocrx_word' id='word_1_183' title='bbox 309 2703 378 2750; x_wconf 89' lang='lat' dir='ltr'><strong><em>non</em></strong></span> <span class='ocrx_word' id='word_1_184' title='bbox 396 2684 699 2746; x_wconf 88' lang='lat' dir='ltr'><strong><em>excommunicatos</em></strong></span> <span class='ocrx_word' id='word_1_185' title='bbox 714 2682 832 2762; x_wconf 85' lang='lat' dir='ltr'><strong><em>fnisse;</em></strong></span> <span class='ocrx_word' id='word_1_186' title='bbox 850 2680 902 2744; x_wconf 88' lang='lat' dir='ltr'><strong><em>vel</em></strong></span> <span class='ocrx_word' id='word_1_187' title='bbox 921 2679 1036 2743; x_wconf 87' lang='lat' dir='ltr'><strong><em>saltem</em></strong></span> <span class='ocrx_word' id='word_1_188' title='bbox 1051 2698 1179 2742; x_wconf 88' lang='lat' dir='ltr'><strong><em>excom·</em></strong></span> 
     </span>
     <span class='ocr_line' id='line_1_24' title="bbox 90 2776 1179 2864; baseline -0.001 -24"><span class='ocrx_word' id='word_1_189' title='bbox 90 2778 296 2846; x_wconf 71' lang='lat' dir='ltr'><strong><em>amicationis</em></strong></span> <span class='ocrx_word' id='word_1_190' title='bbox 313 2780 511 2846; x_wconf 88' lang='lat' dir='ltr'><strong><em>sententiam</em></strong></span> <span class='ocrx_word' id='word_1_191' title='bbox 528 2777 660 2864; x_wconf 89' lang='lat' dir='ltr'><strong><em>plenam</em></strong></span> <span class='ocrx_word' id='word_1_192' title='bbox 677 2780 905 2843; x_wconf 87' lang='lat' dir='ltr'><strong><em>executionem</em></strong></span> <span class='ocrx_word' id='word_1_193' title='bbox 923 2799 989 2841; x_wconf 91' lang='lat' dir='ltr'><strong><em>non</em></strong></span> <span class='ocrx_word' id='word_1_194' title='bbox 1003 2776 1179 2860; x_wconf 86' lang='lat' dir='ltr'><strong><em>accepisse.</em></strong></span> 
     </span>
    </p>

    <p class='ocr_par' dir='ltr' id='par_1_3' title="bbox 87 2874 1183 3551">
     <span class='ocr_line' id='line_1_25' title="bbox 160 2874 1181 2962; baseline -0.007 -20"><span class='ocrx_word' id='word_1_195' title='bbox 160 2877 205 2944; x_wconf 80' lang='lat' dir='ltr'><strong><em>lb.</em></strong></span> <span class='ocrx_word' id='word_1_196' title='bbox 228 2879 390 2960; x_wconf 81' lang='lat' dir='ltr'><strong><em>Quaestio</em></strong></span> <span class='ocrx_word' id='word_1_197' title='bbox 414 2878 514 2940; x_wconf 88' lang='lat' dir='ltr'><strong><em>etiam</em></strong></span> <span class='ocrx_word' id='word_1_198' title='bbox 538 2877 704 2958; x_wconf 82' lang='lat' dir='ltr'><strong><em>clarescet,</em></strong></span> <span class='ocrx_word' id='word_1_199' title='bbox 724 2879 750 2941; x_wconf 92' lang='lat' dir='ltr'><strong><em>si</em></strong></span> <span class='ocrx_word' id='word_1_200' title='bbox 775 2876 939 2962; x_wconf 85' lang='lat' dir='ltr'><strong><em>quaedam</em></strong></span> <span class='ocrx_word' id='word_1_201' title='bbox 963 2874 1181 2938; x_wconf 85' lang='lat' dir='ltr'><strong><em>advertuntur</em></strong></span> 
     </span>
     <span class='ocr_line' id='line_1_26' title="bbox 89 2967 1180 3060; baseline 0.001 -28"><span class='ocrx_word' id='word_1_202' title='bbox 89 2967 120 3034; x_wconf 88' lang='lat' dir='ltr'><strong><em>dc</em></strong></span> <span class='ocrx_word' id='word_1_203' title='bbox 138 2977 474 3042; x_wconf 86' lang='lat' dir='ltr'><strong><em>excommunicatione</em></strong></span> <span class='ocrx_word' id='word_1_204' title='bbox 481 3023 489 3054; x_wconf 92' lang='lat'><strong><em>,</em></strong></span> <span class='ocrx_word' id='word_1_205' title='bbox 522 2975 617 3060; x_wconf 88' lang='lat' dir='ltr'><strong><em>cujus</em></strong></span> <span class='ocrx_word' id='word_1_206' title='bbox 646 2977 730 3038; x_wconf 85' lang='lat' dir='ltr'><strong><em>ratio</em></strong></span> <span class='ocrx_word' id='word_1_207' title='bbox 760 2974 926 3060; x_wconf 80' lang='lat' dir='ltr'><strong><em>prioribus</em></strong></span> <span class='ocrx_word' id='word_1_208' title='bbox 950 2971 1089 3036; x_wconf 88' lang='lat' dir='ltr'><strong><em>saeculis</em></strong></span> <span class='ocrx_word' id='word_1_209' title='bbox 1113 2991 1180 3034; x_wconf 90' lang='lat' dir='ltr'><strong><em>non</em></strong></span> 
     </span>
     <span class='ocr_line' id='line_1_27' title="bbox 89 3069 1180 3156; baseline -0.002 -22"><span class='ocrx_word' id='word_1_210' title='bbox 89 3091 196 3156; x_wconf 74' lang='lat' dir='ltr'><strong><em>semper</em></strong></span> <span class='ocrx_word' id='word_1_211' title='bbox 216 3075 346 3156; x_wconf 62' lang='lat' dir='ltr'><strong><em>udam,</em></strong></span> <span class='ocrx_word' id='word_1_212' title='bbox 370 3094 432 3137; x_wconf 89' lang='lat' dir='ltr'><strong><em>nec</em></strong></span> <span class='ocrx_word' id='word_1_213' title='bbox 447 3073 493 3135; x_wconf 90' lang='lat' dir='ltr'><strong><em>ita</em></strong></span> <span class='ocrx_word' id='word_1_214' title='bbox 508 3071 725 3137; x_wconf 87' lang='lat' dir='ltr'><strong><em>determinata</em></strong></span> <span class='ocrx_word' id='word_1_215' title='bbox 748 3082 826 3152; x_wconf 90' lang='lat' dir='ltr'><strong><em>erat,</em></strong></span> <span class='ocrx_word' id='word_1_216' title='bbox 848 3074 895 3135; x_wconf 90' lang='lat' dir='ltr'><strong><em>uti</em></strong></span> <span class='ocrx_word' id='word_1_217' title='bbox 914 3069 1085 3156; x_wconf 80' lang='lat' dir='ltr'><strong><em>posteriori</em></strong></span> <span class='ocrx_word' id='word_1_218' title='bbox 1101 3077 1180 3132; x_wconf 87' lang='lat' dir='ltr'><strong><em>tem·</em></strong></span> 
     </span>
     <span class='ocr_line' id='line_1_28' title="bbox 88 3165 1180 3257; baseline -0.003 -24"><span class='ocrx_word' id='word_1_219' title='bbox 88 3187 151 3248; x_wconf 86' lang='lat' dir='ltr'><strong><em>porc</em></strong></span> <span class='ocrx_word' id='word_1_220' title='bbox 177 3194 233 3257; x_wconf 85' lang='lat' dir='ltr'><strong><em>per</em></strong></span> <span class='ocrx_word' id='word_1_221' title='bbox 263 3173 359 3240; x_wconf 86' lang='lat' dir='ltr'><strong><em>Juris</em></strong></span> <span class='ocrx_word' id='word_1_222' title='bbox 391 3171 542 3234; x_wconf 85' lang='lat' dir='ltr'><strong><em>canonici</em></strong></span> <span class='ocrx_word' id='word_1_223' title='bbox 567 3170 697 3254; x_wconf 83' lang='lat' dir='ltr'><strong><em>regulas</em></strong></span> <span class='ocrx_word' id='word_1_224' title='bbox 730 3169 854 3234; x_wconf 84' lang='lat' dir='ltr'><strong><em>factum</em></strong></span> <span class='ocrx_word' id='word_1_225' title='bbox 879 3168 968 3254; x_wconf 79' lang='lat' dir='ltr'><strong><em>est.¹)</em></strong></span> <span class='ocrx_word' id='word_1_226' title='bbox 1015 3165 1114 3248; x_wconf 80' lang='lat' dir='ltr'><strong><em>Quod</em></strong></span> <span class='ocrx_word' id='word_1_227' title='bbox 1136 3166 1180 3230; x_wconf 85' lang='lat' dir='ltr'><strong><em>ad</em></strong></span> 
     </span>
     <span class='ocr_line' id='line_1_29' title="bbox 87 3267 1181 3358; baseline -0.005 -24"><span class='ocrx_word' id='word_1_228' title='bbox 87 3268 234 3356; x_wconf 61' lang='lat' dir='ltr'><strong><em>episcopos</em></strong></span> <span class='ocrx_word' id='word_1_229' title='bbox 268 3279 397 3358; x_wconf 86' lang='lat' dir='ltr'><strong><em>spectat</em></strong></span> <span class='ocrx_word' id='word_1_230' title='bbox 425 3267 588 3352; x_wconf 86' lang='lat' dir='ltr'><strong><em>triplicem</em></strong></span> <span class='ocrx_word' id='word_1_231' title='bbox 618 3290 792 3353; x_wconf 88' lang='lat' dir='ltr'><strong><em>possumus</em></strong></span> <span class='ocrx_word' id='word_1_232' title='bbox 820 3269 1023 3350; x_wconf 86' lang='lat' dir='ltr'><strong><em>distinguere</em></strong></span> <span class='ocrx_word' id='word_1_233' title='bbox 1052 3285 1181 3328; x_wconf 83' lang='lat' dir='ltr'><strong><em>excom-</em></strong></span> 
     </span>
     <span class='ocr_line' id='line_1_30' title="bbox 88 3364 1181 3451; baseline 0 -24"><span class='ocrx_word' id='word_1_234' title='bbox 88 3367 324 3434; x_wconf 81' lang='lat' dir='ltr'><strong><em>municationem</em></strong></span> <span class='ocrx_word' id='word_1_235' title='bbox 353 3388 411 3430; x_wconf 85' lang='lat' dir='ltr'><strong><em>seu</em></strong></span> <span class='ocrx_word' id='word_1_236' title='bbox 439 3368 681 3431; x_wconf 87' lang='lat' dir='ltr'><strong><em>communionis</em></strong></span> <span class='ocrx_word' id='word_1_237' title='bbox 708 3367 927 3451; x_wconf 80' lang='lat' dir='ltr'><strong><em>negationem.</em></strong></span> <span class='ocrx_word' id='word_1_238' title='bbox 977 3366 1014 3428; x_wconf 83' lang='lat'><strong><em>1⁰</em></strong></span> <span class='ocrx_word' id='word_1_239' title='bbox 1044 3364 1181 3429; x_wconf 81' lang='lat' dir='ltr'><strong><em>Anatbe-</em></strong></span> 
     </span>
     <span class='ocr_line' id='line_1_31' title="bbox 87 3459 1183 3551; baseline -0.004 -24"><span class='ocrx_word' id='word_1_240' title='bbox 87 3464 164 3527; x_wconf 72' lang='lat' dir='ltr'><strong><em>aotis</em></strong></span> <span class='ocrx_word' id='word_1_241' title='bbox 184 3487 238 3530; x_wconf 88' lang='lat' dir='ltr'><strong><em>sen</em></strong></span> <span class='ocrx_word' id='word_1_242' title='bbox 262 3463 446 3551; x_wconf 82' lang='lat' dir='ltr'><strong><em>completae</em></strong></span> <span class='ocrx_word' id='word_1_243' title='bbox 470 3465 821 3529; x_wconf 81' lang='lat' dir='ltr'><strong><em>excommunicationis</em></strong></span> <span class='ocrx_word' id='word_1_244' title='bbox 849 3484 956 3548; x_wconf 91' lang='lat' dir='ltr'><strong><em>poena</em></strong></span> <span class='ocrx_word' id='word_1_245' title='bbox 978 3459 1183 3524; x_wconf 81' lang='lat' dir='ltr'><strong><em>feriebantur</em></strong></span> 
     </span>
    </p>
   </div>
   <div class='ocr_carea' id='block_1_3' title="bbox 87 3555 1181 3726">
    <p class='ocr_par' dir='ltr' id='par_1_4' title="bbox 87 3555 1181 3726">
     <span class='ocr_line' id='line_1_32' title="bbox 87 3555 1181 3649; baseline -0.005 -22"><span class='ocrx_word' id='word_1_246' title='bbox 87 3559 227 3648; x_wconf 68' lang='lat' dir='ltr'><strong><em>canapi,</em></strong></span> <span class='ocrx_word' id='word_1_247' title='bbox 259 3563 318 3649; x_wconf 89' lang='lat' dir='ltr'><strong><em>qni</em></strong></span> <span class='ocrx_word' id='word_1_248' title='bbox 350 3560 479 3626; x_wconf 86' lang='lat' dir='ltr'><strong><em>haeresi</em></strong></span> <span class='ocrx_word' id='word_1_249' title='bbox 511 3561 566 3626; x_wconf 83' lang='lat' dir='ltr'><strong><em>vel</em></strong></span> <span class='ocrx_word' id='word_1_250' title='bbox 599 3561 767 3626; x_wconf 87' lang='lat' dir='ltr'><strong><em>schismati</em></strong></span> <span class='ocrx_word' id='word_1_251' title='bbox 799 3561 1012 3647; x_wconf 86' lang='lat' dir='ltr'><strong><em>pertinaciter</em></strong></span> <span class='ocrx_word' id='word_1_252' title='bbox 1034 3555 1181 3623; x_wconf 87' lang='lat' dir='ltr'><strong><em>inhaere·</em></strong></span> 
     </span>
     <span class='ocr_line' id='line_1_33' title="bbox 87 3653 1180 3726; baseline -0.004 -4"><span class='ocrx_word' id='word_1_253' title='bbox 87 3653 161 3724; x_wconf 76' lang='lat' dir='ltr'><strong><em>bant</em></strong></span> <span class='ocrx_word' id='word_1_254' title='bbox 202 3659 255 3726; x_wconf 82' lang='lat' dir='ltr'><strong><em>Ex</em></strong></span> <span class='ocrx_word' id='word_1_255' title='bbox 284 3657 437 3725; x_wconf 82' lang='lat' dir='ltr'><strong><em>Ecclesia</em></strong></span> <span class='ocrx_word' id='word_1_256' title='bbox 469 3658 632 3724; x_wconf 88' lang='lat' dir='ltr'><strong><em>catholica</em></strong></span> <span class='ocrx_word' id='word_1_257' title='bbox 660 3658 724 3722; x_wconf 90' lang='lat' dir='ltr'><strong><em>hac</em></strong></span> <span class='ocrx_word' id='word_1_258' title='bbox 754 3660 881 3722; x_wconf 87' lang='lat' dir='ltr'><strong><em>ratione</em></strong></span> <span class='ocrx_word' id='word_1_259' title='bbox 909 3655 1180 3720; x_wconf 86' lang='lat' dir='ltr'><strong><em>excludebantur.</em></strong></span> 
     </span>
    </p>
   </div>
   <div class='ocr_carea' id='block_1_4' title="bbox 89 3751 1182 4041">
    <p class='ocr_par' dir='ltr' id='par_1_5' title="bbox 89 3751 1182 4041">
     <span class='ocr_line' id='line_1_34' title="bbox 89 3751 1180 3842; baseline -0.004 -22"><span class='ocrx_word' id='word_1_260' title='bbox 89 3789 122 3802; x_wconf 90' lang='lat'><em>-</em></span> <span class='ocrx_word' id='word_1_261' title='bbox 141 3756 175 3820; x_wconf 77' lang='lat'><strong><em>2⁰</em></strong></span> <span class='ocrx_word' id='word_1_262' title='bbox 204 3759 364 3824; x_wconf 73' lang='lat' dir='ltr'><strong><em>Minimus</em></strong></span> <span class='ocrx_word' id='word_1_263' title='bbox 393 3757 575 3842; x_wconf 82' lang='lat' dir='ltr'><strong><em>denegatae</em></strong></span> <span class='ocrx_word' id='word_1_264' title='bbox 606 3758 848 3822; x_wconf 89' lang='lat' dir='ltr'><strong><em>communionis</em></strong></span> <span class='ocrx_word' id='word_1_265' title='bbox 877 3755 1000 3840; x_wconf 81' lang='lat' dir='ltr'><strong><em>gradus</em></strong></span> <span class='ocrx_word' id='word_1_266' title='bbox 1023 3763 1102 3818; x_wconf 87' lang='lat' dir='ltr'><strong><em>erat&#39;</em></strong></span> <span class='ocrx_word' id='word_1_267' title='bbox 1116 3751 1180 3832; x_wconf 85' lang='lat' dir='ltr'><strong><em>ille,</em></strong></span> 
     </span>
     <span class='ocr_line' id='line_1_35' title="bbox 89 3853 1181 3942; baseline -0.002 -26"><span class='ocrx_word' id='word_1_268' title='bbox 89 3871 172 3934; x_wconf 81' lang='lat' dir='ltr'><strong><em>quun</em></strong></span> <span class='ocrx_word' id='word_1_269' title='bbox 197 3858 371 3942; x_wconf 85' lang='lat' dir='ltr'><strong><em>episcopus</em></strong></span> <span class='ocrx_word' id='word_1_270' title='bbox 398 3855 581 3942; x_wconf 85' lang='lat' dir='ltr'><strong><em>jubebatur</em></strong></span> <span class='ocrx_word' id='word_1_271' title='bbox 612 3879 687 3920; x_wconf 82' lang='lat' dir='ltr'><strong><em>snae</em></strong></span> <span class='ocrx_word' id='word_1_272' title='bbox 711 3855 858 3920; x_wconf 75' lang='lat' dir='ltr'><strong><em>emlesiae</em></strong></span> <span class='ocrx_word' id='word_1_273' title='bbox 881 3853 1093 3918; x_wconf 86' lang='lat' dir='ltr'><strong><em>communione</em></strong></span> <span class='ocrx_word' id='word_1_274' title='bbox 1116 3873 1181 3915; x_wconf 85' lang='lat' dir='ltr'><strong><em>esse</em></strong></span> 
     </span>
     <span class='ocr_line' id='line_1_36' title="bbox 89 3949 1182 4041; baseline -0.006 -22"><span class='ocrx_word' id='word_1_275' title='bbox 89 3963 235 4019; x_wconf 63' lang='lat' dir='ltr'><strong><em>munna.</em></strong></span> <span class='ocrx_word' id='word_1_276' title='bbox 287 3951 361 4018; x_wconf 81' lang='lat' dir='ltr'><strong><em>Tali</em></strong></span> <span class='ocrx_word' id='word_1_277' title='bbox 400 3955 554 4041; x_wconf 87' lang='lat' dir='ltr'><strong><em>episcopo</em></strong></span> <span class='ocrx_word' id='word_1_278' title='bbox 586 3952 644 4018; x_wconf 89' lang='lat' dir='ltr'><strong><em>alii</em></strong></span> <span class='ocrx_word' id='word_1_279' title='bbox 676 3954 821 4038; x_wconf 89' lang='lat' dir='ltr'><strong><em>episcopi</em></strong></span> <span class='ocrx_word' id='word_1_280' title='bbox 854 3972 914 4038; x_wconf 90' lang='lat' dir='ltr'><strong><em>per</em></strong></span> <span class='ocrx_word' id='word_1_281' title='bbox 941 3950 1067 4015; x_wconf 84' lang='lat' dir='ltr'><strong><em>litteras</em></strong></span> <span class='ocrx_word' id='word_1_282' title='bbox 1094 3949 1182 4034; x_wconf 86' lang='lat' dir='ltr'><strong><em>paci·</em></strong></span> 
     </span>
    </p>
   </div>
   <div class='ocr_carea' id='block_1_5' title="bbox 91 4090 277 4112">
    <p class='ocr_par' dir='ltr' id='par_1_6' title="bbox 91 4090 277 4112">
     <span class='ocr_line' id='line_1_37' title="bbox 91 4090 277 4112; baseline -0.005 -8"><span class='ocrx_word' id='word_1_283' title='bbox 91 4090 277 4112; x_wconf 42' lang='lat' dir='ltr'><strong><em>*Q*</em></strong></span> 
     </span>
    </p>
   </div>
   <div class='ocr_carea' id='block_1_6' title="bbox 91 4181 1183 4334">
    <p class='ocr_par' dir='ltr' id='par_1_7' title="bbox 91 4181 1183 4334">
     <span class='ocr_line' id='line_1_38' title="bbox 151 4181 1183 4254; baseline -0.001 -16"><span class='ocrx_word' id='word_1_284' title='bbox 151 4183 168 4250; x_wconf 82' lang='lat'><strong><em>¹)</em></strong></span> <span class='ocrx_word' id='word_1_285' title='bbox 188 4185 227 4254; x_wconf 76' lang='lat' dir='ltr'><strong><em>tp</em></strong></span> <span class='ocrx_word' id='word_1_286' title='bbox 258 4186 430 4250; x_wconf 71' lang='lat' dir='ltr'><strong><em>Eucherium</em></strong></span> <span class='ocrx_word' id='word_1_287' title='bbox 453 4185 493 4240; x_wconf 85' lang='lat' dir='ltr'><strong><em>Da</em></strong></span> <span class='ocrx_word' id='word_1_288' title='bbox 515 4185 646 4239; x_wconf 88' lang='lat' dir='ltr'><strong><em>Doctrina</em></strong></span> <span class='ocrx_word' id='word_1_289' title='bbox 670 4189 819 4252; x_wconf 84' lang='lat' dir='ltr'><strong><em>temporum</em></strong></span> <span class='ocrx_word' id='word_1_290' title='bbox 842 4187 892 4237; x_wconf 86' lang='lat' dir='ltr'><strong><em>stc.</em></strong></span> <span class='ocrx_word' id='word_1_291' title='bbox 917 4197 943 4250; x_wconf 86' lang='lat' dir='ltr'><strong><em>p.</em></strong></span> <span class='ocrx_word' id='word_1_292' title='bbox 966 4183 1028 4238; x_wconf 75' lang='lat' dir='ltr'><strong><em>su.</em></strong></span> <span class='ocrx_word' id='word_1_293' title='bbox 1067 4181 1088 4252; x_wconf 84' lang='lat'><strong><em>²)</em></strong></span> <span class='ocrx_word' id='word_1_294' title='bbox 1112 4181 1183 4237; x_wconf 79' lang='lat' dir='ltr'><strong><em>Vide</em></strong></span> 
     </span>
     <span class='ocr_line' id='line_1_39' title="bbox 91 4253 665 4334; baseline -0.005 -13"><span class='ocrx_word' id='word_1_295' title='bbox 91 4253 665 4334; x_wconf 58' lang='lat' dir='ltr'><strong><em>mmmmmtniaatmem</em></strong></span> 
     </span>
    </p>
   </div>
   <div class='ocr_carea' id='block_1_7' title="bbox 0 0 1466 4818">
    <p class='ocr_par' dir='ltr' id='par_1_8' title="bbox 0 0 1466 4818">
     <span class='ocr_line' id='line_1_40' title="bbox 0 0 1466 4818; baseline 0 0"><span class='ocrx_word' id='word_1_296' title='bbox 0 0 1466 4818; x_wconf 95' lang='lat' dir='ltr'><strong><em> </em></strong></span> 
     </span>
    </p>
   </div>
  </div>
 </body>
</html>
