2900 4800
230 467 284 522 422
605 465 645 520 Do
663 480 744 520 cenea
762 466 875 520 Honorii
893 465 926 520 R
945 466 977 521 P.

232 631 301 675 rem
337 609 485 674 nondum
518 608 767 691 confirmatum,
798 608 928 673 trahere
952 609 1159 676 studuerunt.
1206 611 1358 678 Postula-

232 719 301 773 tum
326 708 481 773 videlicet
496 706 539 772 ab
554 729 591 770 eo
606 707 670 770 fuit
688 717 866 792 antequem
881 707 1144 787 confirmaretur,
1161 719 1199 773 ut
1213 710 1359 775 subscri·

233 807 326 871 beret
347 805 483 871 Ecthcei
506 805 664 870 Heraclii.
711 805 750 869 Id
783 806 937 869 novimus
961 827 1003 869 ex
1036 805 1172 891 epistole
1196 807 1278 892 Cyri
1312 809 1358 873 ad

235 905 386 990 Sergium
410 906 444 968 in
468 926 534 989 que
558 902 691 985 scribit,
715 902 779 966 eibi
795 901 940 967 delatum
966 925 1036 967 esee
1050 904 1220 989 exemplar
1233 905 1356 970 Ecthe-

234 1025 307 1069 seos
332 1003 376 1067 ad
389 1004 526 1066 Jeacium
549 1000 841 1065 eaccllmtieeimam
858 1002 1032 1087 panicium
1055 1011 1084 1066 et
1106 1005 1275 1068 exarchum
1290 1007 1356 1069 Ita·

232 1103 298 1166 liae
322 1103 513 1182 destinatae,
538 1123 631 1186 qaam
654 1098 744 1163 debet
762 1097 909 1184 profiteri
930 1100 1099 1163 communie
1113 1100 1226 1186 frater
1247 1114 1358 1166 noster

232 1199 398 1264 Seueriuue
420 1199 636 1262 eunctieeimae
653 1198 721 1261 Deo
733 1202 867 1287 juvante
885 1199 939 1282 qui
957 1197 1127 1262 ordinatur
1148 1199 1184 1261 iu
1202 1199 1354 1286 Roma¹).

232 1296 360 1362 Similia
395 1295 593 1380 colliguntur
627 1315 668 1358 ex
703 1294 843 1380 epistole
874 1295 908 1361 S.
942 1295 1083 1359 Maximi
1116 1295 1159 1359 ed
1185 1295 1357 1361 Theleeei-

115 1383 121 1423 ί
171 1383 191 1424 ⁵⁰
233 1393 331 1481 um2).
388 1394 499 1475 Quum
536 1415 615 1457 vero
648 1393 772 1458 Romae
804 1391 839 1457 id
873 1393 1107 1478 denegaretur,
1145 1393 1204 1458 diu
1236 1394 1355 1459 confir·

234 1495 335 1558 mutio
369 1501 401 1556 ct
433 1491 595 1556 ordinatio
629 1491 664 1558 S.
687 1491 837 1557 Severini
870 1490 980 1556 deleto
1012 1499 1079 1570 eet,
1113 1493 1159 1556 ite
1188 1501 1226 1556 ut
1249 1491 1358 1558 Sedes

232 1589 424 1676 Apostoliee
453 1599 587 1654 vacaret
619 1589 698 1654 inde
730 1613 750 1654 e
783 1589 824 1654 12
853 1589 925 1655 Oct
960 1591 1039 1654 unni
1072 1589 1137 1654 638
1170 1612 1277 1676 aeque
1309 1590 1355 1654 ad

233 1687 321 1752 diem
345 1688 421 1752 28⁰m
450 1688 531 1752 Maii
564 1690 644 1752 enni
678 1687 753 1752 640.
798 1687 849 1752 Εο
881 1689 1055 1752 interstitio
1089 1686 1230 1773 direptio
1263 1687 1356 1752 fecto

233 1795 282 1850 eet
305 1787 463 1873 episcopii
473 1785 726 1867 Laterancneie‚
750 1808 790 1850 cc
814 1807 900 1872 pure.
913 1805 1024 1849 rerum
1048 1784 1250 1870 direptorum
1269 1783 1354 1850 Con-

233 1883 480 1970 stantinopolim
504 1885 604 1948 missu
629 1892 686 1950 eet.
733 1885 871 1968 Legitur
893 1883 983 1969 epod
1006 1883 1222 1948 Anastasium
1245 1885 1282 1948 in
1298 1884 1355 1948 Vi·
1441 1935 1442 1938 ι

233 1985 274 2047 tis
297 1981 515 2048 Pontificum:
540 1981 646 2072 Hujue
669 1980 849 2070 (Severini)
874 1981 1064 2068 temporibus
1086 1981 1285 2047 deoaetatnm
1309 1995 1354 2048 eet
1441 2053 1442 2060 ἶ

234 2083 426 2168 epiecopium
450 2081 662 2144 Lateranenec
686 2104 707 2144 a
728 2082 883 2144 Mauricio
907 2079 1100 2144 chartulario
1124 2091 1154 2144 et
1167 2081 1274 2145 Ieacio
1292 2105 1353 2168 pa·

233 2181 324 2243 tricia
348 2191 378 2242 et
401 2179 533 2242 eparcho
552 2179 678 2258 Italiae,
703 2201 771 2242 cum
794 2179 894 2242 adhuc
917 2177 1031 2242 eiectum
1046 2191 1124 2242 eeeet
1146 2179 1283 2244 domnus
1302 2180 1352 2245 Sc·

231 2279 367 2342 verinae.
388 2279 584 2342 ..Introivit
598 2277 772 2342 Mauritius
796 2299 863 2341 cum
878 2277 1043 2366 judicibue
1064 2277 1120 2364 qui
1140 2278 1264 2341 inuenti
1282 2290 1354 2342 eunt

232 2399 300 2439 cum
322 2377 392 2462 ipeo
415 2377 450 2440 in
474 2374 620 2455 coneilio,
645 2387 675 2440 et
698 2375 870 2460 (intrantee
897 2373 952 2438 eub
975 2377 1077 2460 epecie
1097 2375 1206 2460 pacie)
1230 2375 1350 2461 eiqillu-

233 2484 344 2538 verunt
367 2496 455 2538 omne
474 2475 658 2538 vectiarium
677 2473 839 2552 ecclesiae,
855 2496 908 2536 eeu
924 2469 1071 2558 mmbilio
1093 2473 1257 2559 epiecopii,
1274 2497 1351 2559 quae

233 2571 352 2635 diversi
384 2571 637 2636 chmetianieeimi
666 2573 877 2658 Imperatores
909 2593 962 2634 eea
987 2571 1127 2657 patricii
1157 2581 1188 2635 et
1210 2573 1350 2637 carmem

226 2692 289 2755 pro
312 2669 524 2755 redemptione
552 2671 731 2734 animarum
762 2693 890 2734 aearum
912 2669 951 2734 B.
984 2669 1078 2732 Petro
1101 2667 1256 2758 Apoetolo
1279 2669 1349 2734 reti-

230 2779 381 2852 querant,
405 2778 441 2831 ut
461 2767 658 2855 pauperibue
673 2767 808 2855 einpalie
821 2767 1012 2854 temporibus
1021 2790 1083 2854 pro
1107 2766 1264 2832 alimonia
1286 2791 1347 2832 an·

229 2877 397 2952 parentur,
422 2889 476 2930 eeu
493 2877 628 2953 propter
651 2865 894 2952 redemptionem
925 2867 1129 2951 captivorum.
1153 2866 1197 2929 Et
1215 2877 1347 2952 poetmo·

230 2964 305 3027 dum
336 2965 422 3028 mieit
451 2965 623 3028 Mauritiue
654 2963 807 3050 epe'etolue
838 2987 913 3028 enae
944 2963 988 3026 ad
1015 2963 1151 3027 Ieacium
1177 2965 1347 3049 patriciae

232 3063 418 3125 Ravennam
430 3061 469 3124 de
481 3062 536 3125 hoc
547 3062 631 3147 quod
644 3071 747 3126 actum
763 3073 824 3140 eet,
840 3061 990 3148 quomodo
1000 3063 1068 3147 ipee
1077 3083 1145 3124 cam
1157 3064 1298 3125 acereta
1309 3062 1345 3124 ei·
1441 3099 1442 3106 ι

229 3158 375 3244 pillaeeet
398 3183 485 3224 omne
508 3160 691 3224 ceetiarium
714 3160 884 3247 epiecopii,
913 3169 942 3222 et
965 3161 1040 3246 quie
1063 3161 1130 3222 eine
1153 3157 1266 3244 aliqua
1288 3157 1343 3222 lae·

231 3259 318 3322 aione
342 3281 461 3322 omnem
484 3258 694 3324 mehetantiam
710 3281 802 3346 eacpe
820 3258 937 3322 dictam
945 3258 1125 3344 potuieeent
1147 3257 1342 3343 depraedati.

236 3353 368 3440 Cumque
400 3359 474 3421 haec
505 3358 609 3421 nerine
641 3359 831 3442 copuovieeet
860 3357 998 3432 Ieaciue,
1023 3355 1107 3419 uenit
1137 3355 1174 3418 in
1197 3357 1344 3419 civitatee

231 3455 420 3534 Romanam,
449 3466 478 3518 ct
512 3454 597 3518 mieit
629 3476 734 3517 omnes
760 3457 918 3540 primatee
945 3453 1091 3517 eccleciae
1123 3449 1266 3538 einqque
1291 3473 1343 3537 per

230 3551 372 3639 einpuloe
395 3555 537 3616 civitatee
560 3554 595 3616 iu
619 3552 763 3631 emiliam,
793 3563 914 3616 utnon
928 3551 1050 3637 foieeet
1080 3551 1135 3636 qui
1156 3551 1188 3612 ei
1209 3548 1342 3614 mim
1441 3589 1442 3616 ι

230 3649 387 3714 debuieeet
418 3651 456 3714 de
489 3649 580 3714 clero.
628 3651 670 3713 Et
696 3659 772 3736 poet
805 3651 873 3714 diee
905 3649 1085 3735 aliquantae
1115 3649 1273 3731 inprocera
1301 3655 1340 3708 ea
1441 3673 1442 3690 ι

230 3751 352 3813 Ieaciue
381 3749 539 3836 patriciae
562 3749 597 3811 iu
621 3749 812 3835 epiecopiam
836 3749 1063 3825 Lateraneuee,
1088 3757 1117 3810 et
1131 3745 1206 3831 suit
1227 3745 1272 3809 ibi
1287 3765 1340 3830 per

230 3847 299 3911 dice
322 3857 409 3923 octo,
432 3869 527 3932 cepae
551 3845 625 3909 dum
647 3867 752 3910 omnee
776 3847 984 3911 enbetantiam
1005 3844 1096 3908 illam
1118 3843 1339 3930 depraedaren-
1441 3851 1442 3896 ἶ

231 3955 290 4007 tur.
338 3944 458 4007 Eadem
481 3955 617 4031 tempore
642 3945 762 4009 dircuit
781 3945 896 4009 exinde
920 3967 959 4008 ea
982 3946 1054 4030 ipen
1076 3941 1255 4006 uebetamia
1270 3961 1338 4025 por·

306 4165 328 4232 ¹)
348 4164 448 4220 tuncil.
470 4165 595 4220 Lutoron.
615 4166 664 4220 eub
683 4165 802 4220 Hirtino
821 4165 842 4220 1.
862 4165 1023 4221 moretm.

304 4249 325 4299 ’t
345 4243 377 4295 V.
396 4243 494 4306 Lethe,
514 4251 532 4296 t.
554 4245 586 4298 V.
606 4261 631 4312 p.
651 4246 729 4300 1754.
