2924 4818
113 3021 134 3064 S.
151 3023 225 3064 Linus.

263 479 316 530 120
509 480 549 533 De
567 481 643 534 Rom.
662 482 740 536 Pont
758 482 858 535 saeculi
877 481 955 549 primi
973 485 1002 534 et
1019 481 1135 533 secundi.

262 641 376 706 nsque,
409 624 456 684 uti
490 624 646 705 vidimus,
679 624 880 706 obtinuerat,
914 624 1075 686 sententia
1106 621 1171 686 lata
1194 631 1251 702 est,
1275 631 1367 704 atque

262 717 429 782 distinctio
441 718 683 785 Christianismi
700 721 902 786 aludaismo
919 721 1020 783 veluti
1044 721 1180 806 sancita.
1197 755 1240 764 -
1254 717 1367 780 Existi·
1442 755 1443 760 κ

262 816 546 904 matReumont1),
570 822 830 902 persecutionem
842 819 1065 882 Neronianam
1094 827 1207 881 contra
1229 815 1368 880 Judaeos

261 923 294 976 et
318 911 523 978 Christianos
546 916 705 979 directam
729 915 829 980 firisse
853 917 928 979 odio
952 917 1119 979 communi
1142 914 1281 978 Romani
1305 911 1368 974 vul·

260 1033 322 1096 gns
345 1011 519 1096 subjectos,
543 1035 583 1076 ac
607 1013 730 1098 duplex
748 1035 852 1098 genus
875 1022 1103 1076 accusatorum
1128 1011 1181 1075 vel
1203 1033 1245 1072 ex
1259 1010 1367 1073 Tacito

262 1110 432 1193 distingui,
449 1131 552 1195 quum
567 1110 648 1174 alios
662 1110 704 1175 ab
719 1111 793 1174 aliis
807 1111 970 1176 indicatos
983 1110 1084 1173 fuisse
1099 1108 1227 1172 referat.
1252 1107 1274 1172 J
1277 1107 1366 1170 udaei
1442 1167 1443 1170 ,

262 1206 418 1270 videlicet
455 1208 682 1293 comprehensi
722 1209 911 1273 indicarunt
949 1207 1163 1272 Christianos.
1219 1205 1368 1270 Attamen
1442 1215 1443 1290 ξ

262 1303 466 1389 probabilius
488 1305 631 1386 videtur,
656 1308 917 1391 persecutionem
927 1307 1150 1369 Neronianam
1174 1303 1216 1368 ad
1242 1302 1368 1367 Christi·
1442 1311 1443 1380 t

262 1423 342 1465 anos
364 1403 548 1465 restrictam
572 1403 682 1468 fuisse.
729 1405 774 1468 Hi
805 1427 847 1467 ex
877 1402 1143 1468 accusationibus
1172 1401 1369 1465 Judaeorum

262 1498 350 1584 plebi
366 1498 519 1562 credulae
524 1501 595 1584 jam
609 1503 707 1564 invisi
717 1510 820 1581 erant,
836 1511 935 1586 atque
946 1504 990 1564 ita
1000 1501 1088 1564 Nero
1098 1503 1133 1563 in
1144 1521 1197 1562 eos
1221 1499 1369 1584 suspicio·
1442 1513 1443 1584 ζ

262 1617 337 1660 nem
370 1595 516 1659 incendii
541 1597 661 1661 inferre
685 1601 777 1662 nisus
801 1610 858 1662 est.
906 1599 1004 1678 Quod
1028 1619 1107 1660 vero
1136 1597 1191 1660 alii
1225 1597 1270 1660 ab
1302 1595 1369 1659 aliis
1442 1651 1443 1677 ,

261 1693 496 1775 indicarentur,
522 1697 620 1758 etiam
654 1696 732 1759 inde
760 1697 830 1759 fieri
863 1698 980 1781 potuit,
1014 1695 1102 1781 quod
1135 1715 1237 1780 quum
1262 1693 1368 1778 religio

261 1791 441 1855 christiana
455 1813 598 1877 eousque
621 1793 736 1877 legalis
751 1804 843 1872 esset,
862 1793 1041 1857 Christiani
1066 1795 1174 1858 minus
1197 1791 1369 1877 prudentes

260 1900 376 1970 essent,
401 1901 500 1974 atque
515 1893 562 1953 ita
585 1893 716 1955 incaute
730 1892 772 1955 ad
787 1891 926 1955 aliorum
950 1892 1101 1956 notitiam
1119 1889 1252 1975 judiees
1275 1888 1369 1952 addu-

261 1998 382 2052 cerent.
406 2027 449 2034 —
470 1975 716 2052 Multitudinem
741 2011 854 2052 eorum
874 1991 930 2074 qui
954 1991 1044 2074 passi
1063 1997 1139 2051 sunt
1161 2007 1369 2072 permagnam

260 2085 360 2148 fuisse
385 2109 427 2148 cx
445 2086 560 2149 Tacito
584 2085 697 2172 liquet.
744 2087 889 2150 Duravit
911 2089 1094 2172 persecutio
1118 2088 1217 2149 etiam
1242 2105 1369 2170 sequen·

260 2182 349 2246 tibus
372 2185 467 2246 annis
490 2205 595 2268 usque
618 2183 660 2247 ad
684 2183 824 2247 Neronis
848 2194 995 2248 mortem.
1044 2183 1141 2264 Quod
1165 2183 1262 2246 facile
1286 2180 1369 2246 iutel-

260 2279 350 2364 liges,
385 2283 412 2344 si
444 2281 600 2362 advertis,
629 2283 700 2367 jam
734 2283 839 2366 ipsam
872 2281 1107 2367 professionem
1132 2279 1367 2345 Christianismi

261 2387 298 2441 ut
330 2380 456 2442 crimen
479 2381 629 2464 agnitum
662 2379 781 2460 fuisse3
814 2379 963 2465 adeoque
996 2381 1094 2442 etiam
1119 2381 1307 2464 suspicione
1329 2380 1369 2441 in·

262 2475 371 2539 cendii
391 2477 463 2561 jam
474 2477 594 2556 ablata,
610 2479 693 2540 ratio
708 2477 928 2562 persequendi
943 2476 1147 2541 Christianos
1169 2476 1368 2561 persistebat

262 2571 402 2636 Videtur
425 2585 534 2637 autern
560 2573 641 2638 haee
664 2577 847 2658 persecutio
876 2585 1012 2638 extensa
1035 2574 1136 2638 fuisse
1159 2575 1202 2638 ad
1225 2576 1369 2658 regiones

261 2670 384 2734 Romae
408 2671 546 2752 vicinas,
570 2694 637 2737 non
660 2681 769 2736 tamen
794 2673 837 2736 ad
861 2672 942 2736 alias
965 2675 1163 2758 provincias.
1210 2672 1309 2737 Anno
1332 2669 1368 2733 67

261 2767 318 2834 SS.
343 2767 517 2854 Apostolos
541 2769 674 2834 Petrum
699 2779 731 2832 et
754 2768 893 2832 Paulum
918 2772 1076 2854 martyrio
1100 2779 1273 2836 coronatos
1296 2789 1368 2844 esse,

256 2867 327 2950 jam
351 2865 506 2931 vidimus.

352 3000 403 3064 17.
434 2999 466 3064 S.
504 2999 660 3082 Linus,
699 2999 741 3086 (a.
781 2999 938 3084 67—79).
992 3001 1067 3064 Post
1105 2999 1200 3064 Paeti
1231 2999 1368 3085 Patrique

261 3098 445 3182 martyrium
463 3098 589 3182 primes
618 3097 778 3160 Ecclesiae
809 3099 971 3160 Romanoa
1004 3099 1217 3184 episcopatem
1240 3097 1370 3184 suscepit

262 3193 368 3256 Lines.
417 3194 522 3283 Hujus
545 3196 730 3258 mentionem
745 3195 833 3280 feeit
856 3195 975 3258 Paulos
1002 3197 1036 3258 a'o
1060 3195 1196 3282 epistola
1218 3218 1313 3280 qaam
1335 3191 1369 3254 oh

260 3291 334 3353 rebe
362 3293 465 3354 Rome
497 3291 541 3353 od
569 3293 758 3354 Timotheum
790 3293 926 3378 scripsit,
960 3293 1043 3356 inter
1065 3292 1275 3356 salutat-iones
1298 3313 1369 3378 ques

261 3386 309 3450 ad
328 3387 441 3450 calcem
478 3387 629 3473 epistolae
663 3390 824 3475 lep-enter:
857 3389 987 3453 Salutat
1020 3400 1058 3469 tc,
1086 3391 1199 3476 ioqreit,
1223 3387 1369 3464 Encheliae,

261 3485 395 3562 liade-ns,
427 3485 526 3548 Lines
556 3497 585 3548 et
619 3483 800 3572 Cloodie.²)
847 3487 947 3552 Hisce
976 3510 1060 3573 qnae
1090 3485 1252 3550 Eusebius
1278 3485 1318 3550 de
1340 3484 1368 3549 S.

260 3582 345 3646 Lino
379 3583 469 3664 dicit,
504 3595 684 3648 consonant
717 3585 834 3671 reliqui
858 3585 964 3648 fontes
997 3587 1135 3670 antiqui.
1182 3585 1235 3648 Ex
1258 3583 1368 3647 iisdem

260 3690 430 3765 praeterea
467 3679 549 3744 haec
587 3681 627 3743 dc
651 3681 683 3747 S.
716 3683 801 3746 Lino
840 3682 1048 3766 colliguntur.
1092 3681 1233 3745 Natione
1271 3681 1369 3744 Linus

261 3777 362 3842 Italus
386 3777 465 3859 suit3
491 3778 576 3841 sedit
605 3789 714 3842 autem
739 3779 790 3844 XI
820 3779 873 3842 vel
904 3779 972 3844 XII
997 3802 1110 3844 annos.
1156 3777 1369 3842 Probabiliter

256 3875 327 3960 jam
351 3875 384 3942 S.
407 3875 504 3940 Petro
538 3877 572 3939 in
598 3875 765 3940 Ecclesiae
795 3875 956 3960 gubernio
989 3877 1156 3958 adfuerat;
1182 3895 1368 3940 commemo·

337 4141 356 4206 Ι)
373 4137 404 4191 t..
424 4154 445 4190 c.
465 4139 495 4192 B.
514 4139 535 4193 I.
555 4140 579 4194 S.
599 4142 659 4193 ste.

335 4220 353 4284 ¹)
372 4217 467 4272 Enseb.
487 4219 521 4272 H.
542 4220 570 4272 E.
591 4220 607 4272 l.
628 4220 677 4272 III.
698 4236 719 4272 c.
738 4222 762 4272 2.
782 4221 836 4274 Otr.
855 4223 925 4276 Ireu.
945 4223 1013 4276 Adv.
1032 4221 1112 4277 Eser.
1132 4223 1148 4276 1.
1168 4223 1218 4276 111.
1239 4239 1260 4277 o
1279 4225 1303 4276 8.
