2810 4846
426 441 572 498 mereunt
590 443 746 498 auctoritas.
1117 445 1170 498 289

60 587 270 649 commentarii
300 606 405 650 emam
430 585 551 670 pietati
573 584 757 672 offerantur,
788 609 848 671 qao
866 587 1004 672 propria
1027 587 1168 674 oleipna·

61 685 150 760 tane,
174 695 211 746 at
232 684 329 745 moris
351 693 407 760 est,
425 683 562 768 planam
576 683 710 768 faciant
732 709 770 748 ao
792 684 994 769 mamfcstam
1016 705 1084 748 mm
1107 707 1167 749 om·

59 780 142 844 mma
165 779 258 844 nobis
280 781 464 844 canonicam
488 783 708 846 assensionem.

138 879 193 942 66.
218 877 288 942 Nec
312 880 420 942 minus
443 877 557 960 Patres
579 881 807 946 auctoritatem
831 878 1039 965 Apostolioae
1063 877 1167 960 Sedis,
1190 891 1323 941 *sumitur-

58 999 115 1061 que
137 977 220 1062 ipsis
244 997 359 1040 norma
376 977 448 1061 jam
468 978 671 1061 praescripta
686 987 764 1058 erat,
789 987 992 1060 agnoscunt.
1027 977 1168 1042 Actione

57 1077 157 1159 prima
181 1075 379 1138 sementiam
403 1075 438 1138 in
461 1074 649 1138 Nestorium
678 1076 927 1159 pronuntiantes
951 1075 1085 1140 dieunt:
1113 1073 1168 1140 Co·

56 1175 116 1236 ceti
133 1195 195 1259 per·
218 1193 326 1236 sacros
348 1193 482 1236 canones
515 1182 544 1236 et
562 1194 625 1257 per
655 1171 821 1258 epistolam
847 1173 1038 1238 sanctissimi
1061 1173 1169 1239 Patris

56 1281 82 1332 et
103 1271 309 1333 comministri
334 1267 503 1334 Coelestffl
525 1271 689 1336 Romanas
713 1269 862 1336 molesios
883 1270 1044 1356 Episcopi,
1068 1271 1168 1355 locop-

57 1369 110 1432 ais
132 1366 266 1430 abinde
285 1365 421 1452 perfusi,
447 1367 490 1430 ad
513 1365 672 1454 lnpabrem
685 1378 796 1432 contra
819 1391 887 1432 enm
910 1371 1095 1432 snmmtiam
1116 1393 1168 1432 ne·

55 1467 186 1530 assor-io
218 1465 367 1528 oenimas.
404 1501 448 1512 -
485 1465 591 1549 Igitur
614 1466 810 1530 sententiam
835 1463 1010 1529 Coelestini
1039 1467 1073 1530 in
1103 1470 1168 1552 epi·

57 1561 133 1626 stola
156 1561 229 1646 ejus
246 1560 290 1625 ad
307 1559 466 1646 Cyrillum
483 1572 670 1628 contentam
689 1561 877 1626 habuerunt
891 1572 928 1626 ut
951 1563 1167 1646 definitivam,

56 1662 104 1724 cui
129 1659 357 1744 obtemperare
381 1659 587 1724 tenebantur.
611 1697 654 1708 ·-
686 1661 817 1724 Firmus
841 1660 984 1746 denique
1006 1661 1167 1747 Metropo-

55 1757 109 1820 lita
134 1755 316 1822 Caesareae
340 1759 374 1821 in
390 1755 604 1844 Cappadocia
627 1759 767 1822 Actione
792 1757 937 1822 secunda
960 1757 1059 1822 dicit:
1084 1760 1167 1846 Apo·

55 1856 161 1920 stolioa
193 1853 291 1918 Sedes
317 1851 485 1920 Coelestini
508 1879 570 1941 per
597 1855 721 1920 litteras
751 1878 829 1940 psas
852 1855 896 1918 ad
917 1855 1168 1942 relipiosissimas

55 1957 211 2040 eps'scopos
239 1955 338 2030 misit,
367 1955 463 2016 etiam
485 1963 559 2018 ante
578 1955 742 2038 praesenti
768 1953 890 2039 nepotio
913 1956 1099 2018 senmntiam
1120 1978 1167 2019 re·

53 2051 212 2138 mloaeqae
242 2052 467 2136 praescripsit,
499 2073 593 2138 potem
621 2075 679 2116 nos
709 2073 826 2138 qaoque
858 2051 974 2128 secat,
998 2099 1006 2114 .
1032 2099 1038 2114 .
1064 2101 1071 2116 .
1096 2075 1168 2139 qao-

56 2151 137 2212 niom
172 2149 344 2214 Nestorius
374 2171 395 2212 a
425 2148 516 2212 nolis
545 2150 661 2212 citatem
691 2171 756 2212 non
775 2147 897 2234 poenit,
913 2147 1056 2232 formam
1078 2150 1168 2214 illam

5 2317 6 2338 χ
54 2248 227 2312 coemtioni
258 2245 485 2326 mandavimus,
519 2248 702 2310 emensam
733 2244 996 2331 apostolicamque
1011 2247 1169 2334 jndiciam

5 2353 7 2450 p
55 2346 83 2406 in
115 2367 186 2408 enm
211 2343 418 2430 proferentes.
454 2381 497 2390 -
531 2342 687 2424 Quaestio
721 2342 802 2407 haec
827 2341 868 2406 de
891 2345 1085 2408 auctoritato
1107 2346 1168 2410 Ro·

5 2451 7 2508 't
55 2444 139 2506 mani
162 2440 336 2506 Pontificis
357 2450 509 2526 respectu
533 2439 673 2506 Concilii
705 2441 865 2526 Ephesini
899 2443 1079 2525 praecipua
1100 2445 1168 2508 fere

54 2551 107 2620 cst,
132 2561 220 2624 quae
244 2540 415 2602 occasione
438 2538 536 2622 hujus
549 2537 677 2622 Synodi
696 2538 869 2604 tractanda
893 2541 1045 2622 occurrit,
1070 2550 1168 2626 atque

51 2637 116 2720 jam
140 2636 247 2716 vides,
272 2637 381 2721 ipsum
410 2637 605 2700 Pontificem
629 2636 763 2721 Synodo
793 2657 941 2700 normam
965 2636 1165 2721 stragulam

57 2735 320 2820 praescripsisse,
344 2755 420 2798 eum
443 2733 630 2798 nullatenus
663 2736 859 2799 sententiam
897 2736 998 2800 latam
1031 2735 1167 2800 arbitrio

56 2829 193 2896 Concilii
218 2831 406 2917 subjecisse,
431 2831 489 2896 sed
520 2832 673 2914 voluisse,
702 2842 740 2895 ut
762 2833 825 2896 nisi
848 2834 1018 2898 Nestorius
1040 2835 1167 2918 resipis-

6 2975 7 2990 .
56 2939 148 3010 reret,
175 2929 279 3013 ipsius
303 2929 433 2994 decreto
457 2930 571 2993 Patres
595 2927 735 2994 Consilii
759 2933 989 2996 consentirent.

142 3027 198 3090 ot.
222 3025 275 3090 Ex
306 3027 403 3090 dictis
433 3037 542 3092 autem
576 3027 709 3112 colliges
732 3029 845 3092 inania
875 3051 959 3110 esse,
983 3051 1068 3114 quae
1090 3029 1167 3094 Bos
1182 3039 1336 3082 firmaturam

7 3111 8 3194 i
57 3135 180 3205 suetus,
206 3124 333 3188 Natalis
356 3123 598 3212 Alexander),
624 3124 722 3192 Card.
756 3125 797 3190 de
828 3125 861 3190 la
893 3125 1075 3213 Luzerne')
1099 3125 1168 3190 alii·
1212 3103 1300 3141 ''⁴⁸⁰¹“

7 3215 8 3272 Ὗ
56 3243 114 3308 que
127 3219 296 3286 Gallicani
320 3223 355 3288 in
379 3222 603 3288 defensionem
624 3247 743 3288 causae
764 3247 843 3288 suae
866 3247 908 3288 ex
931 3227 1167 3290 convocatione

7 3355 9 3396 ι
56 3329 85 3382 ct
113 3317 335 3384 celebratione
368 3318 509 3385 Consilii
539 3320 700 3406 Ephesini
733 3323 850 3386 afferre
874 3323 937 3386 nisi
961 3333 1046 3388 sunt.
1091 3323 1168 3387 Pro·

7 3455 9 3526 7
57 3414 130 3481 bare
154 3415 314 3482 videlicet
335 3427 513 3502 tentarunt,
538 3441 645 3505 neque
660 3418 882 3486 Caelestinum
897 3419 1091 3484 Pontificem
1115 3443 1168 3484 nc-

57 3535 118 3600 quc
147 3515 263 3580 Patres
294 3516 479 3602 Ephesinos
510 3519 724 3600 existimasse,
757 3517 943 3584 Romanurn
973 3517 1167 3584 Pontificem

7 3533 9 3677 i
57 3615 254 3698 superiorem
279 3636 348 3680 esse
363 3614 511 3680 Concilio
534 3614 694 3700 generali,
720 3616 855 3702 ejusque
873 3615 1039 3702 judicium
1063 3617 1097 3679 in
1120 3639 1167 3680 rc-

57 3707 114 3772 bus
137 3709 218 3774 fidei
242 3731 308 3776 non
331 3733 400 3776 esse
423 3711 675 3794 irreformabile,
699 3715 890 3799 prinsquam
914 3713 1051 3778 accedat
1072 3735 1167 3797 gene·

58 3807 131 3870 ralis
154 3807 325 3874 Ecclesiae
348 3833 509 3876 assensus.
556 3812 591 3877 Si
615 3813 714 3890 enim,
739 3812 902 3896 inquiunt,
928 3811 962 3876 id
986 3813 1167 3876 existimes·

59 3917 125 3968 sent
150 3903 354 3971 Caelestinus
386 3909 478 3994 Papa
510 3919 543 3971 et
564 3911 678 3974 Patres
701 3907 871 3994 Ephesini,
905 3931 1011 3996 neque
1035 3908 1068 3972 hi
1094 3931 1168 3974 cau-

128 4137 149 4206 ¹)
168 4135 282 4189 Dissert.
303 4135 341 4188 IV
359 4135 388 4189 in
407 4153 467 4191 saec
495 4137 568 4194 XIV.

130 4217 155 4286 ¹)
174 4215 228 4268 Sur
245 4215 272 4268 la
290 4215 461 4270 Declaration
480 4215 515 4270 du
534 4215 630 4284 Olerge
648 4215 681 4270 de
700 4217 809 4272 trauca
