2900 4800
18 2877 21 2996 ,

259 426 315 481 au
669 429 709 483 na
726 429 815 486 msa
834 428 974 498 mareau.

262 569 388 634 dicium
413 573 584 656 persistere
607 582 744 657 poterat,
777 573 858 658 quin
890 582 1003 637 tamen
1026 571 1146 656 stigma
1167 569 1253 635 illud
1275 571 1375 634 inure-

261 677 351 732 retur
384 666 555 754 Oapitulis.
603 669 714 750 Quum
748 691 826 734 vero
858 669 997 734 inflictio
1030 689 1187 733 censurae
1218 667 1375 753 ejusmodi

261 764 481 830 anathematis
505 769 548 832 sit
570 777 663 830 actus
695 765 927 852 disciplinaris,
962 769 1183 852 consequitur,
1207 765 1307 830 talem
1329 787 1375 828 ac·

261 874 332 928 tum
355 865 504 928 revocari
528 885 632 949 posse,
657 867 738 950 quin
770 863 933 950 ejusmodi
957 865 1171 928 revocatione
1193 861 1377 948 implicetur

258 961 434 1047 judicium,
459 960 515 1026 illa
538 963 660 1047 scripta
695 983 761 1027 non
792 983 863 1026 esse
896 961 1097 1026 heterodoxo
1119 971 1178 1026 aut
1200 960 1286 1026 nihil
1307 959 1374 1024 falsi

262 1062 440 1124 continere.
486 1059 575 1124 Hinc
597 1060 798 1138 ιῙιιιίιόιιιιιιιι,
822 1081 887 1146 quo
911 1059 1056 1144 Vigilius
1087 1058 1268 1124 anathema
1299 1057 1374 1122 infli-

260 1167 356 1222 xerat
377 1156 483 1221 tribus
496 1155 672 1242 Capitulis,
696 1159 767 1243 ipse
790 1159 920 1224 irritare
942 1167 1079 1242 poterut,
1104 1159 1186 1243 quin
1209 1165 1375 1243 propterea

256 1255 378 1320 eadem
403 1254 456 1321 vel
479 1256 615 1319 minime
638 1255 846 1341 approbaret.
882 1255 1037 1341 Ineptum
1060 1253 1199 1341 proinde
1224 1253 1314 1334 forst,
1337 1273 1375 1315 ex

262 1355 370 1439 prima
394 1351 449 1416 illa
471 1355 683 1418 revocatione
716 1353 937 1418 damnationis
967 1352 1094 1439 aliquid
1121 1351 1246 1416 inferre
1269 1361 1377 1416 contra

264 1449 532 1515 infallibilitatem
557 1451 696 1516 Romani
719 1449 901 1516 Pontifioie.

99 1669 143 1711 c„
144 1669 245 1710 mamm
351 1637 402 1702 84.
428 1636 592 1722 Sequitur,
618 1646 653 1701 ut
683 1659 820 1722 agamus
853 1637 895 1703 de
922 1633 1096 1700 coetuum
1121 1636 1232 1721 pst-iaso
1257 1633 1373 1720 Vigilii,

105 1731 159 1781 ΡΜ
161 1729 253 1772 ΜΜΜ
170 1733 350 1832 1¹¹quod
374 1743 488 1800 contra
503 1734 748 1800 damnationem
768 1737 868 1800 trium
886 1731 1114 1820 Capitulorum
1123 1733 1281 1798 Pontifex
1302 1741 1374 1796 tem-

262 1854 341 1918 pore
365 1829 505 1896 Concilii
528 1834 636 1918 quinti
660 1833 812 1898 confecit.
840 1830 1056 1898 Advertenda
1079 1831 1180 1915 igitur
1204 1829 1287 1896 haec
1310 1851 1374 1894 esse

262 1951 443 1996 censemus.
467 1967 511 1978 -
536 1929 573 1998 1⁰
599 1931 689 1996 Huic
712 1930 946 1996 documento
937 1951 1007 2016 rpse
1030 1927 1173 2013 Vigilius
1198 1951 1267 1994 non
1289 1927 1375 1992 dedit

263 2051 337 2094 cam
359 2029 510 2110 formam,
526 2051 588 2094 neo
602 2028 692 2094 illam
708 2028 916 2094 definitivam
937 2037 970 2092 et
983 2027 1115 2113 plenam
1138 2029 1372 2101 auctoritatem,

260 2147 348 2212 ,qnae
371 2128 557 2212 requiritur,
581 2135 618 2190 ut
641 2135 849 2192 recenseatur
872 2127 958 2190 inter
980 2124 1114 2190 decreta
1130 2124 1274 2190 Romani
1298 2123 1374 2190 Pon·

262 2225 360 2288 tiliois
383 2245 425 2288 ex
449 2223 606 2290 cathedra
629 2223 717 2290 data.
764 2222 960 2290 Confectum
983 2223 1048 2287 fuit
1070 2221 1125 2286 die
1150 2224 1192 2288 14
1208 2223 1306 2308 Maji,
1321 2219 1373 2284 sed

263 2323 395 2386 nonnisi
420 2321 473 2386 die
497 2321 552 2386 25⁰
576 2320 723 2406 ejusdem
756 2323 880 2386 mensis
903 2321 1059 2386 Pontifex
1082 2321 1262 2386 accersivit
1284 2318 1325 2384 ad
1346 2339 1376 2382 se

263 2419 459 2487 Belisarium
483 2419 630 2506 aliosque
642 2421 732 2484 viros
746 2417 873 2484 nobiles
888 2428 920 2482 et
944 2421 1131 2506 episcopua,
1156 2419 1217 2504 qui
1241 2415 1321 2482 illud
1337 2413 1376 2480 ad

263 2517 499 2602 Imperatorem
523 2517 565 2582 ad
589 2517 867 2602 quam-directum
890 2517 998 2582 fuerat
1021 2516 1198 2581 deferrent.
1224 2515 1279 2580 Ex
1291 2523 1374 2580 textu

265 2623 298 2678 et
320 2636 363 2678 ex
376 2613 543 2701 adjunctis
559 2615 670 2700 colligi
686 2637 781 2700 posse
800 2615 941 2696 videtur,
958 2613 1182 2680 Constitutuur
1197 2613 1262 2678 hoc
1284 2613 1376 2678 fuisse

264 2711 519 2778 declarationem
542 2723 576 2778 et
590 2715 829 2799 expositionem
843 2712 1039 2798 Imperatori
1060 2711 1279 2798 factamque
1300 2711 1373 2774 Pon-

263 2811 347 2874 tifex
370 2831 463 2875 susm
487 2810 529 2876 de
546 2811 651 2876 tribus
665 2808 827 2896 Capitulis
843 2812 1043 2876 sententiam
1068 2809 1287 2895 proponebat,
1310 2826 1376 2872 cum

264 2911 458 2974 auctoritate
491 2909 635 2994 quidem,
661 2908 718 2974 sed
741 2909 797 2989 ita,
830 2917 867 2972 nt
890 2905 983 2978 haec.
998 2906 1177 2972 declaratio
1200 2905 1263 2992 (ad
1286 2907 1378 2970 instar

264 3005 454 3092 schematis)
478 3008 602 3070 servire
625 3014 734 3092 posset
756 3027 815 3092 pro
836 3005 1033 3072 definitione
1054 3004 1203 3070 decisiva
1228 3001 1376 3089 quaestio-

264 3105 326 3168 nis.
372 3104 442 3168 Nec
474 3103 670 3168 dachnasset
699 3102 852 3188 Vigilius,
884 3111 1052 3189 quantum
1077 3101 1244 3182 existimo,
1268 3097 1376 3164 delibc

264 3202 391 3267 ratione
414 3201 529 3268 habita
552 3201 594 3266 ob
617 3203 734 3286 gravia
758 3203 882 3266 motiva
903 3200 1017 3287 aliqua
1041 3209 1227 3286 opportune
1250 3206 1375 3269 moure,

266 3323 304 3366 so
330 3299 383 3366 vel
407 3302 513 3384 magis
545 3299 633 3386 quod
665 3299 728 3364 hoc
761 3297 985 3364 Constitutum
1017 3299 1174 3364 auterimi
1198 3297 1272 3382 ejus
1292 3291 1376 3360 Judi·

265 3409 339 3466 cato
355 3421 420 3464 non
436 3398 533 3484 plane
551 3418 732 3464 consonum
747 3407 843 3462 esset.
867 3397 999 3462 Desunt
1016 3397 1117 3460 etiam
1133 3396 1168 3460 in
1178 3389 1375 3459 fineansthc·

265 3508 355 3564 mata
368 3498 424 3562 illa
436 3517 525 3582 quae
539 3495 679 3562 decretis
693 3493 874 3560 definitivis
891 3494 971 3560 addi
985 3493 1150 3574 solebant,
1171 3494 1220 3557 uti
1236 3513 1278 3556 ex
1292 3487 1375 3556 Μ-

266 3609 336 3662 cctc
349 3607 382 3660 ct
397 3595 571 3661 Constituto
581 3593 715 3658 oecmrdc
726 3591 836 3676 colligi
845 3601 962 3678 potest
989 3627 1031 3640 -···
1054 3589 1121 3656 Sed
1131 3591 1262 3656 etiamsi
1271 3603 1376 3672 suppo·

266 3718 343 3777 nas,
360 3693 567 3758 definitivam
586 3691 720 3756 omnino
739 3691 937 3756 sententiam
955 3688 1142 3756 Constituto
1162 3686 1227 3752 hoc
1246 3685 1375 3750 voluisse

266 3792 428 3878 Vigilium
443 3809 636 3877 proponere,
652 3786 893 3854 consideranda
915 3789 1056 3852 veniunt
1076 3807 1161 3872 quae
1184 3785 1263 3850 dein
1276 3791 1376 3848 secuts

265 3902 353 3957 sunt.
377 3890 495 3974 Legati
511 3886 668 3952 videlicet
681 3895 875 3952 recusarunt
889 3887 1048 3970 scriptum
1064 3883 1146 3950 illud
1161 3882 1375 3968 adlmpcrsto

267 3990 481 4068 remdeferre,
491 3984 887 4052 sedPontificidixernnt:
905 3975 1374 4068 Hubesdiocoaosrespcmlce,

266 4109 324 4174 per
333 4111 410 4172 quos
420 4087 492 4150 licet
500 4107 568 4148 com
578 4081 755 4170 (chartam)
766 4081 824 4146 aba
832 4082 1047 4146 destinare..
1063 4079 1220 4144 Habetis
1228 4095 1372 4164 responso

268 4186 333 4247 rios
346 4186 427 4246 sicat
439 4183 556 4245 dictam
576 4191 631 4260 art,
649 4191 746 4266 etpot-
760 4177 835 4244 illos
854 4201 924 4243 cam
938 4178 1104 4244 ἅοιιίιιαιι.
1120 4213 1164 4228 ν·-
1183 4177 1269 4242 Dein
1283 4169 1374 4256 sequi·
