2902 4824
266 483 317 534 124
504 480 550 551 'De
570 479 643 532 Rom.
663 479 741 532 Pont.
760 480 859 534 saeculi
879 479 957 546 primi
976 486 1004 532 et
1022 481 1138 534 secundi.

266 647 360 688 mens.
369 622 393 708 ¹)
421 621 609 688 Similitudo
642 643 720 686 vero
753 625 896 686 nominis
915 622 1025 686 ·facils
1057 625 1201 708 antiquis
1230 623 1399 709 pluribus

265 721 348 784 ratio
380 741 450 784 csse
482 721 598 804 potuit,
623 729 659 782 ut
691 720 931 784 confunderent
964 719 1093 784 Cletum
1125 731 1158 784 et
1179 721 1398 786 Anacletum

265 827 298 882 et
321 839 423 882 unum
454 819 488 880 in
518 819 601 881 serie
624 807 823 881 Pontificum
854 821 1051 883 omitterent.
1084 816 1184 882 Caius
1213 829 1332 884 autem
1362 831 1399 884 et

267 913 453 1002 Cyprianus
476 924 691 978 numerarunt
719 915 802 978 forte
824 914 1002 979 Pontifices
1031 938 1098 980 non
1121 915 1330 980 includendo
1358 917 1397 982 S.

265 1013 409 1078 Petrum.
455 1012 639 1076 Remanent
666 1014 768 1097 igitur
789 1014 934 1076 rationes
956 1035 1021 1077 non
1045 1012 1142 1098 plane
1164 1014 1396 1098 spernendae,

267 1123 303 1176 ut
341 1120 538 1174 censeantur
581 1108 692 1174 Cletus
732 1119 765 1172 et
796 1109 975 1174 Anaclotus
1006 1110 1183 1174 Pontifices
1216 1111 1397 1193 distincti3

267 1209 355 1274 unde
378 1209 603 1294 quaestionem
627 1207 715 1272 hanc
738 1209 772 1270 in
796 1209 933 1292 ancipiti
957 1207 1215 1294 relinquimus.²)

107 1331 130 1376 s.
145 1331 249 1374 cum
355 1307 408 1370 22.
432 1304 465 1369 S.
491 1303 695 1369 Clemens
727 1306 858 1368 circiter
889 1327 919 1370 a.
952 1305 992 1370 91
1028 1305 1061 1370 S.
1085 1305 1180 1368 Petro
1214 1309 1396 1370 successit.

268 1407 318 1470 De
342 1406 412 1490 ipso
436 1404 483 1464 ait
507 1401 539 1466 S.
563 1401 736 1466 Irenaeus:
780 1403 884 1465 Tertio
913 1402 978 1466 loco
1010 1403 1050 1466 ab
1080 1403 1244 1488 Apostolie
1267 1407 1397 1489 epieco-

262 1513 375 1588 patum
398 1501 530 1563 sortiter
554 1497 703 1580 Clemens,
727 1503 781 1585 qni
803 1511 834 1563 et
855 1500 937 1564 uidit
959 1501 1045 1586 ipim
1068 1499 1237 1585 Apostolos
1261 1513 1293 1564 et
1318 1523 1396 1564 con—

269 1600 341 1664 tulit
373 1621 440 1660 enm
472 1597 527 1674 eis,
561 1607 591 1659 et
625 1621 718 1683 quum
754 1597 854 1660 adlice
885 1599 1083 1662 insonantem
1108 1597 1398 1683 praedicationem

268 1695 490 1784 Apostolomnn
513 1704 543 1756 et
567 1695 769 1759 traditionem
797 1705 870 1758 ante
894 1695 998 1759 oculos
1020 1695 1163 1773 haberem
1198 1717 1265 1758 non
1289 1696 1395 1778 solus,

267 1795 367 1860 adhuc
391 1793 473 1856 enim
496 1791 588 1856 malti
617 1804 803 1880 supererant
827 1804 899 1856 tnnc
927 1793 967 1856 ab
991 1792 1154 1878 Apostolis
1177 1793 1272 1856 docti.
1325 1792 1396 1856 Sub

266 1895 321 1957 lioe
352 1893 449 1978 ipitnr
475 1885 639 1970 Clemente,
669 1892 862 1954 dissensione
892 1913 956 1954 non
987 1890 1111 1953 modion
1139 1891 1225 1952 inter
1256 1911 1312 1954 eos
1338 1893 1398 1976 qui
1444 1975 1445 1980 η

272 1997 414 2063 Corinthi
437 2005 536 2058 essent
552 1991 678 2078 fratres
693 1989 804 2074 fonto,
829 1988 956 2072 scripsit
978 2010 1056 2072 qnae
1081 1998 1126 2050 est
1149 1988 1270 2050 Romae
1295 1987 1395 2052 eccle·

270 2098 320 2160 sin
337 2094 581 2181 potentissimae
600 2088 731 2174 litteras
765 2081 945 2162 Corinthiis,
974 2085 1017 2148 ad
1038 2106 1151 2168 pacem
1180 2106 1232 2148 eoo
1262 2107 1395 2170 conpre-

269 2215 348 2278 9ans
381 2203 409 2254 et
440 2209 597 2274 reparans
619 2185 719 2268 fldem
742 2205 860 2260 eornm,
894 2192 923 2244 et
946 2182 1142 2244 annuntians
1164 2203 1259 2265 qnam
1282 2183 1321 2245 in
1345 2205 1395 2244 re·

271 2290 353 2353 nenti
385 2287 423 2350 ab
448 2282 610 2370 Apostolis
643 2290 805 2366 occeperat
838 2280 1047 2342 traditionem.
1055 2275 1080 2363 8)
1110 2278 1244 2341 Dicitur
1276 2289 1394 2343 autem

272 2385 425 2452 Clemens
448 2384 482 2446 in
507 2379 672 2462 Catalogis
693 2378 804 2442 Liber.
828 2387 861 2440 et
883 2375 985 2441 Felic.
1008 2377 1137 2440 nonem
1160 2378 1331 2440 Romanae
1355 2377 1394 2440 de

271 2485 395 2570 repione
423 2477 526 2544 Coelio
549 2487 662 2555 monte,
686 2499 726 2539 en
743 2487 840 2561 patre
863 2476 1025 2538 Faustino.
1073 2472 1265 2548 Secundum
1290 2474 1394 2539 tradi·

272 2582 394 2646 tionem
417 2576 596 2664 quamdam
613 2575 795 2638 Romanam
812 2572 964 2636 Clemens
978 2581 1048 2636 erat
1068 2593 1110 2634 ex
1134 2570 1237 2635 nobili
1261 2571 1394 2636 familis

275 2679 475 2764 Vespasiano
498 2683 649 2756 cognata,
673 2681 706 2734 et
729 2673 932 2756 propinquus
964 2673 1027 2734 viri
1053 2667 1233 2734 consederis
1256 2669 1291 2734 S.
1319 2669 1394 2734 Fle-

274 2778 318 2842 vii
345 2775 532 2854 Clementis,
557 2772 614 2858 qui
646 2770 708 2834 sub
733 2769 923 2834 Domitiano
958 2789 1033 2832 cum
1057 2789 1160 2831 uxore
1184 2789 1244 2830 sua
1269 2766 1394 2832 Flavia-

275 2873 445 2939 Domitilla
468 2871 509 2934 ob
534 2869 747 2934 christianam
777 2866 969 2950 religionem
1000 2868 1034 2930 in
1060 2865 1227 2950 judicium
1250 2875 1395 2930 vocatus

273 2983 330 3039 est.
377 2970 573 3036 Perhibetur
601 2987 731 3053 quoque
754 2964 893 3028 ecclesia
908 2964 941 3030 S.
958 2963 1136 3028 Clementis
1159 2962 1269 3026 locum
1294 2983 1393 3028 occu·

274 3092 351 3157 pare
375 3071 492 3134 domus
515 3077 680 3152 paternae,
705 3071 804 3148 atque
828 3061 905 3125 inde
930 3061 1142 3126 confirmatur
1165 3059 1221 3124 illa
1243 3060 1394 3141 traditio,

274 3190 375 3256 quum
400 3167 515 3231 eadem
539 3164 728 3228 inveniatur
750 3183 790 3224 ca
817 3162 851 3224 in
875 3161 1017 3243 regions,
1042 3179 1141 3244 quam
1164 3157 1314 3223 familiae
1339 3181 1393 3224 no·

273 3266 406 3331 bilior-ss
429 3262 671 3328 inhabitabant.
717 3259 769 3322 De
797 3257 913 3321 eadem
937 3257 1074 3320 ecclesia
1098 3256 1131 3321 S.
1146 3255 1393 3339 Hieronymus:

276 3364 379 3430 Nobis
402 3367 469 3453 ejus
491 3361 671 3424 memorium
693 3379 787 3441 nsque
820 3355 910 3418 lodie
934 3357 1053 3418 Romae
1077 3363 1237 3418 minnota
1260 3355 1395 3420 ecclesia

275 3457 478 3546 consemat.⁴)

364 3559 418 3624 23.
442 3554 654 3622 Adscribitur
686 3550 848 3615 Clementi
882 3551 916 3613 in
951 3547 1055 3614 catal.
1089 3547 1258 3614 Feliciano
1292 3559 1328 3612 et
1362 3549 1393 3611 in
1444 3621 1445 3628 χ

294 3707 313 3712 -
325 3703 484 3714 ----..-.

350 3775 367 3834 ¹)
387 3769 499 3824 Carmen
518 3767 591 3822 istud
610 3763 715 3819 saeculo
733 3763 816 3818 tertio
835 3761 1013 3830 conscriptum
1032 3775 1089 3816 esse
1107 3759 1394 3818 existinstDsBossi

274 3851 380 3907 Bullst·
400 3850 432 3904 V.
470 3889 476 3902 .
495 3849 537 3900 35.

352 3865 475 3999 inuri
503 3927 564 3982 viu
587 3943 627 3994 sp.
647 3925 688 3980 ns
706 3923 804 3986 emen,
833 3921 945 3976 nissen.
965 3921 1027 3976 vu.
1046 3921 1076 3976 e.
1103 3921 1126 3975 1.
1144 3921 1204 3974 Art.
1223 3919 1245 3972 1.
1264 3918 1393 3974 Probabi-

277 4010 376 4076 liorem‚
395 4010 449 4064 imo
476 4013 578 4062 certem
597 4007 654 4076 ipse
680 4003 762 4058 habet
780 4001 951 4066 sententiam,
970 4001 1077 4056 Clstnm
1097 4005 1126 4054 et
1143 3998 1306 4054 Ausclstnm
1324 3995 1394 4054 hand

277 4105 334 4145 esse
352 4090 480 4146 diversos.
500 4119 531 4128 -
551 4088 597 4142 Ita
615 4087 698 4142 etiam
716 4082 855 4138 existimat
881 4081 911 4135 P.
931 4080 1092 4135 Colombier:
1120 4078 1172 4134 Les
1189 4078 1322 4146 premier-s
1339 4093 1394 4132 soc·

277 4183 395 4226 caseum
422 4170 454 4225 ds
475 4169 500 4224 S.
519 4167 620 4230 Pierrs,
638 4167 732 4220 Beroe
749 4163 795 4216 des
825 4161 963 4227 questions
981 4161 1043 4216 hist
1062 4164 1083 4215 t
1101 4159 1179 4225 xm
1199 4159 1271 4212 lere
1289 4175 1316 4228 p
1336 4157 1393 4212 set.

351 4255 374 4318 ⁸)
392 4249 462 4304 adv.
480 4247 560 4302 Hasr.
580 4247 596 4300 l.
616 4246 667 4300 III.
687 4261 707 4298 c
727 4243 751 4297 3.
933 4243 955 4310 ⁴)
974 4243 1006 4295 In
1025 4239 1112 4294 Cetei.
1131 4239 1175 4294 tin
1196 4237 1326 4294 memma
