2810 4846
458 1152 820 1275 Dissertatio
856 1153 1114 1275 decima.

403 1394 471 1476 lle
503 1391 732 1477 Concilio
765 1392 1181 1476 chalcedonensi.

74 1723 211 1796 nonopnyn-
322 1713 351 1776 1.
376 1710 408 1776 S.
447 1707 593 1792 Cyrillus
631 1711 666 1772 in
703 1731 752 1789 aa,
791 1731 891 1795 quam
928 1719 1002 1794 post
1038 1710 1157 1774 initam
1198 1712 1340 1774 unioncrn
1389 1785 1390 1794 ἵ

92 1785 195 1897 affin.
231 1809 363 1894 scripsit
395 1807 437 1872 ad
472 1807 637 1871 Joannem
669 1805 917 1871 Antiochenam
950 1807 1104 1892 epistola,
1139 1831 1218 1872 eum
1250 1819 1340 1892 rogat,
1389 1817 1390 1858 l

232 1916 269 1970 ut
300 1906 457 1992 reprimat
490 1925 544 1968 eos
577 1906 633 1990 qui
665 1904 892 1972 confusionem
926 1915 1119 1970 naturarum
1152 1909 1189 1973 in
1225 1903 1341 1969 Christo

232 2003 425 2090 praedicent
448 2011 481 2065 et
504 2001 603 2065 talem
635 2003 824 2088 opinionem
856 2004 954 2065 etiam
987 2003 1049 2089 ipsi
1082 2003 1212 2088 Cyrillo
1235 2002 1342 2068 adseri·
1389 2025 1390 2076 r

232 2102 324 2167 bant.
375 2101 444 2164 Tne
476 2101 639 2178 sanctitas,
673 2099 798 2182 scribit,
822 2099 950 2164 illoram
982 2123 1041 2164 oro
1063 2105 1265 2188 comprimere
1286 2100 1342 2186 diq—

233 2211 335 2278 notnr,
347 2201 402 2284 qni
413 2200 637 2262 concretionem
648 2195 697 2260 cel
709 2197 922 2284 confictionem
933 2197 982 2260 cel
994 2201 1245 2264 commistionem
1265 2198 1343 2262 Verbi
1389 2215 1390 2272 j

233 2299 297 2362 Dei
319 2319 388 2360 curn
410 2319 505 2360 carne
520 2296 650 2383 factam
678 2317 742 2358 esee
773 2295 890 2358 dicant.
945 2295 1120 2360 Verisimile
1144 2321 1275 2384 naneqnc
1296 2305 1340 2370 est,
1389 2287 1390 2348 l

233 2394 402 2460 nonnullos
426 2417 490 2457 esse
515 2395 568 2480 qni
590 2395 654 2456 ista
669 2415 786 2478 quoqne
802 2393 840 2456 de
855 2417 901 2456 nse
922 2395 958 2456 in
980 2393 1090 2480 calpen
1105 2399 1243 2482 jactent.
1265 2394 1343 2480 quusi
1389 2409 1390 2486 ᾗ

235 2493 318 2557 tolia
351 2495 499 2556 senserim
531 2502 587 2554 eat
619 2492 763 2554 diacrim.
811 2490 910 2576 Atqnc'
941 2502 1063 2554 tanturn
1096 2492 1205 2570 adem,
1238 2502 1271 2556 nt
1300 2511 1342 2552 cos
1389 2529 1390 2536 κ

235 2592 329 2654 etiarn
352 2591 494 2653 insanire
518 2589 701 2667 caiatimern,
733 2589 788 2674 qni
818 2586 867 2651 ccl
895 2589 1037 2674 aliquem
1067 2592 1278 2654 conversionis
1298 2587 1341 2650 od-

234 2687 461 2752 nmbratc‘onem
483 2688 518 2750 c'n
542 2687 684 2750 divinans
714 2685 806 2748 Verbi
834 2696 984 2748 notarum
1007 2687 1118 2751 cadere
1137 2711 1234 2774 posse
1256 2685 1341 2770 crispi·
1389 2675 1390 2682 ἵ

235 2783 388 2872 cantnr¹).
436 2783 724 2865 Quemadmodum
749 2805 791 2846 ex
814 2782 904 2846 hisce
928 2784 1040 2848 verbis
1062 2787 1273 2870 perspicuum
1294 2792 1340 2845 est.

236 2883 269 2950 S.
301 2881 465 2966 Cyrillum
496 2882 742 2946 distinctionem
774 2893 967 2945 naturarum
1002 2885 1035 2947 in
1067 2879 1200 2946 Christo
1224 2881 1341 2946 omnino

236 2981 420 3065 agnovisse,
447 2983 492 3044 ita
513 3003 555 3043 ex
571 2979 674 3044 altera
690 2989 783 3065 parte
800 2979 965 3064 colligitur
980 3003 1023 3043 ex
1035 2979 1165 3062 iisdem,
1185 2982 1254 3066 jam
1276 2991 1340 3042 tunc¹

240 3078 356 3156 fuisse,
382 3079 437 3164 qui
462 3077 527 3142 tale
552 3078 633 3164 quid
658 3078 698 3141 de
724 3075 854 3141 Christo
878 3077 1037 3142 tenebant
1067 3089 1099 3142 et
1121 3077 1210 3143 hanc
1233 3087 1341 3142 senten·
1389 3157 1390 3164 ἵ

238 3177 320 3240 tiam
344 3178 443 3239 etiam
469 3174 594 3259 Cyrillo
619 3174 864 3239 adscribebant.

327 3275 357 3338 2.
381 3273 426 3336 Et
447 3296 482 3337 re
498 3273 634 3360 quidem
658 3295 737 3336 vera
760 3275 825 3337 tria
849 3273 983 3336 fuerunt
1006 3295 1127 3358 genera
1153 3297 1273 3353 eorum,
1295 3270 1339 3358 qui

239 3372 300 3434 isto
334 3394 432 3436 sensu
457 3370 575 3454 Cyrilli
609 3373 708 3436 effata
743 3369 1055 3456 interpretabantur.
1087 3372 1200 3436 Primo
1225 3370 1338 3460 quiden

239 3468 287 3532 illi
313 3471 469 3555 episcopi,
495 3473 551 3554 qui
575 3469 663 3534 bona
688 3469 832 3555 quadarn
856 3468 932 3549 fide,
958 3471 1004 3532 uti
1022 3469 1203 3534 Eutherius
1226 3484 1257 3533 ct
1278 3463 1339 3530 Hel-

238 3566 355 3649 ladius‚
380 3569 521 3632 Joannis
540 3566 741 3631 Antiocheni
757 3575 866 3652 partes
881 3576 1065 3648 tenuerant,
1091 3578 1122 3631 et
1147 3568 1258 3633 unioni
1280 3585 1339 3628 con-

239 3667 360 3730 sentire
374 3665 561 3746 tardabant,
587 3687 624 3729 eo
640 3665 729 3750 quod
748 3673 920 3728 censerent
943 3661 1106 3748 aCyrillo
1131 3665 1338 3758 confusionem

241 3773 434 3828 naturarum
458 3765 569 3828 asseri.
603 3801 645 3810 -—
678 3761 771 3826 Idem
796 3783 925 3848 quoquc
949 3761 1147 3846 Nestoriani,
1173 3763 1248 3826 dum
1272 3761 1340 3823 duas

240 3864 275 3927 in
299 3861 429 3926 Christo
453 3883 609 3946 personas
633 3883 702 3923 esse
726 3859 962 3943 vindicabant,
988 3859 1115 3943 Cyrillo
1140 3857 1339 3946 imputabant.

241 3961 497 4041 contendentem
529 3961 593 4023 nisi
619 3959 703 4022 duae
736 3980 894 4044 personae
930 3961 964 4022 in
998 3957 1129 4024 Christo
1161 3967 1338 4022 statuemur.

244 4124 457 4132 ———...---

318 4213 337 4276 ¹)
357 4209 467 4264 Collect.
487 4208 565 4263 Cone.
585 4206 711 4272 Labbaei,
732 4213 795 4262 tom.
814 4206 866 4260 ΙΙΙ.
886 4223 907 4262 c.
929 4209 1005 4260 1105.
