2766 4836
213 377 247 426 5,
467 370 506 424 ue
524 368 671 424 urantur
690 369 755 426 farre
774 387 806 426 ae
824 371 857 427 re
875 371 950 438 tarsu
969 371 1076 428 uum
1351 437 1352 472 l

214 517 290 582 fidei
304 514 414 581 libello
430 513 563 579 cuidam
574 511 684 578 Sirmii
697 513 844 580 confecto
855 513 1078 601 subscriptum
1087 515 1245 582 aLiberio
1254 521 1309 581 exi-

44 603 131 714 affl,
139 601 203 703 ζζξω
213 617 358 679 stimant.
381 651 425 660 -
450 611 548 693 Quod
571 612 615 676 ad
642 615 782 699 primam
796 613 974 698 fornaculam
1005 624 1141 700 spectet,
1165 618 1310 701 imprimis
1351 651 1352 654 =

45 725 202 776 sirenaeum·
214 712 322 776 nullus
350 713 560 798 antiquorum
588 733 735 796 unquam
758 712 899 796 scripsit,
923 711 1013 776 illam
1036 713 1172 778 Liberio
1194 723 1230 776 ut
1249 714 1310 777 sub·

212 812 369 876 scriberet
408 810 509 874 fuisse
544 811 765 895 propositam,
798 818 857 872 aut
897 811 998 876 etiem
1038 811 1095 876 ulli
1128 811 1223 876 elteri
1249 823 1310 898 post

214 908 390 974 concilium
414 906 592 972 Sirmiense
616 931 646 972 a.
669 908 731 974 351
768 906 929 988 habitum,
960 910 994 974 in
1019 931 1083 994 quo
1107 909 1167 975 ille
1188 910 1310 974 formula

213 1017 326 1072 contra
348 1005 529 1070 Photinum
553 1005 703 1070 conlecta
736 1015 795 1070 eet.
841 1003 965 1070 Scribit
997 1027 1093 1091 perro
1122 1006 1157 1072 S.
1182 1006 1312 1072 Hilarius

213 1127 298 1168 auno
322 1105 387 1168 358
411 1111 552 1168 exeunte
585 1113 759 1189 postquam
791 1105 826 1168 in
858 1102 942 1168 libro
974 1105 1025 1170 De
1048 1103 1189 1192 Syeode'e
1216 1105 1259 1192 (n.
1279 1105 1311 1168 38

214 1201 299 1290 sqq.)
323 1223 398 1268 eam
421 1201 500 1266 fidei
523 1200 697 1265 formulam
718 1199 899 1266 orthodoxo
924 1224 1023 1268 seusu
1045 1205 1220 1288 exposuit:
1247 1205 1312 1268 'l'eo-

215 1313 278 1365 tum
301 1299 500 1368 ecclesianam
524 1299 725 1364 orientalium
735 1299 980 1384 poenitemur,
994 1311 1030 1364 ot
1043 1325 1155 1366 rorum
1179 1304 1220 1366 eit
1240 1304 1315 1391 lujat

212 1399 297 1490 fidei,
322 1397 545 1484 (quoequalis
576 1400 618 1462 sit
641 1397 884 1486 rejudicare),
916 1409 972 1462 eat
1000 1400 1179 1464 sacerdotes
1202 1411 1256 1464 eet
1273 1421 1316 1484 po

209 1495 321 1583 pulum
344 1496 481 1560 inueniri
503 1492 549 1582 (u.
572 1492 640 1580 53).
687 1494 850 1562 Videlicet
873 1495 930 1560 tali
959 1496 1100 1562 formula
1126 1500 1162 1562 in
1186 1497 1316 1575 Oriente

215 1617 254 1658 ac
278 1602 365 1657 certe
389 1595 489 1658 etiem
513 1594 548 1656 in
558 1591 712 1672 Thracio,
730 1593 804 1678 jam
828 1615 865 1657 eo
894 1603 1040 1680 tempore
1062 1595 1254 1660 Arianisrno
1275 1594 1316 1658 de

216 1691 276 1756 diti
301 1693 446 1777 episcopi
470 1689 560 1755 haud
585 1691 729 1754 contenti
759 1700 862 1756 erant.
908 1691 978 1756 Nec
1007 1693 1109 1777 igitur
1142 1693 1242 1758 talem
1268 1693 1318 1754 lor

216 1789 340 1854 mulam
363 1787 497 1870 Valens,
522 1789 694 1871 Ursacius,
725 1787 916 1854 Germinius
948 1789 1000 1854 vel
1029 1789 1251 1876 Demophilus
1271 1789 1319 1853 Be·

214 1911 310 1952 roeae
343 1887 537 1972 episcopus,
571 1907 685 1958 omnes
708 1886 825 1952 Ariani
857 1889 967 1973 potius
1000 1910 1098 1974 quam
1124 1888 1319 1959 semiariani,

216 2007 302 2050 anno
332 1986 396 2050 357
431 1984 484 2050 vel
517 1985 582 2050 358
605 1984 739 2049 Liberio
772 1987 1030 2071 proposuissent.
1072 1987 1249 2052 Praeterea
1269 2005 1320 2049 nec

216 2083 370 2149 Liberius
402 2105 464 2149 nec
493 2081 549 2148 elii
583 2083 729 2168 episcopi
760 2085 816 2168 qui
849 2105 879 2148 a.
911 2085 978 2150 355
1008 2087 1043 2148 in
1074 2084 1218 2150 exilium
1237 2081 1318 2168 ejecti

217 2191 302 2263 sunt,
322 2181 529 2268 jubebantur
552 2181 758 2246 subscribere
786 2180 946 2248 formulae
968 2181 1156 2258 Sirmiensi,
1182 2181 1238 2251 sed
1260 2201 1320 2242 con·

217 2279 373 2346 demnare
396 2278 429 2344 S.
454 2278 685 2346 Athanasium.
733 2279 877 2344 Omnino
896 2289 1007 2347 autem
1032 2279 1252 2365 improbabile
1272 2287 1320 2354 est

217 2388 330 2464 postea
353 2377 396 2444 ad
420 2378 454 2442 id
473 2399 528 2444 coe
551 2376 741 2443 sollicitatos
771 2378 881 2458 fuisse,
915 2378 1048 2464 quondo
1071 2378 1157 2444 aliae
1180 2373 1321 2444 formulae

218 2476 463 2542 meditabantur
486 2475 603 2540 Ariani
627 2485 660 2540 et
684 2476 724 2540 de
748 2475 804 2540 ille
827 2499 946 2562 perum
969 2476 1099 2542 solliciti
1123 2485 1230 2543 eraut.

89 2588 209 2618 1111111·
308 2575 359 2640 76.
384 2573 629 2640 reducendam
660 2573 836 2640 formulam
866 2574 954 2660 quod
981 2576 1119 2654 attinet,
1156 2572 1323 2658 composita

219 2697 257 2738 ea
281 2682 331 2737 est
353 2674 400 2738 uti
425 2672 571 2754 vidimus
599 2694 686 2738 anuo
711 2672 774 2738 357
809 2672 985 2754 mediante,
1014 2671 1189 2752 veblorte,
1214 2667 1322 2751 010ρὶ-

116 2761 120 2768 ’
218 2781 316 2836 netur
339 2771 493 2856 Stilting,
523 2793 635 2834 mense
664 2769 816 2856 Augusto
849 2781 907 2837 aut
938 2769 1137 2856 Septembri.
1186 2768 1324 2834 Liberius

219 2891 297 2934 vero
321 2869 460 2934 Romam
482 2870 638 2932 remissus
676 2877 725 2932 est
757 2890 843 2936 euno
873 2869 950 2934 358.
995 2868 1063 2936 Sed
1093 2869 1248 2932 dubitare
1270 2885 1322 2928 non

219 2989 403 3053 possumus,
428 2969 508 3054 quin
531 2968 641 3033 statim
670 2967 826 3033 remissus
859 2977 945 3032 esset
973 2965 1128 3032 Liberius
1165 2967 1192 3032 ei
1221 2989 1250 3029 s.
1271 2961 1323 3026 357

221 3064 267 3130 1111
300 3064 461 3132 formulae
494 3064 752 3150 subscripsisset,
783 3086 821 3129 eo
855 3063 908 3130 vel
939 3067 1055 3150 magis,
1089 3065 1181 3151 quod
1214 3061 1325 3128 oCon·
1351 3097 1352 3174 1

221 3165 341 3228 stantio
365 3163 504 3236 Romani
535 3163 605 3248 ejus
634 3162 777 3229 reditum
814 3164 923 3228 enixe·
943 3163 1195 3248 efflagitassent.
1241 3161 1325 3224 Anno
1351 3177 1352 3180 ’

221 3283 299 3326 vcro
330 3262 395 3327 358
428 3261 484 3330 illa
514 3259 655 3329 formula
681 3261 753 3346 J'am
782 3259 940 3329 derelicta
963 3271 1021 3328 est.
1058 3299 1103 3310 -·-
1140 3261 1325 3348 sparserunt

222 3361 335 3446 utiquc
367 3358 485 3424 Ariani
516 3381 546 3424 a.
579 3359 642 3424 357
672 3381 854 3440 rumorem,
878 3359 1062 3424 Liberium·
1081 3361 1220 3445 impiam
1250 3353 1323 3420 illem

222 3457 398 3522 formulam
421 3458 584 3542 eignusee;
608 3457 667 3522 scd
681 3455 966 3540 testeSozomeuo,
985 3461 1048 3524 iste
1072 3459 1138 3522 luit
1162 3453 1323 3522 calumnia

223 3565 321 3643 atque
346 3557 439 3620 brevi
463 3557 563 3622 etiam
587 3555 702 3622 Ariani
722 3556 796 3641 jam
819 3555 1038 3624 obticueruut.
1156 3557 1325 3621 Praeterea,

226 3656 271 3720 uti
305 3655 376 3740 jam
411 3653 571 3736 vidimus,
610 3677 652 3720 ex
682 3652 739 3720 SS.
763 3653 893 3720 Hilario
925 3653 989 3742 (De
1021 3653 1141 3741 Syaod.
1172 3649 1352 3734 10881011

226 3751 414 3818 Phoebadio
439 3751 561 3839 (Contr.
586 3751 740 3829 Arianos,
766 3753 800 3816 in
826 3751 905 3838 fine)
929 3751 1106 3836 colligitur,
1128 3775 1171 3816 ex
1182 3745 1326 3816 Occiden-

226 3851 347 3916 talibus
371 3859 501 3937 praeter
523 3850 667 3918 Arianos
687 3873 784 3916 onum
814 3850 948 3916 Herium
974 3851 1086 3931 fuisse,
1110 3869 1251 3935 eumque
1272 3844 1326 3904 vic·
1351 3857 1352 3920 1

227 3951 328 4014 lentie
352 3958 384 4014 ct
407 3951 509 4014 nimio
535 3950 568 4014 in
592 3951 733 4036 patriam
756 3947 918 4014 redeundi
942 3969 1053 4014 amore
1077 3947 1258 4024 inductum,
1279 3939 1326 4046 qul

228 4057 261 4111 et
283 4046 479 4112 homousion
511 4056 543 4112 et
566 4047 779 4115 homoeusion
810 4045 1030 4114 omittendum
1052 4043 1265 4118 consenserit,
1287 4049 1325 4099 1111
1351 4059 1352 4112 1

228 4145 329 4210 fiebat
353 4149 386 4210 in
411 4144 467 4210 illa
490 4145 641 4212 formula.
666 4145 702 4210 Si
725 4145 880 4214 Liberius
903 4145 1072 4212 formulae
1088 4144 1135 4210 illi
1157 4140 1327 4206 baereticae
1351 4139 1352 4230 1
