2790 4812
400 499 441 554 Dc
458 499 639 554 celebratione
656 499 804 555 Pasobatis.
1106 501 1159 554 441

69 643 179 726 punctis
209 665 228 706 a
260 642 386 707 calculo
410 643 712 720 Alexandrinorum
741 643 931 708 dissidebat.
977 644 1162 729 Praecipua

68 739 231 805 differentia
254 750 334 824 erat,
358 743 406 805 uti
425 742 497 828 jam
521 741 677 826 diximus,
701 763 749 824 ea,
774 741 864 828 quod
887 741 1028 809 Romani
1051 744 1161 828 aequi·

68 840 192 902 uoctium
224 839 292 904 diei
327 841 368 904 18
400 839 523 922 Martii,
556 839 741 906 Orientales
773 861 852 904 vero
877 840 994 904 melius
1027 841 1067 904 21
1094 840 1159 905 diei

67 935 138 1000 illius
158 938 276 1000 mensis
299 936 534 1003 attribuebant.
580 937 766 1003 Orientales
795 947 978 1023 praeterea,
1010 941 1036 1002 si
1060 939 1161 1024 pleni-

66 1033 173 1098 lunium
196 1036 284 1098 veris
306 1035 476 1100 incidebat
499 1037 532 1100 in
548 1035 636 1100 diem
652 1036 792 1120 sabbati,
808 1038 919 1100 statim
942 1035 1161 1123 subsequente

67 1131 221 1198 [lominica
253 1133 383 1199 Pascha
416 1133 637 1216 celebrabant,
667 1136 716 1199 uti
750 1137 849 1199 etiam
882 1143 992 1198 nostro
1015 1145 1162 1221 tempore

65 1229 201 1312 iacimus3
239 1231 352 1296 Imtini
385 1253 464 1296 vero
496 1241 625 1297 tantum
648 1233 751 1298 altera
774 1241 930 1319 sequente
953 1231 1162 1297 hebdomada

65 1329 164 1394 festum
187 1329 269 1394 illud
293 1330 506 1415 peragebant.
543 1330 730 1396 Identidem
754 1331 888 1418 quidem
911 1331 1025 1396 Latini
1055 1351 1162 1396 emen·

65 1425 193 1492 dationes
216 1428 378 1514 quasdam
401 1429 569 1511 fecerunt3
604 1429 663 1494 sed
686 1431 818 1494 nonnisi
846 1429 976 1494 saeculo
1000 1437 1091 1492 sexto
1116 1429 1163 1492 in·

64 1525 194 1590 traducta
217 1538 266 1590 est
288 1526 402 1591 tabula
429 1525 593 1614 paschalis
616 1528 766 1592 confecta
794 1551 814 1592 a
834 1528 996 1611 Dionysio
1019 1527 1162 1610 Exiguo,

64 1624 108 1706 qui
127 1623 256 1708 cyclum
278 1623 546 1689 Alexandrinum
576 1624 806 1690 novemdecim
836 1646 998 1689 annorum
1029 1624 1163 1710 adopta·

64 1722 110 1794 rit
129 1731 226 1808 atque
250 1721 313 1786 bae
336 1724 464 1786 ratione
487 1722 586 1808 plena
610 1723 823 1788 conformitas
846 1745 922 1787 cum
937 1721 1163 1788 Orientalibus

63 1817 176 1883 obtenta
191 1829 250 1884 esc
274 1820 400 1884 Verum
414 1822 514 1886 etiam
528 1831 601 1906 post
623 1821 706 1886 baec
727 1830 878 1906 tempora
905 1822 939 1884 in
963 1819 1162 1905 quibusdam

63 1917 234 2000 regionibus
257 1917 452 1983 Britanniae
475 1929 508 1982 et
530 1918 660 1984 Gallias
691 1920 933 1983 controversiae
956 1919 1099 1982 acriores
1122 1918 1163 1982 de

64 2025 190 2100 tempore
213 2015 387 2082 Pasobatis
410 2017 544 2082 habitae
558 2027 644 2100 sunt,
660 2039 763 2103 quum
786 2017 936 2081 nonnulli
960 2017 1064 2080 nimia
1087 2037 1163 2080 cum

64 2111 264 2178 obstinatione
286 2135 440 2180 erroneas
463 2117 723 2201 computationes
757 2115 842 2200 cycli
866 2115 909 2179 84
931 2134 1093 2179 annorum
1116 2135 1164 2177 re·

65 2210 194 2277 linerent
219 2213 277 2278 Sic
299 2215 431 2278 nonnisi
454 2235 484 2279 a.
503 2215 566 2278 719
583 2223 786 2279 vetustorum
800 2213 1035 2277 Britannorum
1060 2212 1165 2297 major

65 2328 124 2390 pars
144 2309 273 2394 cyclum
305 2309 495 2396 paschalem
528 2311 759 2376 novemdecim
790 2331 952 2374 annorum
982 2309 1162 2395 adoptavit,

65 2414 89 2466 et
107 2407 301 2493 temporibus
326 2407 435 2474 Caroli
458 2410 504 2474 bl.
529 2411 564 2473 in
596 2419 662 2473 toto
687 2407 870 2475 Occidente
901 2408 957 2472 bie
980 2407 1093 2493 cyclus
1116 2430 1164 2472 re-

66 2513 160 2587 ceptus
182 2515 241 2572 est.

138 2603 208 2668 109.
231 2603 285 2668 De
319 2604 421 2668 variis
454 2603 557 2688 cyclis
589 2602 800 2688 paschalibus
832 2603 898 2667 alia
922 2604 1083 2689 quaedam
1109 2603 1164 2667 ad-

66 2695 127 2762 dere
142 2701 289 2786 juvabit,
314 2724 399 2788 quae
422 2703 522 2766 etiam
552 2703 587 2765 in
618 2703 808 2787 quaestione
842 2701 883 2764 de
907 2699 1000 2784 cyclo
1025 2701 1057 2764 S.
1082 2701 1163 2786 Hip-

66 2795 150 2880 polyti
173 2801 247 2864 usui
271 2821 342 2863 esse
365 2809 511 2885 possunt.
542 2799 679 2885 Opinati
703 2807 780 2862 sunt
802 2797 916 2885 aliqui,
935 2798 1006 2882 jam
1017 2797 1164 2862 ludaeos

65 2897 198 2981 antiquos
221 2897 316 2982 cyclo
339 2899 507 2981 octoginta
539 2905 680 2983 quatuor
709 2918 871 2960 annorum
904 2917 979 2960 usos
1002 2917 1081 2974 esse,
1106 2895 1163 2959 sed

66 3011 128 3056 rora
140 2997 300 3060 sententia
314 2995 456 3076 videtur,
467 3003 537 3059 tum
547 2996 568 3061 J
571 2995 694 3059 udaeos
710 2996 863 3080 antiquos
877 3003 948 3057 tum
960 2991 1165 3058 Christianos

66 3093 152 3172 primo
175 3103 322 3179 tempore
345 3103 418 3178 post
442 3092 612 3157 Obristum
633 3093 826 3174 Dominum,
852 3091 953 3176 cyclis
975 3090 1065 3154 baud
1090 3113 1165 3154 usos

67 3209 130 3269 esse,
152 3191 210 3256 sed
233 3211 275 3254 ex
299 3189 586 3256 observationibus
605 3192 795 3254 neomeniae
819 3199 917 3274 atque
941 3189 1040 3250 etiam
1063 3187 1164 3272 pleni-

67 3283 175 3352 lunium
188 3287 361 3354 Paecbatis
384 3287 667 3374 determinasse¹).
692 3325 735 3336 -
759 3287 791 3354 S.
808 3285 952 3372 Oyrillus
975 3288 1009 3349 in
1026 3284 1164 3368 Prologo

68 3385 192 3464 paschali
216 3389 368 3472 superius
392 3389 491 3452 citato
515 3385 648 3450 scribit:
681 3385 740 3448 lili
762 3388 867 3464 etiam,
891 3385 946 3469 qui
967 3383 1166 3447 Jedoeorem

65 3485 202 3562 puritati
222 3485 412 3570 respondere
436 3485 544 3548 cerreti
566 3493 651 3561 sunt,
676 3494 706 3546 et
729 3485 887 3568 octopinte
909 3493 1045 3568 quatuor·
1068 3505 1163 3544 eaeo·

68 3601 121 3642 rom
135 3583 315 3668 paschales
338 3583 456 3670 cycleae
486 3583 705 3660 instituerant,
723 3581 886 3667 perfectae
909 3582 1047 3644 rationis
1069 3580 1165 3642 circit-

69 3673 117 3739 lam
137 3683 315 3758 tentassent,
340 3682 369 3744 ai
391 3683 426 3743 in
441 3681 665 3766 supputatione
681 3681 832 3742 mensium
854 3679 903 3742 vel
926 3701 1081 3742 (abaciam
1103 3701 1166 3740 aoso

68 3773 212 3842 lemnum
235 3779 291 3844 sed
314 3779 456 3844 divinam
470 3779 673 3842 traditionem
687 3777 775 3862 sequi
790 3779 979 3862 potuissent.
1006 3824 1013 3840 .
1038 3823 1046 3838 .
1075 3773 1167 3846 Quod

70 3871 117 3934 ulii
123 3877 322 3960 procidentes
336 3899 374 3942 uc
386 3876 655 3962 reprehendentes,
671 3885 700 3937 et
715 3875 808 3959 quasi
822 3874 986 3938 emendare
997 3875 1165 3959 capientes,

77 4031 259 4047 -—-———.

128 4117 146 4182 ¹)
161 4115 193 4170 Id
210 4114 307 4184 probat
326 4113 467 4180 Patritins,
496 4114 609 4170 Dissert
639 4113 668 4169 in
686 4113 820 4182 Evangel.
839 4113 870 4171 L.
891 4111 942 4167 111.
961 4111 1031 4166 Dias.
1051 4111 1111 4168 LII.
1132 4143 1164 4152 -

71 4189 114 4246 [lt.
130 4193 159 4247 ds
176 4195 256 4262 cyclis
274 4194 445 4263 paschalibus
463 4194 547 4249 etiam
566 4193 662 4259 Ideler‚
685 4193 836 4248 Handbncb
860 4191 908 4247 der
925 4192 1165 4248 mathematiscbsn

72 4271 113 4324 md
129 4275 294 4330 techniscben
311 4275 534 4345 Gbmnologiess
562 4275 599 4330 11.
617 4273 758 4328 Siebenter
777 4273 936 4340 Absehnitt;
954 4273 980 4329 S.
1001 4275 1052 4328 175
1070 4271 1097 4326 s.
