2936 4814
435 470 527 530 nnus
544 471 662 540 positiva
680 472 875 542 expenduntur.
1162 476 1197 528 83

98 619 174 708 ejecit
193 617 315 703 pullam
348 641 409 695 eos,
436 619 559 703 patriis
582 629 685 682 tarsen
718 617 836 705 lepidos
864 619 961 681 vitam
984 629 1110 704 wentae
1133 643 1197 684 aaa

95 741 195 802 pesae
214 727 259 780 sat
282 717 456 780 converu‘ra.
481 715 598 802 Itaque
621 725 799 803 antequam
822 714 940 796 edicto,
953 713 1084 780 Claudii
1107 740 1195 782 anno

96 817 120 887 9,
148 815 262 880 Judaei
295 815 403 879 Roma
435 812 689 900 expellerentur,
723 813 880 878 videntur
907 813 979 899 jam
1012 824 1196 880 conventus

95 912 202 998 publici
234 913 298 978 illis
332 912 499 978 interdicti
531 912 642 978 fuisse.
688 912 800 977 Etiam
843 908 921 976 inde
961 911 1091 976 facilius
1124 911 1195 976 fieri

95 1014 193 1096 potnit
225 1021 262 1076 ut
292 1019 364 1074 tota
395 1012 478 1074 ratio
511 1011 600 1074 vitae
633 1009 886 1074 christianorum
920 1011 1115 1095 praepositis
1137 1011 1194 1076 Ju-

95 1108 232 1174 dseornm
265 1110 379 1174 minna
412 1119 489 1172 nota
521 1117 614 1190 esset,
648 1109 675 1170 ai
699 1107 862 1194 separatio
887 1103 1194 1174 Christianoruma

93 1207 214 1272 ludaeis
235 1229 304 1272 non
329 1216 402 1271 erat
424 1208 557 1270 omnino
581 1204 754 1292 completa.
783 1202 975 1269 Conventus
998 1227 1077 1270 vero
1102 1203 1190 1271 Chri·

94 1307 254 1371 stianorum
287 1305 413 1391 privati
445 1312 540 1370 erant
571 1305 606 1367 in
637 1302 776 1368 aedibus
808 1305 957 1389 privatis,
991 1303 1040 1367 uti
1063 1325 1106 1367 ex
1129 1305 1192 1390 epi·

93 1401 161 1468 stols
181 1425 310 1490 qnoque
335 1401 370 1469 S.
394 1401 488 1466 Pauli
512 1400 555 1466 ad
577 1401 743 1466 Romanos
767 1403 846 1466 satis
868 1399 1042 1485 colligitur.
1050 1399 1075 1486 ι)

166 1502 215 1566 68.
238 1502 430 1566 Provocant
452 1498 634 1564 adversarii
658 1501 759 1563 etiam
783 1498 826 1564 ad
852 1500 868 1564 l
893 1499 983 1563 Petri
1006 1497 1109 1563 5.13:
1134 1497 1192 1563 So-
1218 1501 1333 1604 &2³¹¹ss

92 1597 161 1664 lutat
188 1621 238 1664 ros
267 1599 412 1674 ecelesia,
442 1621 520 1684 qaae
550 1607 597 1661 eat
625 1599 660 1662 ia
682 1595 864 1684 Babylonia
893 1595 1023 1661 collecta
1046 1603 1125 1678 ete·
1150 1619 1192 1660 ex

92 1695 195 1780 quibus
217 1696 429 1779 inferuntB.
443 1695 611 1759 Petrum'
602 1717 637 1759 ιιι
650 1693 822 1780 Babylone
845 1693 961 1776 fnisse3
984 1691 1041 1757 alii
1056 1645 1190 1780 quidem

92 1795 118 1856 in
138 1793 302 1879 Babylone
333 1792 490 1878 Aegypti,
521 1792 616 1857 alii'
608 1816 643 1857 ιιι
665 1790 837 1876 Babylone
862 1743 1050 1856 Chaldaeae
1079 1789 1192 1857 velun

92 1894 244 1974 provincia
279 1889 469 1975 Babylonia
492 1890 712 1973 contendunt3
743 1887 790 1954 ibi
816 1890 982 1954 invenisse
1006 1909 1082 1953 eum
1106 1890 1192 1954 inter

90 1988 218 2055 ludaeos
255 1988 410 2056 laborum
449 1987 689 2074 amplissimum
727 2009 901 2074 eampum,
940 1987 1080 2052 Romam
1112 2007 1191 2051 vero

92 2109 241 2174 nunqnam
264 2088 411 2152 venisse.
456 2085 683 2151 Traditionem
706 2095 818 2150 autem
851 2085 893 2150 de
924 2085 1073 2151 Romano
1102 2084 1190 2150 Petri

91 2188 262 2272 episcopatu
286 2208 331 2251 ex
356 2185 625 2270 interpretatione
639 2183 724 2248 falsa
746 2183 966 2271 quorumdam
988 2184 1189 2269 provenisse,

91 2285 135 2366 qni
156 2285 261 2370 inepte
284 2281 514 2368 metaphoram
530 2283 771 2368 supposuerint.
799 2319 842 2329 ——
874 2279 1124 2367 Respondemus
1147 2279 1189 2346 ad

91 2377 173 2444 baec:
196 2383 233 2446 1ο
254 2380 400 2448 Etiamsi
421 2380 460 2446 B.
483 2380 601 2446 Petrus
623 2379 795 2466 Babylone
818 2379 949 2462 fuisset,
980 2389 1013 2443 et
1034 2377 1112 2444 inde
1136 2379 1188 2444 de·

91 2475 176 2544 disset
196 2478 380 2567 epistolam,
405 2477 482 2543 inde
505 2476 588 2543 nihil
606 2477 720 2542 inferri
743 2488 854 2564 posset
876 2485 990 2543 contra
1013 2477 1084 2564 ejus
1107 2479 1188 2564 epis·

90 2587 224 2661 eopstnm
246 2578 452 2660 Romanum,
482 2596 585 2662 quum
608 2595 668 2662 per
697 2597 733 2641 se
755 2577 967 2641 commoratio
989 2573 1100 2662 aliqua
1128 2575 1188 2640 Ba-

91 2671 193 2756 bylone
201 2675 289 2742 facts
304 2675 429 2762 optime
462 2694 537 2739 cum
561 2671 616 2738 illo
640 2674 831 2760 episcopatu
855 2672 1057 2739 concilietur.
1081 2711 1125 2720 —
1149 2673 1188 2738 2⁰

90 2769 142 2836 Sed
163 2777 207 2838 nti
230 2773 325 2840 nulla
354 2771 451 2860 plane
479 2781 556 2836 sunt
585 2771 726 2856 vestigia
754 2771 942 2836 traditionis
972 2771 1005 2834 in
1029 2769 1186 2836 alterutra

90 2865 240 2954 Babylone
262 2870 305 2938 B.
329 2869 464 2936 Petrum
487 2869 597 2953 fuisse,
627 2871 795 2956 scripsisse
819 2867 1000 2956 epistolam,
1025 2868 1078 2932 vel
1102 2867 1185 2954 epia·

89 2977 223 3050 copstnm
245 2969 398 3054 gessisse,
430 2970 476 3034 ita
508 2967 543 3032 id
566 2966 644 3032 inde
671 2967 744 3053 jam
773 2965 990 3054 improbabile
1014 2975 1072 3050 est,
1096 2965 1185 3053 qnod

89 3073 208 3152 utraque
229 3065 385 3151 Babylon
415 3087 453 3131 eo
482 3076 630 3152 tempore
659 3065 773 3150 exigui
801 3064 902 3130 fuerit
924 3065 1082 3130 momenti
1106 3065 1184 3128 oiri·

89 3161 164 3248 tw).
206 3165 260 3230 Ex
292 3163 493 3229 adremariis
524 3165 605 3250 ipsis
632 3161 688 3228 alii
712 3160 863 3249 probant,
895 3162 934 3228 B.
957 3164 1092 3228 Petrum
1117 3183 1183 3228 non

88 3255 172 3324 fnisse
188 3261 360 3347 Babylone
384 3263 418 3327 in
442 3259 595 3347 Aegypto
627 3281 685 3346 pro
709 3259 881 3345 Babylone
905 3259 1093 3326 Chaldaeae
1116 3282 1182 3325 cer-

88 3365 186 3438 tantes,
200 3359 256 3425 alii
270 3361 472 3426 contrarium
483 3357 654 3424 ostendere
669 3358 828 3426 nituntur.
843 3395 886 3406 —-
897 3359 935 3424 3⁰
948 3359 1090 3426 Nomine
1122 3358 1183 3424 Ba·

88 3447 200 3534 bylonis
231 3459 265 3522 in
299 3456 437 3543 epistola
467 3455 501 3523 S.
532 3456 621 3521 Petri
654 3455 794 3520 Romam
831 3455 1020 3541 significari,
1053 3456 1182 3541 antiqui

88 3547 261 3638 interpretes
294 3576 438 3620 consona
470 3575 563 3636 voce,
595 3553 643 3617 uti
666 3553 821 3638 vidimus,
852 3553 1070 3620 tradiderunt.
1116 3552 1182 3618 Hic

89 3645 162 3712 valet
194 3652 348 3737 profecto,
381 3650 470 3740 quod
492 3647 715 3716 Tertullianus
757 3649 823 3716 alia
845 3651 887 3718 de
914 3673 950 3716 re
972 3650 1155 3737 loquens
1146 3671 1181 3714 ur

88 3739 248 3815 haereticos
270 3749 403 3836 objicit:
433 3749 522 3812 Ea
507 3769 578 3835 apso
602 3747 711 3812 ordine
734 3749 958 3836 manifestatur
980 3749 1017 3812 id
1038 3771 1103 3813 asse
1126 3747 1179 3810 do·

89 3841 214 3910 niumm
234 3859 265 3912 et
285 3870 400 3926 aarum,
424 3845 507 3933 quod
529 3846 571 3910 eit
584 3848 678 3932 prius
701 3845 863 3928 audiam,
886 3845 922 3912 id
944 3855 1048 3912 ouum
1075 3854 1179 3910 satra

90 3999 273 4019 Q*-

149 4087 235 4154 ¹.)OE
253 4091 640 4162 epigrammaticum
659 4107 682 4147 a
703 4093 781 4147 1⁸40.

148 4165 368 4236 'thasstionsnr
386 4171 456 4228 banc
473 4171 559 4228 {usius
574 4170 816 4242 proseqnilongnm
834 4177 912 4240 esset,
930 4173 1003 4228 sed
994 4171 1101 4230 nvenis
1119 4188 1179 4228 earn

90 4241 387 4324 mmmmm.
405 4251 558 4324 Pogginil.
578 4268 599 4310 a
618 4251 789 4310 mucias.

1036 4341 1068 4396 a*
