2836 4804
405 1203 765 1327 Dissertatio
813 1201 1165 1325 undecima.
1412 1317 1413 1370 p

227 1474 291 1555 Ite
303 1471 465 1554 'tribus
480 1467 718 1573 Capitulis,
737 1489 788 1551 ao
803 1469 857 1551 (le
873 1467 1071 1552 concillo
1090 1467 1338 1554 Constanti·
1412 1453 1413 1542 ἱ

286 1609 546 1714 nopolitano
573 1605 777 1706 seeundo,
803 1607 1085 1690 oecumenico
1112 1607 1286 1710 quinto.

321 1955 349 2016 1.
376 1949 562 2032 „Admonet
593 1949 757 2034 sapienter
792 1950 969 2032 Beronius,
1002 1952 1050 2014 ait
1081 1947 1339 2036 Cabaseutius1).

115 2031 182 2072 ⁰¹⁰⁴*
230 2051 379 2134 quintam
402 2047 574 2132 Synodum
597 2048 692 2113 malis
723 2049 826 2112 initiis
857 2057 889 2112 et
921 2047 1007 2112 mala
1030 2049 1213 2113 intentione
1236 2052 1340 2134 auspi-

231 2155 348 2227 catam,
381 2144 464 2210 nihil
496 2145 665 2210 Ecclesiae
698 2145 873 2210 contulisse
905 2155 1033 2230 praeter
1063 2147 1257 2211 innumeras
1281 2147 1339 2210 dis·

231 2246 407 2322 sensiones,
431 2243 555 2324 clades,
580 2245 782 2325 vexationes,
815 2243 992 2308 schismata
1024 2253 1056 2308 et
1078 2244 1259 2309 saecularis
1282 2245 1342 2310 Im·

231 2343 313 2428 perii
336 2341 495 2406 adversus
518 2361 627 2405 sacros
645 2342 821 2406 Pontifices
843 2341 989 2427 aliasque
1013 2340 1252 2406 ecclesiasticas
1277 2365 1343 2428 per·
1412 2349 1413 2436 l

232 2461 326 2504 sonas
350 2438 455 2502 diram
472 2437 736 2524 horrendamque
750 2439 969 2523 tyrannidem,
988 2460 1048 2502 neo
1071 2459 1131 2523 per
1146 2461 1220 2504 eam
1243 2441 1346 2504 fauisse
1412 2437 1413 2440 '

233 2559 417 2616 conversos,
449 2537 596 2621 quinimo
628 2538 733 2620 magis
756 2537 934 2600 invaluisse
965 2535 1155 2602 haereticos.
1203 2535 1345 2602 Etcum

233 2645 346 2700 contra
369 2636 489 2699 summi
514 2635 683 2698 Pontificio
697 2644 839 2700 mentem
854 2657 914 2720 per
928 2635 1128 2698 saecularem
1151 2645 1345 2718 potestatem

232 2735 471 2799 haereticorum
494 2734 606 2818 pravis
629 2733 835 2796 suasionibus
868 2733 1054 2811 excitatam,
1079 2741 1232 2796 coactum
1255 2732 1347 2797 babi-

232 2843 367 2917 tumque
390 2831 489 2894 fuerit
512 2827 599 2894 istud
624 2829 818 2911 Concilium,
843 2829 933 2894 nullo
957 2839 1129 2914 praesente
1153 2828 1345 2914 Apostolico

232 2931 367 3014 Legata,
397 2930 587 3014 primusque
619 2927 848 3012 subscripserit
879 2929 935 3014 qui
964 2926 1072 2990 eidem
1095 2929 1230 3012 propria
1252 2949 1344 3012 prae·
1412 2925 1413 2990 3

233 3027 317 3092 sedit
357 3027 550 3090 auctoritate
589 3025 774 3108 Eutychiae
815 3023 1115 3110 Constantinopolis
1156 3026 1342 3111 episcopus.

232 3126 332 3190 fuisse
357 3125 528 3190 manifeste
538 3122 744 3208 illegitimum
760 3132 792 3187 et
805 3122 1052 3186 schismaticum
1075 3121 1345 3202 conciliabulum,
1412 3139 1413 3146 ’

233 3222 322 3286 nullo
355 3221 453 3286 modo
486 3220 687 3284 censendum
720 3222 805 3284 inter
827 3219 995 3285 Ecclesiae
1025 3219 1192 3300 Concilia,
1217 3221 1283 3284 nisi
1310 3243 1347 3284 ex

235 3320 301 3384 solo
334 3331 493 3404 tempore,
519 3339 582 3404 quo
613 3318 713 3383 robur
744 3317 851 3382 eidem
875 3319 1013 3382 accessit
1042 3339 1083 3380 ex
1108 3317 1346 3402 approbatione
1412 3373 1413 3394 ἶ

235 3419 444 3506 apostolica.“

324 3535 354 3600 2.
380 3533 505 3614 Quodsi
530 3555 607 3597 vero
632 3532 687 3597 illa
702 3531 865 3616 Synodus,
886 3532 932 3594 uti
950 3553 992 3594 ex
1014 3529 1104 3594 bisce
1128 3531 1234 3612 vides,
1258 3529 1348 3596 haud
1412 3539 1413 3580 t

235 3655 308 3697 eam
330 3653 389 3718 per
412 3653 445 3694 se
470 3641 612 3695 meretur
634 3631 878 3694 venerationem
894 3651 992 3714 quam
1016 3627 1081 3692 alia
1105 3625 1257 3692 Concilia
1279 3631 1348 3694 uui·
1412 3687 1413 3706 2

235 3730 385 3811 versalia,
417 3730 550 3793 omnino
584 3729 782 3792 conveniens
815 3737 924 3791 temen
955 3735 1003 3790 est
1026 3727 1091 3790 imo
1114 3729 1348 3792 necessarium.

236 3839 272 3892 ut
294 3829 398 3892 fusius
422 3827 462 3891 de
486 3827 601 3891 eadem
625 3825 758 3910 Synodo
783 3847 821 3890 ao
837 3824 877 3888 de
900 3824 998 3888 rebus
1021 3823 1064 3888 ad
1087 3845 1161 3888 eam
1186 3827 1347 3910 pertinen-

235 3925 323 3989 tibus
347 3947 494 4010 agamus.
541 3923 637 4004 Quae
669 3925 756 3987 enim
789 3923 966 4008 praecipue
990 3921 1114 3985 ibidem
1137 3932 1281 3988 tractata
1306 3934 1348 3986 cst

241 4115 450 4122 -...-..--

312 4233 317 4260 ¹
321 4241 329 4296 J
347 4226 453 4281 Notitia
471 4225 646 4280 Consiliorum
666 4241 721 4294 cap.
742 4228 777 4278 69
