2766 4836
248 433 283 486 so
495 429 535 487 ns
552 432 700 488 ananiam
718 432 784 488 rats
802 449 834 488 as
852 434 885 490 rs
902 433 981 504 unu
999 435 1107 490 tinem
1368 422 1369 510 l

92 596 230 646 argument
336 577 389 644 67.
414 574 512 657 Quod
535 596 613 640 vero
638 577 681 641 ad
696 579 991 661 argumentationis
1005 578 1150 646 directae
1174 574 1287 646 attinst
1304 584 1337 646 in·
1368 535 1369 572 l

117 657 206 760 ,ffiss
248 675 365 756 dolem,
389 682 427 738 ut
450 673 565 738 eadem
589 677 808 760 perspiciatur
839 675 921 740 haec
945 675 1150 742 advertenda
1173 690 1337 744 occurrunt.

246 772 339 838 Varii
363 781 512 838 auctores
542 794 699 858 suppares
731 773 856 840 Liberii
889 784 1026 840 nunant
1046 775 1201 858 reditum,
1225 777 1339 862 ejusque

247 871 371 935 motiva
391 871 531 958 positive
547 869 697 936 indicant
713 873 767 954 ita,
784 883 820 936 ut
834 871 1020 938 nullatenus
1042 873 1184 940 reditum
1199 874 1338 958 subscrip

246 969 328 1034 tioni
351 967 510 1034 formulae
534 978 705 1053 suspectae
739 968 791 1036 vel
816 992 972 1036 erroneae
993 970 1151 1054 tribuant,
1175 994 1238 1036 nee
1261 971 1338 1036 ulan

247 1067 345 1153 hujus
377 1066 626 1152 subscriptionis
659 1069 860 1132 mentionem
893 1069 1027 1135 faciant
1075 1069 1172 1150 Quod
1206 1091 1283 1136 vero
1308 1069 1337 1134 ad
1369 1088 1370 1164 q

247 1188 301 1232 eos
330 1167 504 1254 scriptores
529 1185 667 1228 coaevos
683 1164 736 1228 vel
752 1187 910 1252 suppares
924 1167 1042 1232 attinet
1057 1167 1113 1252 qui
1137 1167 1266 1252 lapsum
1288 1189 1338 1232 esse
1369 1207 1370 1214 κ

245 1263 417 1328 Liberium
441 1271 600 1344 asserunt,
626 1263 845 1329 certissimum
878 1273 936 1344 est,
960 1264 1140 1350 praecipua
1162 1263 1337 1330 documenta
1369 1331 1370 1334 ,

246 1384 316 1426 esse
331 1361 539 1448 supposititia
563 1369 594 1424 et
618 1361 769 1425 conficta.
793 1361 848 1426 Ad
868 1359 933 1426 alia
947 1361 1146 1428 documenta
1168 1362 1259 1447 qnod
1272 1385 1339 1448 spec-

245 1470 302 1544 tat,
326 1462 442 1545 gravia
465 1467 541 1522 sunt
563 1460 703 1540 motiva,
728 1469 765 1522 ut
786 1457 971 1524 habeantur
1004 1461 1039 1524 in
1061 1457 1113 1522 his
1137 1481 1175 1524 ea
1199 1482 1283 1545 quae
1302 1461 1340 1524 Li-

246 1561 329 1626 berii
351 1559 480 1644 lapsum
503 1555 650 1622 referunt
672 1555 726 1622 vel
742 1556 946 1642 interpolata,
964 1556 1017 1622 vel
1038 1578 1183 1639 erronea,
1207 1559 1341 1630 minusve

246 1667 408 1724 accurata.
455 1655 503 1720 Eo
527 1656 628 1739 igitur
660 1654 833 1740 dirigenda
856 1664 906 1718 est
928 1655 1066 1722 intentio
1100 1663 1221 1736 nostra,
1245 1667 1280 1719 ut
1299 1677 1339 1740 ap-

245 1760 350 1844 prime
373 1753 502 1838 singula
516 1752 772 1838 perpendamus,
790 1775 928 1838 eamque
945 1752 1133 1820 derivemus
1156 1775 1197 1818 ex
1221 1755 1261 1818 iis
1284 1775 1341 1816 eon·
1370 1756 1371 1848 l

246 1856 436 1934 elusionem,
461 1851 602 1937 quaein
637 1850 812 1914 eventibus
844 1849 1007 1916 historicis
1039 1873 1102 1916 usu
1125 1853 1226 1916 venit.
1271 1850 1341 1916 lllud
1370 1851 1371 1922 Ϊ

245 1975 374 2040 quoque
399 1971 517 2036 operae
540 1949 681 2034 pretium
712 1958 761 2013 est
783 1957 906 2029 notare,
940 1969 998 2014 eos
1018 1950 1075 2035 qui
1098 1948 1267 2016 Liberium
1288 1949 1342 2033 lap
1370 1939 1371 1950 ¹

246 2074 318 2118 sum
342 2071 411 2114 esse
434 2049 620 2134 opinantur,
647 2048 695 2112 uti
726 2046 872 2112 vidimus
904 2048 1051 2113 maxime
1071 2048 1158 2112 inter
1180 2069 1214 2114 se
1236 2047 1341 2112 dissen-

245 2151 316 2231 tire,
341 2169 407 2233 qua
429 2147 555 2209 ratione
577 2143 733 2210 Pontifex
757 2144 867 2210 officio
889 2166 948 2210 suo
973 2144 1123 2211 deluerit.

336 2335 389 2400 68.
412 2333 564 2418 Plerique
596 2333 698 2417 igitur
729 2339 877 2396 auctores
910 2353 1068 2416 suppares
1096 2332 1287 2401 adscribunt
1306 2351 1342 2392 re·

249 2436 354 2500 ditum
378 2430 505 2498 Liberii
531 2431 565 2494 in
589 2429 704 2494 urbem
720 2430 859 2494 Romam
874 2431 972 2492 unice
994 2429 1217 2514 petitionibus,
1240 2429 1342 2496 clamo

244 2535 347 2616 ribus,
372 2527 589 2596 seditionibus
613 2527 725 2614 populi
759 2527 909 2608 Romani,
943 2526 1063 2613 quibus
1086 2540 1250 2613 permotus
1273 2525 1342 2590 Con·

246 2633 385 2704 stantius
414 2627 609 2692 Pontificem
642 2625 712 2690 sedi
736 2647 815 2690 suae
837 2626 1025 2690 restituerit.
1065 2663 1109 2671 -
1147 2625 1290 2691 Socrates
1311 2645 1340 2684 ea

246 2736 287 2800 de
310 2754 364 2797 re:
392 2724 564 2804 Caeterum,
578 2723 701 2804 scribit,
727 2723 870 2788 Liberius
883 2723 968 2788 baud
990 2723 1086 2788 multo
1104 2735 1181 2810 post
1203 2723 1241 2788 ab
1258 2721 1341 2786 exilio

244 2838 415 2904 revocatas,
440 2823 542 2888 sedem
565 2845 653 2886 suem
685 2823 810 2908 recepit,
844 2845 911 2884 cum
932 2821 1073 2908 popolus
1096 2823 1255 2888 Revrtamur
1275 2819 1341 2883 sedi·

246 2932 330 2994 tiene
355 2925 452 3012 fucta
484 2919 616 2984 Felicem
649 2918 779 2984 ecclesia
803 2918 985 3005 sepelisset,
1018 2930 1048 2984 et
1069 2920 1252 3006 Imperator,
1280 2917 1342 2980 licet

245 3027 372 3102 incitus,
397 3041 556 3086 assensum
579 3017 646 3082 illis
663 3015 910 3102 praescissae).
961 3016 1027 3080 Hic
1051 3026 1164 3080 auctor
1188 3033 1340 3104 perperam

245 3123 382 3190 exilium
399 3117 523 3182 Liberii
536 3125 608 3200 post
625 3113 801 3178 concilium
810 3113 1021 3178 Ariminense
1030 3113 1130 3178 refert
1140 3114 1297 3191 accidisse,
1308 3131 1341 3172 eo

245 3222 334 3308 qnod
347 3217 502 3284 Liberius
517 3213 625 3281 eidem
640 3213 824 3277 consentire
840 3211 991 3278 noluerit.
1020 3211 1107 3278 Satis
1122 3220 1231 3276 tamen
1245 3214 1275 3276 in
1288 3231 1341 3272 sua

245 3319 432 3386 narratione
447 3312 599 3393 ostendit,
615 3311 694 3374 dum
709 3309 793 3377 nihil
809 3311 890 3375 dicit
904 3309 945 3374 de
959 3309 1070 3396 aliqua
1081 3309 1339 3379 defectionePon·

244 3417 343 3482 tificis
357 3433 498 3498 eumque
509 3409 550 3474 ab
561 3409 762 3494 Imperatore
779 3409 883 3472 invito
894 3407 1190 3474 asseritdimissum
1201 3410 1298 3488 fuisse,
1308 3425 1338 3466 ΒΘ

245 3517 411 3599 ignorasse
435 3509 568 3574 omnino
602 3507 746 3592 aliquem
777 3506 906 3592 lapsum
930 3505 1066 3571 Liberii.
1113 3505 1267 3593 Sulpicius
1290 3503 1339 3566 se

245 3634 342 3676 verus
366 3609 488 3697 pariter
512 3608 676 3692 ignorasse
701 3625 734 3667 se
753 3603 896 3668 ostendit
909 3603 1054 3690 aliquem
1068 3603 1193 3684 Liberii
1215 3604 1336 3688 lapsum.

245 3711 325 3776 dum
349 3709 390 3774 de
413 3728 451 3772 eo
476 3704 609 3772 scribit:
634 3702 777 3771 [tiberius
809 3725 926 3788 qnoque
958 3703 1045 3768 erbis
1068 3705 1185 3770 Romae
1206 3712 1234 3766 et
1255 3697 1337 3762 Hila-

243 3810 311 3872 riaa
334 3809 533 3872 Heraeorum
561 3802 724 3888 episcopus
756 3800 875 3865 dantur
906 3799 1013 3864 emilie.
1047 3849 1055 3866 .
1089 3850 1097 3867 .
1127 3800 1188 3866 Sed
1209 3795 1338 3862 Liberius

243 3983 341 4052 passim
371 3981 447 4035 lirare
476 3980 503 4034 in
532 3975 706 4033 admittendis
737 3975 842 4030 Sanctis
869 3993 949 4043 qnam
967 3976 1075 4044 Latini;
1103 3981 1177 4045 patet
1192 3979 1279 4032 muer,
1295 3967 1335 4020 uti

244 4063 320 4118 Hosti
347 4062 387 4116 its
414 4065 443 4115 et
470 4059 573 4114 Liberii
600 4072 696 4112 nomen
716 4057 900 4112 Orientalibus
930 4057 958 4112 in
986 4059 1160 4112 retentione
1176 4055 1257 4110 nme
1281 4045 1335 4102 Off.

243 4141 348 4198 Mbhler
365 4140 437 4196 Hist.
457 4141 518 4196 ecel.
538 4145 601 4194 tem.
620 4139 642 4192 L
661 4153 686 4205 p.
705 4138 767 4190 424.

320 4227 342 4294 ¹)
362 4221 396 4278 Η.
416 4222 446 4276 u.
465 4220 497 4276 L.
514 4219 549 4274 ll.
569 4237 590 4274 e
610 4220 652 4274 37,
