2810 4846
543 455 570 512 S.
588 455 705 512 Siricim
1126 465 1179 520 tot

72 621 145 666 auos
166 599 302 664 clericos
325 609 513 685 computare
525 599 675 682 noluerit,
699 599 753 666 vel
775 611 945 670 aversatus
966 605 1075 690 fuerit,
1100 609 1178 693 qnia

71 707 202 784 repente
225 719 268 764 ex
288 696 374 762 laioo
396 695 555 764 Paulinus
584 699 637 762 vir
660 697 839 764 consularis
870 705 1117 786 etsenatorius,
1141 707 1176 770 in

69 797 229 882 Hispania
250 793 430 880 presbyter,
453 797 606 881 quamvis
628 805 769 877 coaetus,
794 799 944 862 evaserit.
1259 857 1263 864 .

158 895 210 960 16.
232 893 276 958 Et
298 915 333 958 re
357 893 491 978 quidem
514 914 594 958 vera
616 901 793 978 potuerunt
815 893 934 960 Siricio
958 917 1028 960 esse
1052 897 1177 960 motiva
1201 911 1263 953 nno
1279 911 1339 954 arn-

65 990 187 1072 vslida,
210 1013 270 1055 eur
291 991 400 1056 minus
431 1011 630 1076 propensum
662 1012 697 1054 se
721 991 756 1054 in
779 990 955 1056 Paulinum
979 992 1175 1057 ostenderet.
1208 973 1319 1014 “mm

65 1087 137 1174 Ipse
165 1088 319 1156 videlieet
349 1109 450 1174 quum
479 1109 523 1152 ex
552 1087 669 1152 litteris
692 1088 832 1154 Himerii
866 1092 1011 1176 episcopi
1036 1089 1174 1154 Taraco·

68 1187 180 1252 nensis
203 1185 373 1250 didicisset
394 1206 591 1271 permagnos
605 1184 738 1268 abusus,
753 1188 809 1271 qui
833 1187 868 1252 in
892 1187 1054 1274 Hispania
1076 1189 1175 1252 etiam

67 1283 177 1370 quoad
211 1285 315 1349 vitam
349 1294 381 1347 et
412 1283 615 1351 honestatem
651 1283 852 1364 elericorum,
888 1285 1175 1370 ordinationesque

65 1403 180 1446 eorum
201 1380 420 1463 invaluerant,
444 1380 645 1466 praeclaram
676 1379 767 1446 dedit
790 1379 880 1446 illam
903 1382 1109 1448 Decretalem
1132 1382 1176 1447 ad

66 1479 260 1558 timerium,
285 1501 351 1564 qua
374 1479 583 1564 disciplinam
606 1477 860 1544 ecelesiasticam
884 1481 1089 1546 instauravit.
1135 1479 1175 1544 In

64 1577 179 1640 eadem
203 1597 280 1640 vero
304 1599 337 1642 ιι.
364 1578 404 1640 12
426 1579 489 1641 ait:
523 1576 702 1640 Didieimns
730 1578 837 1658 aean,
866 1577 993 1642 licenter
1015 1601 1053 1642 ee
1080 1576 1175 1642 litere

63 1672 285 1760 temptaretne
316 1674 400 1738 ettae
431 1674 581 1750 mosee,
613 1673 723 1758 paidos
754 1675 849 1736 etiem
862 1673 990 1758 fraenat
1009 1697 1175 1740 nanwrosa

63 1773 222 1860 conjugia,
255 1770 300 1834 ad
315 1770 487 1857 praefatas
505 1771 689 1856 dipros'tetea,
707 1781 806 1856 proto
828 1773 936 1856 caipae
958 1771 1093 1854 limavit,
1118 1773 1174 1838 od·

65 1872 197 1954 spirare
223 1915 231 1932 .
257 1915 265 1932 .
295 1867 408 1934 Omnia
431 1867 646 1954 (praescripta
673 1867 864 1954 apostolica)
893 1893 914 1932 a
935 1879 1106 1934 manantes
1127 1893 1174 1934 re-

60 1969 188 2050 qionum
223 1967 438 2052 reptem
471 1968 637 2052 episcopis,
671 1967 763 2050 qnasi
796 1969 831 2028 in
861 1967 1053 2030 coronarium
1074 1969 1173 2051 mamb

57 2063 182 2146 fuerint
210 2064 390 2128 emutitnte.
431 2111 439 2128 .
477 2111 486 2128 .
525 2061 609 2136 Qaid
636 2063 676 2126 ab
707 2064 860 2128 walnensis
888 2063 1175 2148 pantocratora

62 2162 248 2246 apamdnm
270 2163 323 2239 sit,
345 2161 423 2247 qaid
446 2161 617 2239 vitandam
638 2161 778 2245 pasorali
787 2163 1049 2246 pronuntiatione
1072 2161 1176 2226 decer·

65 2261 172 2324 emas.
203 2295 249 2308 -·
282 2259 370 2324 Dein
393 2281 426 2323 ιι.
451 2259 492 2322 13
516 2260 638 2340 statuit,
671 2259 833 2343 quomodo
866 2259 1026 2344 paulatim
1048 2279 1173 2344 promo-

65 2357 162 2422 rendi
188 2357 266 2437 sint,
290 2358 345 2441 qui
370 2378 390 2421 a
413 2357 534 2422 teneris
562 2357 658 2421 annis
682 2375 717 2420 se
745 2357 834 2420 vitae
856 2357 1098 2422 ecclesiastieae
1120 2378 1174 2422 vo·

66 2454 187 2541 vene).
235 2453 390 2540 Sequenti
415 2475 494 2518 vero
516 2475 548 2520 n.
574 2454 616 2518 14
645 2453 842 2518 determinat
863 2454 1067 2520 conditiones
1090 2455 1173 2520 ordi-

9 2633 10 2636 *
65 2555 237 2618 nationum
267 2573 325 2636 pro
358 2553 409 2632 iis,
432 2552 489 2636 qui
508 2551 579 2636 jam
610 2550 791 2635 grandaevi
815 2551 857 2616 ad
881 2554 1100 2618 ministerium
1122 2573 1173 2616 ac-

66 2649 195 2716 oednnt.
247 2647 310 2722 Qns'
331 2669 413 2727 vero,
437 2650 553 2733 inquit,
579 2653 651 2738 jam
673 2658 774 2712 aerae
806 2649 1012 2734 praedatores,
1035 2649 1173 2714 stelionis

61 2750 218 2834 propositi
252 2748 449 2812 maceratae
466 2758 668 2832 poscentes,
703 2769 743 2812 ee
777 2746 858 2810 leion
882 2746 926 2810 ed
948 2769 1071 2810 sacram
1092 2746 1172 2811 mili·

66 2847 138 2910 ts'om
155 2847 325 2932 perversire
340 2845 488 2930 festinat
513 2845 664 2908 desiderii
691 2845 741 2910 atti
754 2844 899 2928 farctum
920 2865 984 2908 nort
1007 2841 1100 2908 aliter
1122 2843 1173 2908 ob·

9 2963 10 3016 3
66 2943 183 3024 emta,
205 2944 272 3008 nisi
295 2963 329 3006 eo
354 2964 412 3028 qno
439 2943 620 3028 baptizatur
652 2953 784 3029 tempore
812 2943 918 3006 statim
943 2939 1090 3022 lectonam
1117 2953 1174 3006 eat

64 3043 289 3106 remittentem
320 3063 447 3104 montera
470 3041 612 3118 societur,
647 3041 675 3106 εἰ
698 3050 801 3104 temen
823 3061 891 3104 enm
912 3061 1008 3102 onom
1028 3037 1172 3104 latuisse

65 3139 107 3202 oei
128 3139 253 3216 tedere,
277 3148 306 3202 et
327 3139 405 3202 tnnc
426 3139 576 3222 oirpinem
610 3139 764 3224 occepisse
785 3147 902 3200 conset
923 3157 1060 3200 sonorem.
1110 3134 1173 3209 ch‘

64 3236 133 3300 dara
154 3237 305 3300 insitiens
317 3235 423 3322 silent
446 3235 567 3321 sapleto
583 3235 717 3311 memte,
733 3257 795 3320 per
816 3235 1058 3319 quinquennium
1081 3233 1172 3298 aliod

65 3335 222 3422 amlytlcns
257 3343 287 3399 et
319 3333 526 3398 atticenus
551 3331 624 3415 fiet,
648 3343 679 3396 et
711 3333 756 3398 oio
779 3332 823 3396 ad
853 3332 1041 3408 diaconiam,
1065 3332 1173 3417 siper

136 3512 155 3579 ¹)
176 3509 357 3578 „Quicumque
374 3509 462 3578 igitur
487 3524 516 3564 se
534 3509 668 3564 Ecclesiae
696 3507 773 3562 vovit
792 3506 925 3574 obsequiis
944 3523 961 3560 a
979 3522 1028 3562 sua
1046 3505 1171 3572 infantia,

68 3597 128 3644 ante
145 3587 301 3662 pubertatis
328 3603 411 3642 annos
437 3587 570 3658 baptizari
589 3595 617 3643 et
645 3587 773 3643 lectorum
801 3587 880 3642 debet
900 3583 1049 3640 ministerio
1068 3585 1171 3640 sociari.

65 3667 113 3735 Qui
131 3684 241 3724 aecesm
259 3667 460 3733 adolescentiae,
487 3684 570 3736 nsque
589 3667 623 3722 ad
641 3667 811 3736 trigesimum
836 3666 936 3720 aetatis
954 3681 1054 3719 annum
1072 3665 1095 3719 si
1113 3681 1172 3733 pro·

67 3749 191 3804 habiliter
208 3748 317 3814 vixerit,
335 3761 391 3802 nna
408 3753 516 3803 tantum
534 3755 564 3802 et
581 3763 614 3803 ea
626 3763 706 3816 quam
718 3747 852 3816 virginem
871 3746 1003 3800 communi
1021 3759 1069 3814 per
1087 3757 1172 3799 sacer-

65 3829 150 3884 dotem
168 3829 354 3884 bmedictione
370 3829 519 3896 perceperit
530 3843 613 3884 uxore
625 3833 774 3892 contemne,
793 3825 933 3893 molptbus
950 3832 980 3881 et
996 3825 1173 3880 subdiaconus

67 3925 120 3966 we
137 3909 255 3974 debebit,
273 3915 387 3978 postque
404 3908 438 3962 ad
465 3907 570 3962 diacom
588 3907 710 3977 madum,
728 3907 752 3962 si
769 3923 799 3962 se
816 3907 873 3976 ipse
890 3906 1015 3974 pnmitns
1034 3904 1171 3960 coutinen-

9 4029 10 4032 ,
70 3989 105 4042 tia
122 3995 271 4058 praeeunte
290 3987 402 4058 dignum
420 3987 580 4058 probaverit
600 3988 716 4042 accedet
751 3986 804 4043 Ubi
822 3985 846 4040 si
864 3985 937 4040 ultra
955 3983 1071 4052 quinque
1089 4000 1172 4038 annos

68 4067 236 4124 nudabilite‘r
254 4067 424 4134 ministrarit
443 4081 560 4136 congrue
572 4067 766 4136 presbyterium
785 4071 969 4132 consequatur.
988 4063 1094 4120 Exinde
1110 4067 1172 4132 post

66 4149 220 4204 omnnium
247 4147 422 4216 episcopalem
449 4147 601 4202 cathedram
620 4148 721 4215 poterit
748 4146 872 4214 adipisci,
891 4145 1024 4200 simmaa
1041 4160 1089 4213 per
1106 4143 1172 4199 boec

67 4236 184 4298 tmpore
201 4229 349 4298 integritas
366 4227 442 4284 vitae
459 4243 491 4282 ae
508 4227 572 4282 tusi
589 4227 647 4296 ejus
665 4227 750 4282 inerit
767 4224 941 4294 appendu
