2836 4804
444 459 476 512 R
495 457 634 514 Pontiflois
652 459 807 514 auctoritas.
1127 461 1179 514 313

76 613 143 666 tun
164 603 286 687 agnitio
310 602 506 667 universalis
529 602 627 688 hujus
650 605 818 688 primatus.
866 601 977 682 Quum
999 625 1052 668 res
1066 602 1179 669 Orien·

75 701 114 762 tis
137 701 278 764 maxime
300 699 451 764 nubens
474 709 591 782 essent,
616 702 650 764 in
673 723 738 764 uno
762 700 909 764 Romano
923 700 1083 764 Pontifice
1106 722 1180 787 spes

74 795 195 882 relique
216 806 294 878 erat,
328 819 367 862 ac
390 798 457 862 Leo
482 800 674 863 auctoritate
706 821 765 862 sua
788 806 820 862 et
842 799 1004 883 sapientia
1031 796 1180 864 orthodo-

75 915 150 958 xam
178 893 277 958 fidem
307 897 410 959 tuitus
442 906 500 979 est,
525 905 557 960 et
587 882 856 981 tranquillitatem
883 916 1065 982 pacemque
1091 898 1180 961 resti-

75 993 144 1056 tuit.
189 991 244 1056 Ad
257 992 443 1058 Romanum
465 1016 562 1079 porro
575 994 769 1059 Pontificem
793 1003 869 1058 ante
891 991 1075 1058 Concilium
1098 995 1180 1078 epis-

74 1091 144 1174 copi
168 1088 341 1154 orthodoxi
365 1092 510 1154 maxime
543 1093 687 1176 insignes
710 1091 937 1175 confugerunt,
961 1092 1009 1155 uti
1032 1089 1179 1154 Theodo-

74 1197 172 1268 retus‚
197 1189 254 1272 qui
278 1188 397 1252 diserte
421 1191 599 1274 primatum
614 1187 753 1254 Romani
777 1188 946 1254 Pontificio
970 1190 1004 1254 in
1028 1187 1180 1252 omnibus

74 1284 281 1370 profitetur1).
326 1285 481 1352 Pontifex
513 1307 662 1350 normam
693 1285 771 1352 fidei
805 1288 968 1372 episcopis
992 1295 1024 1350 et
1047 1285 1180 1370 Synodo

74 1383 263 1466 praestituit,
288 1393 320 1448 et
334 1405 523 1469 supremum
537 1387 761 1468 magisterium
777 1385 944 1449 doctrinae
959 1404 998 1448 ac
1019 1406 1181 1449 summam

74 1481 230 1564 primatus
253 1483 479 1546 auctoritatem
494 1484 656 1568 sapientiis
671 1483 792 1568 insigni
816 1483 937 1548 exserit
959 1481 1087 1568 sibique
1111 1483 1181 1548 vin·

74 1577 167 1642 dicat
215 1577 373 1666 Episcopi
396 1601 474 1643 vero
494 1578 581 1645 hano
594 1590 787 1668 potestatem
810 1591 880 1643 tum
904 1579 1001 1644 dictis
1024 1591 1093 1644 tum
1117 1580 1180 1644 fac·

74 1676 111 1740 tis
133 1687 327 1760 agnoscunt.
373 1675 460 1740 Illud
474 1685 585 1742 tamen
599 1677 930 1742 animadvertendum
945 1687 1002 1758 cst,
1027 1686 1064 1740 ut
1086 1697 1181 1742 even·

9 1823 10 1850 3
75 1786 122 1836 tns
144 1775 231 1838 varii
255 1773 480 1858 intelligantur
502 1784 534 1838 et
555 1786 643 1840 reete
663 1775 895 1861 dijudicentur.
932 1775 1062 1838 Veritas
1084 1774 1180 1838 haec:

9 1859 10 1870 ἵ
75 1869 226 1958 Suprem
248 1881 459 1957 estpotestate
479 1873 567 1937 Petri
589 1878 712 1963 ejusque
737 1874 920 1937 successoria
942 1873 1080 1936 Romani
1102 1872 1180 1938 Poa-

9 2025 10 2030 ,
75 1967 159 2052 oficio
189 1979 227 2032 at
253 1969 389 2034 mabilia
402 1970 610 2056 fundamenti
639 1970 807 2048 Ecclesiae,
831 1971 930 2034 centri
950 1971 1094 2048 mttere,
1116 1993 1181 2034 nsa-

72 2067 159 2150 9istri
171 2065 267 2150 fidei,
292 2067 463 2152 complexa
486 2077 553 2150 est3
578 2068 665 2134 unde
700 2066 898 2152 explicanda
927 2066 1029 2131 multa
1048 2066 1126 2151 jura
1148 2077 1183 2130 et

74 2164 178 2228 officia
210 2165 244 2228 in
274 2165 474 2248 particulari.
520 2165 581 2230 Illa
613 2165 786 2250 complexa
810 2165 931 2228 veritas
954 2162 1032 2230 inde
1055 2163 1097 2228 ab
1121 2164 1181 2228 ini·

74 2263 114 2324 tio
143 2263 177 2326 in
213 2261 388 2346 explicita,
413 2262 501 2328 clara
524 2273 557 2328 et
589 2263 710 2328 diserte
738 2262 983 2347 praedicatione
1012 2259 1181 2326 Ecclesiae

76 2371 155 2442 erat3
181 2357 241 2424 sed
267 2359 406 2424 decursu
428 2369 613 2446 temporum
640 2383 699 2446 pro
723 2361 917 2424 necessitate
940 2367 973 2424 et
995 2360 1182 2444 opportuni-

74 2465 133 2520 tate
156 2457 359 2522 obveniente
385 2459 477 2523 varia
495 2459 573 2545 jura
595 2458 818 2543 particularia,
843 2467 880 2521 ut
902 2464 1129 2522 exsererentur
1151 2465 1183 2520 et

75 2554 318 2638 applicarentur
340 2557 442 2620 variis
466 2555 582 2637 modis,
611 2578 654 2620 ex
679 2577 789 2620 rerum
813 2554 922 2620 indole
946 2554 1093 2637 contigit.
1128 2553 1183 2616 Ex

11 2716 16 2731 ,
75 2662 185 2718 natura
210 2653 257 2716 rei
282 2654 404 2737 pariter
432 2655 604 2738 provenit,
637 2663 674 2716 ut
696 2652 817 2718 talibus
846 2653 881 2716 in
904 2652 1069 2738 adjunctis
1092 2649 1182 2734 apud

12 2742 13 2754 ¹
75 2747 195 2836 aliquos
221 2749 393 2816 haesitatio
418 2750 580 2835 quaedam
603 2751 712 2836 quoad
740 2750 992 2815 submissionem
1015 2747 1069 2812 vel
1091 2769 1181 2812 reve-

12 2929 13 2932 *
77 2850 208 2912 ennam
242 2869 283 2912 ac
315 2849 560 2914 venerationem
593 2849 779 2912 auctoritati
812 2847 958 2912 debitam
983 2846 1181 2910 invenietur.

13 2938 18 2963 '
77 2943 150 3009 Inde
174 2967 255 3010 vero
278 2945 406 3010 nullum
422 2955 652 3029 argumentum
667 2954 780 3010 contra
798 2944 978 3031 juridicam
1003 2944 1071 3006 vim
1094 2942 1182 3006 illius

77 3044 240 3124 potestatis
273 3042 395 3106 deduci
424 3052 548 3127 potest3
587 3044 652 3106 imo
676 3042 792 3107 eadem
825 3042 948 3128 majore
980 3042 1081 3104 etiam
1105 3061 1182 3102 oum

77 3139 242 3222 splendore
267 3150 426 3223 coruscat,
459 3140 592 3226 quando
624 3140 751 3205 fortiter
783 3151 815 3202 et
847 3141 993 3204 suaviter
1017 3146 1181 3223 postremo

77 3255 181 3302 onnes
205 3259 244 3301 eo
268 3237 488 3320 adducuntur,
513 3247 549 3302 ut
572 3238 684 3304 debita
713 3247 879 3323 praestent
909 3237 1095 3302 auctoritati
1120 3236 1182 3320 pri-

79 3345 177 3400 matus
199 3334 367 3420 obsequia.

143 3495 162 3566 ¹)
183 3495 253 3560 „Asci
274 3493 363 3546 πάντα
387 3495 439 3565 γάρ
464 3493 543 3563 ὑμῶν
561 3493 591 3545 ro*
611 3493 758 3564 πρωτεύειν
776 3491 931 3562 ἁρμόττει.“
958 3491 1046 3560 Epist.
1064 3489 1099 3544 ad
1117 3489 1181 3544 Leo

77 3583 128 3626 nen
148 3575 207 3628 lte.
