2924 4818
530 474 631 546 Variae
648 474 744 532 Δοτω.
1160 468 1196 528 ⁹⁶

98 614 213 698 primus
234 625 280 680 eet
304 637 392 698 usus,
418 639 521 705 eaque
545 640 648 684 ennos
671 622 721 684 sui
746 617 891 684 (lenonis
914 614 1110 702 designavit.
1143 617 1194 680 In-

97 715 171 798 cipit
190 725 297 778 autem
320 736 429 780 annus
460 739 550 783 more
573 717 814 803 Aegyptiorum
847 739 923 782 cum
955 743 1066 788 mense
1098 720 1194 804 Totb,

97 810 176 892 quod
197 812 327 879 initium
349 813 589 899 respondetIV
612 813 692 902 (ΠΙ)
715 814 781 880 kal.
796 815 991 903 septembr,
1016 828 1048 884 et
1070 821 1195 904 primus

95 929 192 974 annus
213 911 368 980 Abrahae
398 924 456 994 est,
490 915 547 999 qui
572 914 697 998 incepit
728 912 778 977 IV
809 912 876 980 luel.
901 914 990 1002 Sept.
1018 918 1098 982 enni
1121 917 1195 982 Per.

94 1005 114 1068 J
117 1005 156 1072 ul
177 1008 271 1078 2697.
295 1013 342 1080 Ut
363 1011 565 1078 reducantur
586 1011 667 1076 enni
690 1032 786 1076 uerae
801 1009 985 1078 Abrebemi
1009 1016 1043 1078 in
1057 1012 1194 1079 Eusebii

93 1103 236 1172 chronico
259 1108 304 1174 ad
327 1131 432 1175 annos
454 1131 551 1174 ωηο
575 1106 793 1190 Christianae,
827 1130 866 1172 ee
897 1111 1012 1197 regule
1034 1113 1135 1196 viget,
1159 1120 1196 1176 ut

91 1200 130 1264 ab
159 1226 243 1271 anno
274 1207 418 1294 quodam
449 1229 546 1271 aereo
577 1203 764 1282 Abrebemi
795 1205 1007 1276 subtrahatur
1038 1219 1195 1274 numerus

90 1299 179 1370 2016.
224 1303 380 1370 Ostendit
401 1315 513 1370 tumen
543 1301 771 1386 Gutschmidt,
800 1302 888 1369 hane
917 1309 1194 1394 computationem

90 1397 191 1466 velere
214 1413 344 1468 tantum
367 1425 427 1489 pro
450 1404 546 1468 ennio
568 1401 650 1468 Abr.
674 1401 915 1486 2017-2209,
943 1404 1069 1470 seilicet
1091 1424 1195 1490 usque

90 1497 127 1562 ad
149 1501 280 1566 initium
303 1503 435 1586 imperii
458 1501 650 1566 Pertinacis.
696 1499 829 1564 Exinde
853 1521 957 1586 usqne
979 1501 1024 1568 ad
1038 1499 1194 1572 chronici

90 1593 180 1660 tinem
202 1619 233 1662 a.
267 1597 350 1664 Abr.
383 1597 614 1679 2210-2243,
646 1596 690 1662 ab
722 1618 809 1662 anno
843 1597 986 1683 quodem
1008 1620 1105 1664 eeree
1126 1595 1194 1661 Ab·

90 1691 434 1762 rabuesnbtrabendns
458 1704 507 1760 est
520 1716 676 1760 numerus
690 1693 788 1778 2018,
803 1703 840 1758 ut
861 1717 969 1762 annus
991 1717 1088 1762 aereo
1111 1693 1193 1762 ebri-

88 1791 205 1856 ttianee
227 1791 401 1860 habeatur.
410 1791 433 1879 ¹)

168 1891 221 1957 84
250 1891 425 1978 Olympico,
448 1913 515 1978 que
537 1889 657 1956 Graeci
671 1898 820 1976 tempore
844 1889 1194 1975 dimetiebentur,spe·
1225 1899 1338 1952 Olympia.

85 1985 161 2052 tium
185 1999 257 2054 eret
280 1999 423 2075 quatuor
451 2009 623 2072 annorum,
648 1986 815 2054 intervalli
844 1986 970 2054 scilicet
992 1989 1077 2053 inter
1099 1985 1194 2052 ludos

82 2087 133 2168 qui
173 2085 352 2172 Olympiae
391 2089 427 2151 in
465 2085 563 2152 Elide
601 2084 854 2150 celebrabantur
892 2087 1028 2152 ineunte
1058 2092 1193 2159 aestate.

82 2180 164 2246 Ludi
179 2181 362 2270 Olympici,
386 2206 407 2248 e
430 2183 671 2270 quibusprima
693 2183 817 2268 petitur
830 2182 1068 2270 Olympiadum
1091 2184 1191 2268 origo,

80 2278 123 2344 illi
145 2279 251 2363 fuere,
276 2279 398 2367 quibus
413 2279 580 2346 Coroebus
603 2281 694 2362 vicit,
727 2301 815 2344 anno
838 2280 911 2346 Per.
934 2280 1003 2349 Jul.
1026 2281 1124 2347 3938.
1149 2319 1192 2328 -

81 2375 158 2442 Urbe
172 2379 279 2443 Romo
301 2379 432 2443 condita
445 2388 493 2444 est
504 2377 686 2444 seeundum
701 2377 885 2444 Varronem
903 2401 991 2446 enno
1013 2379 1066 2446 III
1080 2377 1192 2464 Olym·

77 2473 184 2558 pisdis
208 2474 338 2558 XXIV,
363 2477 384 2540 i.
409 2497 437 2541 e.
460 2496 547 2541 enno
570 2476 643 2541 Per.
666 2475 734 2542 Jul.
758 2475 863 2558 3961;
892 2483 925 2542 et
947 2477 1082 2563 quidem
1104 2498 1134 2542 a.
1159 2474 1192 2542 d.

77 2569 125 2636 XI
147 2570 220 2638 kal.
242 2573 334 2655 Maii,
359 2593 423 2659 quo
447 2571 501 2638 die
523 2572 637 2659 pelilie
658 2572 851 2658 agebantur.

163 2669 221 2736 85.
245 2669 332 2734 Aera
354 2671 568 2758 Dionysiaca,
598 2693 685 2757 quoe
706 2671 847 2757 wigerio
876 2670 943 2738 dici
966 2671 1056 2754 solet,
1081 2693 1121 2736 ee
1143 2680 1358 2739 ostensionu-

77 2787 176 2851 quam
200 2789 292 2832 nunc
315 2789 429 2832 omnes
451 2765 602 2855 politiore
625 2765 716 2833 cultu
737 2777 853 2852 gentes
875 2777 1066 2856 sequuntur.
1094 2767 1193 2833 Henc

77 2863 260 2950 Dionysius
281 2863 445 2950 Exiguus,
478 2886 498 2929 a
530 2886 594 2952 quo
627 2887 667 2930 ea
693 2886 814 2932 nomen
845 2865 955 2950 hebet,
980 2865 1191 2950 excogitavit,

76 2959 249 3047 ediditque
271 2982 360 3026 enno
383 2961 482 3048 bujns
505 2963 609 3048 ipsius
631 2984 727 3028 aerae
750 2963 826 3046 526,
849 2963 888 3029 Ρ.
910 2963 943 3030 J.
966 2963 1064 3029 5239.
1109 2962 1192 3048 Ejus

76 3057 251 3124 exordium
276 3058 368 3124 ducit
390 3058 433 3124 ab
447 3058 679 3125 Incernetione
694 3059 841 3142 Domini,
866 3082 966 3147 quam
989 3061 1110 3142 factem
1134 3082 1191 3146 pu·

76 3158 159 3222 tevit
191 3155 237 3222 25
260 3157 372 3222 Martii
404 3159 484 3222 enni
508 3157 550 3223 U.
574 3154 612 3224 O.
647 3155 724 3240 754,
758 3159 804 3222 ite
835 3167 872 3222 ut
893 3158 1059 3224 Nativitas
1081 3158 1124 3223 D.
1148 3157 1189 3224 N.

77 3253 107 3319 J.
132 3253 170 3320 C.
195 3264 282 3318 esset
313 3252 345 3320 d.
376 3254 420 3318 25
442 3254 638 3320 Decembris
667 3253 753 3320 illius
780 3257 860 3320 enni
884 3255 958 3322 754.
987 3255 1098 3342 Atque
1129 3256 1190 3320 iste

77 3374 183 3418 annus
208 3351 250 3418 U.
283 3349 321 3418 O.
357 3351 430 3434 754,
464 3351 514 3439 (Ρ.
548 3351 581 3419 J.
604 3351 717 3439 4714),
751 3361 800 3418 est
827 3375 935 3419 annus
960 3352 1036 3418 Iree
1058 3373 1145 3418 νοω
1166 3352 1190 3418 l·

77 3451 174 3532 gnris.
207 3487 251 3496 -
283 3448 349 3516 Sed
373 3450 459 3514 inter
481 3449 626 3516 eruditos
652 3451 724 3536 jam
757 3451 891 3516 omnino
922 3453 1087 3535 convenit,
1110 3449 1189 3515 Dio-

79 3547 209 3629 nysium
232 3546 481 3632 inessignnndo
504 3569 591 3613 anno
615 3547 734 3614 natalis
747 3548 885 3614 Domini
908 3551 1078 3614 euenisse.
1102 3547 1189 3615 Sene

80 3641 240 3725 Herodes,
274 3645 331 3730 qui
355 3645 491 3710 caedem
522 3644 831 3711 Bethlehemiticam
867 3645 1005 3732 perfecit
1040 3645 1189 3732 adeoque

80 3738 207 3806 Christo
230 3752 387 3808 noscente
409 3743 578 3828 regnabat,
607 3743 680 3831 jam
703 3765 732 3810 e.
756 3743 793 3810 P.
816 3744 849 3811 J.
881 3743 980 3828 4710,
1004 3765 1062 3808 seu
1091 3765 1121 3809 a.
1145 3742 1188 3808 U.

80 3837 115 3904 C.
131 3837 205 3920 750,
216 3839 305 3904 cirea
328 3861 475 3908 mensem
489 3839 638 3927 Aprilem
662 3849 810 3908 mortuus
833 3852 890 3925 est,
915 3842 963 3906 uti
987 3863 1029 3906 ex
1042 3838 1187 3927 Josepho

77 3935 213 4022 aliisque
236 3937 452 4023 scriptoribus
481 3939 655 4023 colligitur.
699 3939 817 4027 Itaque
848 3949 925 4006 ante
948 3938 1038 4006 buno
1061 3961 1186 4006 annum

149 4179 169 4246 ¹)
186 4173 302 4246 Iipsiuo,
320 4173 501 4246 chronologis
518 4176 566 4233 der
583 4176 782 4235 ronuBischtfe
799 4177 825 4233 S.
844 4179 869 4232 6.
884 4175 1005 4234 -msc
1022 4176 1187 4234 mennon

76 4253 283 4314 incommodum
301 4269 393 4312 eorum
411 4255 458 4326 qui
475 4253 586 4312 nuntii
602 4254 734 4316 Chronico
750 4255 794 4314 uti
810 4255 925 4332 vellent·¹
