2936 4814
572 503 680 572 Epocha
697 503 787 558 tertia
1202 511 1236 564 ttl

117 669 184 711 non
217 667 334 710 omnes
366 647 528 730 attingere
561 667 724 711 numeros.
771 646 865 710 Idem
897 657 966 712 esto
994 650 1161 734 judicium
1195 652 1236 716 de

117 745 256 809 historia
266 744 436 809 Ecclesiae
459 743 615 828 generali,
640 767 740 829 quam
765 743 849 827 stylo
874 744 972 810 valde
986 748 1147 812 concinno
1162 771 1236 814 eon·

116 846 276 928 scriptam
299 843 428 906 Danas
466 843 586 926 viginti
618 843 766 926 quinque
797 840 1023 908 voluminibus
1059 867 1164 930 usque
1193 847 1235 912 ad

116 941 218 1005 medii
243 943 320 1004 aevi
344 948 492 1024 tempora
506 937 677 1023 perduxit3
700 937 883 1022 lugendum
906 961 995 1020 sane,
1020 941 1109 1026 quod
1132 954 1235 1007 morte

116 1047 321 1122 praeventus
336 1057 418 1121 opus
441 1034 612 1099 absolvere
626 1057 693 1099 non
715 1037 867 1120 potuerit.
892 1036 985 1101 Varii
1008 1059 1139 1124 quoque
1161 1061 1236 1104 auc-

114 1151 202 1200 tores
246 1134 433 1222 compendio
473 1132 628 1197 historiae
666 1133 908 1198 ecclesiasticae
952 1136 987 1198 in
1022 1134 1131 1200 lucem
1169 1137 1235 1202 edi-

113 1233 246 1298 derunt

205 1332 261 1396 25.
285 1330 364 1396 Jam
388 1328 430 1392 de
452 1326 642 1392 auctoribus
666 1327 761 1392 Italis
789 1327 936 1393 breviter
958 1351 1107 1414 agamus.
1151 1333 1234 1396 Pau·

115 1432 225 1494 riores
249 1428 440 1492 invenimus
464 1424 588 1488 ultimis
611 1424 752 1488 saeculis
775 1427 809 1490 in
832 1425 1051 1491 haematione
1074 1439 1233 1513 auctores,

111 1529 168 1614 qui
202 1529 237 1590 in
270 1548 309 1588 ea
339 1524 381 1588 de
411 1543 477 1608 qua
507 1523 636 1606 agimus
660 1521 837 1607 disciplina
861 1524 906 1588 ita
929 1523 1172 1609 laboraverunt,
1197 1537 1234 1592 ut

111 1647 218 1689 novas
249 1622 441 1707 scripserint
470 1619 639 1704 generales
668 1619 839 1684 Ecclesiae
870 1621 1033 1690 historias.
1079 1625 1119 1690 Id
1153 1648 1231 1690 vero

111 1723 190 1786 inde
215 1721 350 1784 videtur
381 1741 423 1782 ex
456 1729 547 1803 parte
580 1717 695 1780 saltem
728 1719 888 1800 evenisse,
919 1721 1009 1804 quod
1033 1724 1090 1806 qui
1114 1723 1232 1788 studiis

111 1821 182 1882 istis
213 1839 349 1904 operam
380 1816 520 1896 dabant,
552 1815 691 1878 multum
722 1817 874 1901 occupati
905 1817 1039 1884 fuerunt
1068 1822 1102 1884 in
1131 1824 1230 1884 conti-

110 1917 268 1998 nuandis,
291 1912 505 1978 vindicandis
528 1922 559 1976 et
583 1912 786 1997 complendis
809 1914 945 1978 Baronii
968 1917 1133 2000 operibus,
1158 1941 1231 1982 nec·

110 2037 175 2080 non
210 2017 246 2078 in
280 2009 498 2076 emendandis
529 2009 718 2074 auctoribus
750 2009 856 2074 Gallis
885 2033 905 2076 a
935 2009 1009 2076 labe
1037 2016 1230 2099 opinionum

109 2131 335 2190 erronearum,
369 2110 416 2172 ita
447 2117 485 2172 ut
516 2109 597 2192 ipsis
629 2107 732 2170 otium
765 2130 832 2172 non
856 2119 1044 2195 suppeteret
1075 2113 1118 2178 ad
1143 2135 1231 2178 nova

108 2231 210 2295 opera
223 2205 387 2292 ampliora
410 2204 658 2270 conscribenda.
690 2205 862 2270 Habemus
885 2218 994 2273 tamen
1010 2208 1229 2276 clarissimum

107 2317 280 2370 auctorem
313 2302 518 2368 cardinalem
545 2303 620 2367 Orsi
648 2325 691 2366 ex
714 2303 841 2368 Ordine
867 2305 1147 2390 Praedicatorum‚
1171 2312 1227 2395 qui

107 2403 282 2468 historiam
313 2401 444 2486 scripsit
474 2400 643 2464 Ecclesiae
666 2403 778 2484 magni
809 2404 921 2486 pretii,
951 2426 1018 2488 qua
1041 2429 1099 2470 sex
1122 2409 1229 2492 prima

106 2501 346 2564 christianismi
378 2497 509 2562 saecula
542 2497 779 2583 complectitur.
827 2499 921 2583 Opus
951 2499 1033 2566 illud
1056 2504 1134 2568 dein
1157 2528 1228 2591 pre-

107 2607 242 2661 secutus
272 2605 323 2660 est
345 2597 380 2659 P.
405 2595 562 2658 Bocchetti
590 2617 633 2658 ex
656 2595 772 2659 eadem
796 2595 922 2660 familia
944 2599 1108 2682 religiosa,
1133 2603 1227 2686 cujus

106 2695 254 2758 narratio
287 2714 393 2779 usque
425 2692 467 2756 ad
500 2703 648 2776 tempora
681 2691 820 2756 Consilii
851 2694 1038 2761 Tridentini
1072 2701 1226 2764 excurrit.

109 2789 275 2878 Corporus
298 2789 483 2868 Suasorem,
508 2790 706 2875 Hyacinthus
729 2791 767 2854 de
795 2789 958 2855 &aaaron
982 2803 1014 2856 et
1036 2795 1227 2862 stercutius

107 2891 199 2954 Berti
220 2887 278 2952 alii
301 2889 436 2952 fuerunt
459 2888 493 2952 in
507 2886 604 2951 Italia
626 2897 777 2950 auctores
790 2890 847 2972 qui
872 2887 1042 2954 historiam
1057 2892 1226 2958 Ecclesiae

106 2983 626 3070 tractaveruntsuisquelaudem
635 2986 1226 3070 merueruntoperibus—Historiam

107 3082 250 3148 Concilii
274 3082 461 3148 Tridentini
485 3081 620 3166 speciali
655 3091 688 3146 et
711 3081 925 3148 celeberrimo
949 3107 1048 3170 opere
1072 3087 1225 3172 explana·

107 3183 154 3244 vit
186 3179 375 3245 Cardinalis
407 3179 523 3265 Βίωνα
552 3179 761 3258 Pallaoieiai,
791 3189 829 3244 ut
855 3181 1013 3246 refutaret
1043 3183 1226 3250 calumnias

108 3279 205 3343 Pauli
233 3277 334 3363 Scipi
363 3277 499 3358 Veneti,
530 3277 588 3362 qui
611 3277 775 3341 vintlento
805 3280 918 3342 animo
947 3279 1098 3344 falsatam
1127 3281 1226 3366 hujus

106 3375 234 3460 Synodi
260 3375 409 3439 ediderat
431 3373 612 3439 historiam.
635 3413 679 3422 -
702 3374 824 3440 Multos
853 3387 1022 3461 praeterea
1054 3377 1225 3461 habemus,

106 3476 163 3560 qui
189 3471 231 3536 de
254 3471 508 3557 antiquitatibus
531 3469 734 3555 christianis,
759 3472 812 3536 vel
835 3473 877 3538 de
900 3477 1050 3558 personis
1074 3487 1106 3540 et
1129 3499 1225 3542 even-

105 3571 197 3634 tibus
219 3568 475 3655 particularibus
498 3568 599 3633 libros
622 3569 808 3634 ediderunt.
855 3571 910 3635 Sic
934 3574 1133 3652 Mommochi,
1159 3573 1225 3638 Sel-

106 3670 217 3755 raqqio
246 3677 279 3731 et
302 3665 467 3744 Pelliceia,
491 3675 667 3752 nostroque
696 3677 843 3752 tempore
871 3669 905 3732 P.
932 3671 1057 3734 Morchi
1079 3672 1112 3736 S.
1136 3672 1169 3736 J.
1194 3682 1226 3736 et

106 3765 309 3830 clarissimus
338 3785 438 3848 eques
468 3765 517 3826 De
541 3765 646 3842 Rcssi,
678 3764 719 3828 de
749 3767 1004 3850 antiquitatibus
1036 3767 1224 3834 christianis

106 3881 322 3946 magnacum
346 3861 530 3925 eruditione
552 3871 745 3926 tractarunt.
792 3863 974 3928 Historiam
990 3866 1223 3948 Pelagianismi

106 3961 237 4044 scripsit
260 3957 449 4022 Cardinalis
474 3959 584 4038 Neris,
608 3969 642 4023 et
663 3969 876 4024 monumenta
900 3961 1042 4045 plurima
1055 3963 1224 4028 Ecclesiae

105 4055 284 4122 Orientalis
317 4056 381 4118 viri
424 4055 605 4120 doctissimi
648 4056 758 4142 plures
796 4080 838 4120 ex
870 4058 996 4122 familia
1028 4061 1224 4126 Maronitica

107 4155 274 4218 Antoniani
298 4155 332 4216 in
357 4151 464 4216 lucem
479 4153 665 4220 ediderunt.
690 4193 733 4202 -
757 4155 848 4219 Inter
870 4158 1068 4220 recentiores
1090 4157 1223 4222 laudem

106 4249 166 4315 sibi
200 4252 326 4315 meruit
363 4249 602 4316 illustrissimus
632 4253 754 4331 Palam,
793 4251 950 4316 historiae
983 4252 1223 4319 ecclesiastieae

1271 1344 1373 1388 smum

1294 1405 1350 1448 tau
