2924 4818
254 495 306 549 184
535 495 575 547 Dc
594 495 680 562 Opere
699 493 981 563 Philosophcnmmcu.

253 659 393 725 quorum
416 637 533 702 turbae
557 637 600 701 ad
624 638 694 723 ejus
718 638 863 703 scholam
887 640 1035 702 certatim
1060 647 1205 702 currunt.
1255 637 1369 722 ltaque

253 745 405 800 crescunt
437 746 469 800 et
492 738 660 799 turmatim
694 738 835 800 efferunt
857 738 893 799 in
916 734 1101 822 voluptates
1131 736 1258 822 quibus
1281 733 1370 798 Chri-

254 843 322 899 stus
350 835 537 916 interdixit3
571 855 668 919 quem
703 843 949 899 contemnentes
982 835 1150 898 neminem
1181 857 1202 898 a
1236 843 1370 919 peccam

253 931 439 1017 probibent,
464 932 611 996 dicentes
633 955 728 1020 posse
762 955 796 996 sc
820 933 908 1018 ipsos
937 940 1073 1016 peccata
1095 933 1266 996 remittere
1289 931 1370 995 benc
1397 976 1405 995 .

254 1030 494 1096 credentibus.“

346 1128 396 1192 13.
445 1129 557 1210 „Quin
580 1129 679 1192 etiam
703 1129 835 1192 feminis
859 1128 1029 1208 concessit,
1052 1128 1078 1189 si
1103 1150 1187 1215 quae
1212 1128 1372 1212 innuptae

254 1237 348 1292 erant
380 1237 411 1290 et
443 1249 501 1312 pro
529 1227 706 1311 juventute
741 1248 800 1289 stra
828 1225 1089 1289 exardescebant
1116 1225 1297 1288 dilectione
1321 1224 1372 1288 ali·

255 1326 349 1410 cujus
372 1325 502 1410 indigni
526 1326 671 1410 ipsarum
695 1324 765 1389 loco
790 1334 822 1387 et
850 1324 1011 1407 dignitate
1035 1343 1134 1408 quam
1159 1321 1372 1407 pessumdare

254 1421 424 1503 nolebant,
449 1422 583 1504 idcirce,
607 1423 753 1509 inquam,
778 1423 948 1501 concessit,
972 1430 1010 1484 ut
1035 1421 1180 1505 legitime
1209 1420 1373 1484 nuberent

256 1522 312 1583 uni
337 1519 385 1584 illi
409 1543 507 1606 quem
540 1531 724 1584 consortem
756 1520 818 1584 tori
851 1519 1052 1604 optaverint,
1086 1540 1143 1582 seu
1167 1518 1371 1602 mancipium

255 1626 340 1682 esset
363 1640 420 1682 seu
443 1618 536 1700 liber,
570 1629 602 1682 et
624 1619 779 1683 eumdem
801 1639 860 1703 pro
884 1637 962 1680 vero
986 1617 1103 1680 marito
1128 1615 1295 1680 haberent
1324 1616 1372 1677 cui

256 1716 309 1780 vel
348 1717 454 1781 invita
491 1716 563 1800 lege
601 1717 783 1801 nupserint.
841 1713 975 1779 Exinde
1008 1723 1187 1799 coeperunt
1220 1713 1373 1778 mulieres

256 1813 368 1878 fideles
385 1823 595 1899 nuncupatae
613 1816 659 1877 uti
684 1813 934 1877 medicamentis
956 1823 1087 1897 partum
1102 1811 1373 1897 impedientibus,

256 1923 288 1976 et
319 1913 431 1976 fasciis
464 1922 500 1975 ut
532 1923 728 1998 conceptum
761 1912 884 1975 foetum
922 1911 1088 1995 ejicerent,
1123 1931 1226 1996 quum
1253 1910 1373 1975 nollent

256 2010 376 2074 velex
399 2031 493 2074 servo
518 2009 572 2074 vel
595 2032 637 2074 ex
660 2009 795 2073 humilis
818 2009 881 2073 loci
912 2010 983 2072 viro
1007 2007 1049 2071 ob
1073 2030 1148 2074 suos
1171 2010 1373 2094 propinquos

257 2117 289 2172 et
312 2110 492 2172 immensas
515 2108 663 2172 fortunas
678 2109 828 2192 genitum
851 2107 997 2170 fructum
1021 2107 1194 2191 parturire.
1243 2106 1371 2174 Videte.

257 2208 291 2270 in
316 2215 474 2291 quantam
498 2207 701 2292 impietatem
735 2207 788 2269 vir
816 2204 870 2268 ille
894 2225 1036 2289 nequam
1061 2206 1268 2289 processerit,
1294 2225 1372 2266 moe·

257 2301 367 2367 chiam
400 2326 467 2368 una
499 2325 575 2368 cum
608 2305 709 2368 caede
732 2303 889 2368 edocens!
923 2303 1001 2366 Post
1032 2301 1113 2366 tales
1136 2324 1238 2365 ausus
1263 2309 1371 2366 semct-

256 2403 344 2487 ipsos
367 2401 576 2488 impudentes
605 2401 801 2466 catholicam
826 2400 1012 2465 Ecclesiam
1044 2421 1240 2484 nuncupare
1265 2421 1371 2484 aggre-

258 2499 404 2581 diuntur,
429 2501 621 2586 etquidem
645 2500 815 2565 credentes
831 2509 919 2563 recte
941 2499 1051 2562 facere
1074 2497 1147 2562 illos
1170 2497 1370 2585 subsequun·
1441 2513 1442 2588 ᾗ

256 2608 320 2662 tur.
365 2598 415 2662 Eo
440 2621 570 2684 quoquc
594 2599 749 2684 pontifice
771 2607 847 2662 sunt
862 2599 1007 2682 primum
1030 2598 1102 2660 ausi
1126 2595 1274 2660 secundo
1299 2595 1371 2680 bap·
1441 2589 1442 2592 ¹

257 2696 387 2760 tismate
426 2697 605 2782 baptizare.
666 2695 762 2760 Talia
800 2697 927 2781 peregit
964 2693 1171 2760 admirabilis
1208 2691 1370 2773 Callistus,

258 2794 352 2878 cujus
384 2803 507 2880 perstat
539 2793 668 2876 schola,
703 2815 808 2858 mores
842 2794 988 2877 magistri
1022 2813 1157 2856 servans
1189 2799 1221 2853 et
1255 2790 1371 2854 madito

257 2893 378 2973 omnia,
403 2915 510 2978 nequo
543 2892 734 2956 discernens
757 2891 954 2978 quibuscum
984 2892 1026 2954 sit
1049 2888 1370 2966 communicandum,

257 3001 291 3054 at
307 2992 435 3054 cunctis
458 2987 591 3054 temere
604 2991 743 3054 offerens
765 2990 1041 3052 communionem.
1088 2986 1141 3051 Ab
1165 2988 1225 3050 isto
1244 3007 1371 3072 quoque

258 3109 439 3172 cognomen
473 3097 647 3152 sectatores
680 3088 820 3151 mutuati
855 3096 949 3166 sunt,
982 3096 1014 3149 et
1046 3085 1087 3148 de
1120 3086 1224 3169 primo
1260 3083 1369 3148 talium

347 3283 441 3348 Haec
464 3285 564 3368 igitur
587 3283 628 3348 de
648 3284 829 3369 Zephyrini
854 3293 886 3346 et
907 3281 1032 3346 Callisti
1056 3282 1155 3364 gestis
1179 3290 1280 3365 atque
1303 3280 1370 3345 doc-

257 3383 352 3446 trinis
375 3379 501 3446 Auctor
523 3380 868 3469 Philosophoumenon
900 3388 1030 3460 narrat,
1064 3400 1232 3464 quumque
1272 3376 1368 3442 veluti

258 3477 386 3544 sublato
402 3479 475 3544 velo
500 3501 542 3543 ex
565 3479 726 3564 ejusmodi
751 3501 848 3565 opere
872 3487 1020 3541 recenter
1043 3477 1181 3559 detecto,
1197 3475 1369 3541 Pontifices

258 3577 305 3641 illi
329 3599 415 3641 novo
441 3577 584 3663 quodam
607 3587 742 3663 aspectu
765 3585 963 3663 apparerent
983 3585 1019 3638 ut
1041 3575 1106 3638 viri
1129 3595 1247 3661 parum
1272 3575 1369 3659 digni,

257 3674 442 3762 triumphos
465 3697 560 3760 egere
583 3683 800 3762 protestantes
823 3685 856 3738 et
878 3672 1111 3754 rationalistae,
1136 3682 1234 3758 atque
1258 3673 1295 3737 in
1314 3672 1369 3736 Ec·

259 3773 391 3838 clesiam
415 3773 567 3838 alacriter
590 3773 785 3838 debacchati
809 3782 894 3836 sunt.
