2874 4812
344 507 464 561 Examen
482 507 605 564 criticum
623 506 656 564 de
674 506 733 576 ejas
751 507 914 562 resistentia
1134 507 1187 562 347

82 651 211 718 Remini
224 651 396 724 Pontifiois
418 651 570 736 opprimo
590 671 769 735 agnoscere
791 659 824 716 et
846 671 974 734 urgere.
997 650 1064 716 Sed
1087 652 1186 718 etiam

83 751 111 812 io
138 751 211 835 ipss
244 749 384 836 epistole
414 748 458 816 ad
492 747 654 829 annm
686 751 766 814 satis
788 748 941 830 ostendit,
965 750 1187 835 primatume

81 865 109 910 ss
136 849 285 932 ignosci.
339 845 599 932 Argumentetur
634 847 723 915 enim
760 868 802 912 ex
834 846 1080 933 comparatione
1111 867 1187 912 cum

82 945 166 1010 Potin
198 955 233 1010 et
266 967 309 1010 ex
340 945 411 1030 ejus
434 943 601 1029 exemplo,
624 943 714 1032 quod
737 943 863 1010 scilicet
885 945 1010 1026 Petrus,
1034 946 1187 1029 quemvis

82 1063 224 1128 magnam
250 1041 446 1128 dignitatem
478 1040 631 1125 haberet,
664 1049 775 1114 mmen
797 1041 893 1108 Psuli
921 1041 1085 1111 inferioris
1112 1059 1187 1110 con·

80 1139 144 1204 silio
173 1143 312 1209 cesserit
341 1149 374 1204 et
405 1159 472 1206 non
501 1141 733 1225 provocaverit
763 1139 808 1208 ad
831 1161 925 1208 saum
947 1141 1186 1206 centenitatem.

82 1237 158 1302 ons
187 1262 246 1304 sse
279 1239 406 1316 Potius,
439 1239 560 1323 inquii,
585 1260 674 1324 quem
698 1239 825 1324 primas
855 1237 1011 1330 Docimus
1042 1236 1135 1324 clepit
1157 1248 1188 1302 st

80 1357 162 1420 uper
187 1359 280 1422 quem
303 1334 481 1420 cedi'Jiocui't
502 1335 677 1406 Ecdcdum
699 1358 812 1415 mam,
840 1358 909 1403 cum
935 1357 1036 1402 cccciii
1067 1334 1188 1402 Pacilus

79 1432 110 1494 ds
130 1434 365 1507 circumcisione
388 1433 589 1519 comoedum
617 1433 1021 1520 inconsonantiam
1043 1433 1105 1501 siti·
1127 1432 1187 1498 att·

79 1531 152 1615 qood
173 1531 348 1596 insolenter
369 1542 426 1598 cot
448 1541 636 1617 arropcsitsr
667 1533 847 1618 cssompsit,
870 1541 905 1598 iit
928 1530 1046 1597 diceret
1067 1553 1100 1596 ss
1116 1532 1186 1617 pn·-

80 1639 184 1694 iiatom
209 1640 325 1711 mern
350 1639 381 1694 et
397 1628 607 1715 obtemperavi
620 1653 641 1692 a
656 1627 789 1696 secedis
803 1639 833 1694 it
849 1630 989 1715 posteris
1003 1628 1065 1694 sibi
1076 1629 1187 1714 potius

79 1739 219 1810 opoetera
269 1725 339 1792 Nee
370 1727 517 1814 desposcit
539 1726 683 1804 Paolum,
717 1726 800 1813 qaod
822 1727 981 1794 Ecclesiae
999 1727 1096 1811 prius
1112 1748 1186 1811 per·

79 1835 188 1887 scotor
201 1824 344 1910 scissem
366 1825 421 1898 sed
444 1823 608 1893 concilim
630 1825 775 1890 oesiam
797 1825 937 1902 admisit
960 1833 991 1886 ct
1010 1824 1133 1890 ratiom'
1145 1822 1186 1890 le·

78 1923 195 2005 p'tim
225 1939 323 2008 msam
346 1921 466 1989 Paulus
497 1921 681 1988 vindicabat
704 1921 808 2008 facilc
840 1922 1006 1990 coioscmsi't.
1045 1959 1089 1970 -
1125 1921 1187 1984 Vis

80 2022 254 2104 ornamenti
287 2019 343 2088 hio
376 2021 413 2084 in
435 2041 473 2086 eo
497 2029 562 2089 est:
585 2020 702 2090 Petrus
725 2019 859 2106 quidem
891 2016 1037 2087 hibebet
1068 2017 1187 2103 prime·

81 2127 158 2196 tum,
187 2127 421 2190 verumtamen
451 2139 517 2182 non
540 2128 699 2203 provocat
720 2116 764 2186 ed
788 2139 874 2198 eum,
905 2127 938 2182 et
960 2117 1186 2202 quaestionem

82 2235 137 2278 aon
157 2237 199 2280 ex
223 2217 421 2282 anctoritate
444 2215 579 2299 dirimit,
604 2216 662 2280 sed
685 2215 774 2282 cedit
796 2215 932 2282 oonsilio
946 2213 1061 2296 Pauli3
1085 2213 1132 2279 its
1155 2221 1188 2280 et

82 2311 270 2398 Stephanus,
295 2315 353 2400 qui
377 2314 412 2378 in
435 2311 593 2381 cathedra
614 2313 705 2380 Petri
728 2311 830 2396 sedet,
854 2334 921 2378 non
945 2311 1044 2380 debet
1065 2309 1129 2378 hec
1152 2311 1186 2376 in

82 2431 109 2472 re
137 2431 320 2496 pmvocore
351 2410 396 2475 od
428 2433 524 2476 snum
556 2412 735 2496 primatum
767 2419 800 2476 et
826 2407 946 2497 jubas
978 2409 1042 2476 sibi
1066 2409 1188 2476 obtem·

82 2510 186 2592 perari,
220 2509 283 2576 sed
313 2508 412 2576 debet
446 2509 562 2575 cedens
594 2509 736 2578 veritati.
772 2547 816 2556 —
850 2507 977 2590 Quodsi
1009 2507 1121 2595 aliqua
1152 2509 1187 2574 in

80 2608 197 2692 seriptis
232 2605 394 2692 Cypriani
426 2606 473 2674 ad
504 2606 591 2674 hono
624 2607 715 2674 litem
739 2607 980 2693 pcrtinentibus
1012 2606 1186 2688 habentur,

79 2725 153 2788 quse
173 2705 202 2772 si
227 2705 466 2790 consequentia
488 2706 602 2771 stricto
622 2713 819 2788 urgerentur
840 2705 1020 2790 primatum
1043 2703 1187 2770 destrue·

79 2813 150 2884 mat,
173 2802 255 2868 inde
279 2801 362 2869 nihil
386 2800 477 2868 aliud
501 2801 622 2869 deduci
645 2811 764 2888 potest,
786 2802 851 2867 nisi
872 2799 1078 2886 cyprianum
1101 2821 1186 2866 com-

80 2911 191 2964 motum
226 2899 352 2964 dixisse
383 2907 477 2967 aestu
500 2899 713 2973 discussionis
745 2899 867 2984 alique,
891 2921 977 2985 quae
1000 2916 1076 2964 cum
1099 2899 1186 2983 prin·

79 2997 163 3082 cipiis
185 3009 220 3062 et
242 2997 439 3070 vcrimtibus
462 2997 504 3062 ab
528 2999 599 3084 ipso
623 2995 777 3066 admissis
798 3007 958 3082 pugnant.
997 2995 1063 3062 Sed
1086 2998 1186 3062 nemi-

81 3117 146 3160 nem
166 3096 262 3178 latet,
287 3096 322 3161 id
345 3096 537 3182 praesertim
560 3097 595 3161 in
625 3094 927 3164 vehementioribus
955 3094 1187 3161 controversiis

80 3191 251 3259 identidem
274 3196 376 3259 etism
400 3195 480 3257 viris
503 3195 645 3280 egregiis
670 3193 831 3258 accidere.

156 3293 210 3358 et.
234 3291 288 3358 Its
310 3294 411 3362 scon
434 3291 649 3360 Firmdianns
681 3292 716 3358 in
749 3292 818 3358 suis
839 3290 957 3357 litteris
983 3290 1026 3358 ed
1051 3287 1184 3376 Cypria-

80 3410 148 3454 nusn
170 3407 238 3456 non
263 3401 363 3474 negat
375 3389 537 3476 Stephani
551 3391 739 3476 primatum,
758 3388 817 3454 sed
832 3411 934 3474 quum
956 3388 1050 3469 forte,
1074 3397 1185 3473 utpote

79 3485 205 3572 (trigeni
228 3490 460 3570 amicissimus,
487 3489 559 3575 jam
588 3488 698 3556 minus
730 3487 869 3552 devotus
901 3495 985 3552 esset
1016 3484 1186 3554 Ecclesiae

80 3581 236 3654 Romanae
269 3609 355 3672 quae
387 3585 565 3671 Origeneni
598 3585 831 3668 damnaverat,
865 3584 900 3650 id
932 3585 1078 3650 maxime
1109 3603 1186 3650 eum

81 3681 228 3766 irritavit,
262 3683 352 3770 quod
385 3683 544 3770 Stephani
577 3685 773 3750 auctoritate
804 3683 934 3748 videret
964 3683 1095 3767 praxim
1122 3683 1187 3768 ipsi

81 3779 283 3848 vehementer
312 3780 486 3867 probatam
518 3781 661 3864 aboleri,
698 3781 852 3868 quodque
884 3780 927 3846 ab
958 3781 1014 3846 illo
1047 3782 1104 3866 qui
1143 3779 1187 3846 ad

82 3881 311 3948 successionem
333 3881 423 3948 Petri
446 3901 609 3966 suumque
637 3881 816 3966 primatum
839 3879 1051 3966 provocabat,
1075 3878 1187 3944 haere·

82 3975 155 4056 tisis,
177 3979 226 4044 uti
251 3977 416 4060 censebit,
440 4000 479 4044 ea
507 3977 723 4060 densentur,
746 3999 831 4062 quae
854 3977 914 4042 soli
926 3975 1096 4042 Ecclesiae
1112 3995 1186 4042 eon·

83 4076 231 4145 venirent,
277 4075 366 4144 Hinc
397 4075 454 4144 ins
486 4075 608 4142 uerte:
640 4075 742 4161 Atque
773 4099 828 4162 ipo
850 4078 886 4143 i'ii
908 4077 1186 4164 tccpoeiosjacs

83 4171 220 4260 indipisci·
242 4175 287 4238 od
308 4175 388 4239 hooc
412 4185 476 4239 tam
500 4184 643 4260 apertam
665 4183 696 4237 et
718 4175 919 4262 manifestam
935 4173 1089 4259 Stephani
1111 4173 1186 4237 stod-

83 4271 186 4353 dicu,
209 4273 293 4360 atiud
314 4275 369 4360 qui
391 4275 435 4344 sic
465 4274 504 4344 dc
527 4273 727 4358 «pneumatici
756 4273 901 4351 seidone
921 4271 1079 4360 clodum
1098 4282 1132 4346 ,et
1155 4293 1187 4338 sc
