2810 4846
237 465 290 520 eet
625 461 666 516 De
685 460 802 516 Concilio
819 460 962 529 Epheeim.

239 607 446 686 trcdidicsm
468 605 579 692 quidet
602 607 738 690 ccccptie
770 605 931 668 micet
953 603 1058 681 nodie,
1079 613 1115 668 ut
1138 605 1275 688 emanti
1296 603 1341 666 die

238 726 405 770 ternionem
428 727 495 768 cum
518 725 552 768 co
575 701 762 766 deberemus.
799 701 962 766 Adicimus
985 723 1073 787 crpo,·
1094 712 1130 766 ct
1146 711 1275 787 postero
1296 701 1343 764 die

238 823 374 866 retorem
396 825 460 866 nore
478 800 622 878 admisit,
645 823 742 885 neque
758 801 852 863 ctiam
870 798 1027 884 eatiefecit
1050 798 1175 877 litteris,
1200 799 1254 864 ced
1270 797 1342 886 ped

238 898 295 964 lice
313 922 375 985 pro
406 901 551 964 coccioue
584 897 692 962 eam
712 918 793 982 pecc
823 907 905 976 ecte,
929 907 959 960 et
981 897 1029 960 die
1052 919 1170 982 peopee
1192 896 1344 960 deteriore

237 995 384 1081 deputatu
399 995 613 1082 proposito).

324 1094 378 1158 59.
402 1093 591 1178 Antequam
614 1093 764 1158 Nestorio
787 1093 1004 1158 redderentur
1024 1091 1153 1156 litteree
1174 1091 1252 1156 illes
1273 1089 1343 1155 Coe·

237 1191 344 1258 lestini
378 1201 410 1256 et
439 1191 598 1274 synodice
630 1190 766 1256 concilii
797 1189 1036 1272 Alexandrini,
1068 1191 1219 1256 Joennes
1241 1189 1344 1254 Antio·

238 1289 362 1354 chenus
394 1290 527 1354 miseret
559 1289 602 1354 ed
635 1290 743 1374 ipsum
777 1288 903 1354 litteree
934 1289 977 1354 ed
1010 1311 1045 1352 ee
1067 1309 1087 1352 e
1111 1287 1294 1353 Coelestino
1316 1299 1345 1348 et

237 1411 257 1452 a
282 1385 404 1471 Cyrillo
437 1389 584 1472 scriptee,
616 1408 758 1472 cumque
797 1387 968 1452 Nestorius
1000 1407 1042 1450 ex
1067 1387 1113 1450 eis
1146 1385 1344 1468 intelligeret,

238 1493 361 1570 quante
385 1503 442 1547 suo
467 1484 567 1569 cupiti
598 1484 805 1570 impenderet
838 1493 1024 1569 tempestus,
1059 1485 1202 1548 tentavit
1224 1503 1295 1547 eem
1316 1483 1345 1544 iu

239 1592 338 1666 ceput
368 1580 483 1666 Oyrilli
514 1591 715 1647 convertere.
761 1581 875 1662 Quare
907 1583 1002 1667 petiit
1033 1605 1054 1646 e
1080 1581 1285 1660 Theodosio,
1315 1589 1347 1640 nt

238 1678 390 1764 generale
410 1677 601 1742 Concilium
624 1687 878 1760 convocaretur,
903 1701 1055 1764 sperone,
1079 1701 1114 1744 se
1135 1679 1266 1744 artibus
1288 1679 1347 1739 suis

239 1799 333 1863 posse
362 1797 487 1840 errores
516 1787 691 1862 conceptos
718 1779 806 1841 tueri
839 1787 872 1840 et
905 1776 1066 1861 Cyrillnm
1095 1775 1246 1863 perdere.
1301 1774 1347 1838 lle

239 1875 301 1940 hoc
332 1872 479 1938 Concilio
511 1873 636 1938 indicto
668 1873 814 1962 loquitur
844 1877 915 1960 ipse
948 1875 1118 1940 Nestorius
1147 1877 1186 1940 in
1219 1869 1346 1958 epistole

239 1974 335 2036 tertie
358 1972 402 2036 ed
428 1969 674 2053 eoelestinum,
699 1974 820 2057 scripte
849 1981 1027 2058 enthuem
1058 1974 1225 2038 sententie
1246 1969 1345 2036 Goele-

239 2071 315 2136 str'mi
339 2069 383 2134 ed
406 2070 514 2153 ipsum
539 2067 648 2134 delete
671 2081 764 2135 esset.
797 2070 923 2136 Plecoit
946 2093 1028 2148 ceu,
1052 2069 1180 2150 scribit,
1200 2067 1347 2158 piissimi

241 2167 491 2252 Imperator-idue,
506 2167 641 2232 Domino
667 2168 848 2256 adjuvante,
866 2169 960 2232 etiem
982 2167 1134 2252 synodum
1157 2164 1343 2232 memeti-

238 2265 312 2328 liter
345 2265 441 2330 totiue
476 2263 569 2329 Orbis
596 2276 754 2330 -terecrem
785 2266 923 2330 indicere
951 2275 1085 2350 propter
1115 2266 1338 2350 inquisitionem
1393 2305 1394 2312 .

242 2361 380 2426 aliarum
402 2383 505 2426 rerem
528 2362 819 2428 ecclceiamicorcm.
845 2362 975 2428 Indicte
994 2373 1110 2428 eutem
1134 2363 1201 2426 fuit
1224 2361 1347 2426 eTheo·

242 2459 333 2524 doeio
346 2459 400 2524 die
413 2459 498 2524 XIX
508 2460 538 2524 N
540 2459 716 2542 ovembrie,
730 2481 832 2546 quum
846 2462 1008 2526 sententie
1018 2457 1200 2526 Goeleetini
1213 2458 1344 2526 nondun

244 2556 563 2642 Constantinopolim
575 2557 676 2622 ellete
695 2559 810 2624 fuisset
823 2583 830 2640 ς
844 2569 878 2622 et
890 2561 1045 2644 quemvis
1057 2559 1160 2622 etiem
1175 2555 1342 2622 orthodoxi.

242 2658 289 2721 uti
314 2653 466 2720 monachi
485 2653 624 2736 CPtuni,
649 2656 814 2739 synodum
838 2658 1023 2741 petiissent,
1047 2667 1160 2720 temen
1174 2656 1344 2740 Imperator

241 2755 417 2838 praecipue
440 2775 460 2816 e
483 2753 632 2818 Nestorio
666 2754 709 2818 ed
739 2754 802 2818 hoc
835 2755 991 2818 inductus
1015 2754 1156 2818 videtur.
1206 2753 1246 2816 Ei
1269 2751 1342 2814 enim

240 2851 383 2932 ferebat,
409 2849 532 2934 Cyrillo
556 2871 634 2916 vcro
650 2852 797 2916 infensus
816 2862 895 2932 erut,
920 2853 968 2916 uti
991 2873 1035 2916 ex
1056 2851 1176 2915 litteris
1197 2849 1241 2914 ed
1264 2849 1343 2938 *hunc

241 2949 374 3012 directis
398 2947 572 3032 colligitur.
618 2948 659 3012 Id
680 2950 802 3034 partim
826 2970 868 3012 ex
891 2969 928 3014 eo
953 2950 1114 3034 provenit,
1138 2947 1230 3034 quod
1252 2969 1271 3010 e
1291 2943 1342 3007 lie·

242 3047 339 3113 storio
363 3053 562 3131 praeventus
585 3055 656 3110 eret
677 3046 869 3131 Imperator,
899 3047 1018 3132 purtim
1043 3045 1128 3110 inde·
1143 3045 1234 3130 quod
1260 3061 1343 3125 aegre

239 3142 348 3222 ferret,
374 3141 533 3226 (lyrillum
559 3145 657 3206 etiam
681 3143 724 3207 ed
747 3143 976 3228 Imperetriccs
1008 3143 1132 3208 litteras
1160 3139 1343 3208 docuineles

241 3240 409 3306 direxisse.
457 3241 545 3304 Hinc
569 3263 644 3304 cum
668 3242 702 3306 in
734 3241 835 3307 Seore
858 3242 1068 3326 imperatorie
1098 3263 1165 3326 que
1188 3243 1219 3304 ei
1243 3236 1342 3302 Conci·

240 3338 321 3402 lium
344 3339 491 3402 futurum
515 3340 680 3420 enuntiet,
705 3349 824 3404 tractet
855 3348 890 3401 ut
913 3337 1173 3424 perturbatorem
1195 3331 1340 3423 quietist.

244 3455 416 3462 ...σι’-...-
435 3457 448 3461 .-

315 3515 334 3586 ¹)
353 3513 443 3568 Lebbi
460 3515 477 3570 l.
498 3531 518 3568 c.
540 3513 617 3568 Cone
636 3515 732 3581 ephee
752 3515 804 3567 Act
832 3513 853 3568 l.
873 3514 921 3568 col.
941 3516 1001 3570 504.

314 3594 431 3658 'llnter
458 3593 512 3648 elie
530 3593 692 3650 Theodosius
711 3593 817 3648 scribit:
857 3593 945 3660 „Scito
975 3593 1096 3658 interim,
1116 3609 1242 3661 mugnem
1260 3590 1301 3642 ube
1317 3599 1339 3636 tc

239 3689 329 3728 rernm
353 3671 582 3740 perturbationem
607 3671 752 3726 excitatem
779 3689 844 3728 esse.
882 3674 973 3740 Neque
1000 3671 1096 3726 mirum
1123 3681 1166 3726 est
1190 3687 1267 3732 sene,
1289 3683 1338 3722 eeu

240 3755 285 3821 quii
310 3753 416 3808 modum
434 3751 555 3818 excessit,
572 3752 607 3806 iis
629 3759 740 3808 conetur
759 3769 820 3808 snos
838 3769 890 3807 non
909 3752 1057 3814 definiisse.
1081 3767 1151 3819 quee
1168 3753 1201 3806 ed
1228 3747 1338 3806 „neus

239 3845 268 3890 et
281 3835 315 3888 ed
324 3835 476 3890 secerdotes
486 3839 619 3900 spectent,
632 3834 678 3887 sed
690 3834 723 3887 de
735 3835 812 3890 nohis
823 3834 888 3902 ipsis
898 3849 1001 3900 quoqne
1011 3833 1136 3902 quiddern
1148 3835 1249 3900 pietste
1257 3835 1337 3882 noetm

240 3916 382 3984 iudignum
401 3913 551 3970 credidisse.
589 3915 657 3968 Neri
676 3914 729 3968 nisi
748 3913 855 3980 aliquod
873 3914 946 3968 inter
962 3930 1011 3968 nos
1030 3913 1170 3968 dissidium
1188 3927 1243 3966 esse
1259 3917 1337 3978 putet·

240 4010 289 4060 ses,
309 4000 357 4048 eut
376 3999 447 4048 certe
466 3993 568 4060 aliquid
587 3993 715 4062 ejusmodi
734 3993 835 4048 litteris
855 3993 909 4050 tuis
928 3993 1059 4050 oriturum
1077 4009 1217 4062 spereeses⁷
1235 4006 1284 4048 cur.
1300 3985 1336 4038 οἱ»

240 4091 321 4139 seem,
349 4073 403 4128 elie
421 4072 550 4141 privatim
579 4075 612 4127 ed
632 4089 687 4139 nos,
707 4080 734 4128 et
753 4073 787 4127 ed
806 4074 949 4128 Eudocium
968 4073 1194 4142 religiosissimum
1212 4071 1335 4139 conjugem

241 4170 333 4218 mecm,
353 4154 407 4207 elie
425 4169 489 4206 vero
517 4153 550 4206 ed
569 4153 737 4208 Pulcherium
765 4170 880 4208 sororem
899 4170 985 4208 meum
1005 4157 1162 4224 Augtrstenu
1181 4151 1334 4212 sendernuut

241 4233 351 4302 pietatis
370 4233 601 4296 studiosissimum,
621 4235 855 4303 perscripsisecs?“
879 4233 965 4288 Lebbe
985 4233 1035 4290 lIl.
1053 4235 1114 4288 483.
