<?xml version="1.0" encoding="UTF-8"?>
<!DOCTYPE html PUBLIC "-//W3C//DTD XHTML 1.0 Transitional//EN"
    "http://www.w3.org/TR/xhtml1/DTD/xhtml1-transitional.dtd">
<html xmlns="http://www.w3.org/1999/xhtml" xml:lang="en" lang="en">
 <head>
  <title>
</title>
<meta http-equiv="Content-Type" content="text/html;charset=utf-8" />
  <meta name='ocr-system' content='tesseract 3.04.00' />
  <meta name='ocr-capabilities' content='ocr_page ocr_carea ocr_par ocr_line ocrx_word'/>
</head>
<body>
  <div class='ocr_page' id='page_1' title='image "./dissertationess02junggoog_0281.png"; bbox 0 0 2876 4814; ppageno 0'>
   <div class='ocr_carea' id='block_1_1' title="bbox 237 419 918 492">
    <p class='ocr_par' dir='ltr' id='par_1_1' title="bbox 237 419 918 492">
     <span class='ocr_line' id='line_1_1' title="bbox 237 419 918 492; baseline 0.004 -16"><span class='ocrx_word' id='word_1_1' title='bbox 237 423 290 476; x_wconf 74' lang='lat'><strong>278</strong></span> <span class='ocrx_word' id='word_1_2' title='bbox 671 419 712 476; x_wconf 90' lang='lat' dir='ltr'><strong>De</strong></span> <span class='ocrx_word' id='word_1_3' title='bbox 729 421 755 476; x_wconf 82' lang='lat' dir='ltr'><strong>S.</strong></span> <span class='ocrx_word' id='word_1_4' title='bbox 774 420 918 492; x_wconf 75' lang='lat' dir='ltr'><strong>(lypn&#39;ano.</strong></span> 
     </span>
    </p>
   </div>
   <div class='ocr_carea' id='block_1_2' title="bbox 76 565 1427 4263">
    <p class='ocr_par' dir='ltr' id='par_1_2' title="bbox 237 565 1359 2308">
     <span class='ocr_line' id='line_1_2' title="bbox 238 565 1356 653; baseline 0.005 -25"><span class='ocrx_word' id='word_1_5' title='bbox 238 585 296 629; x_wconf 91' lang='lat' dir='ltr'><strong>suo</strong></span> <span class='ocrx_word' id='word_1_6' title='bbox 323 565 396 649; x_wconf 86' lang='lat' dir='ltr'><strong>jam</strong></span> <span class='ocrx_word' id='word_1_7' title='bbox 428 565 623 646; x_wconf 73' lang='lat' dir='ltr'><strong>ostenderat,</strong></span> <span class='ocrx_word' id='word_1_8' title='bbox 649 565 828 650; x_wconf 90' lang='lat' dir='ltr'><strong>improbari</strong></span> <span class='ocrx_word' id='word_1_9' title='bbox 851 566 894 631; x_wconf 86' lang='lat' dir='ltr'><strong>ab</strong></span> <span class='ocrx_word' id='word_1_10' title='bbox 918 569 990 652; x_wconf 90' lang='lat' dir='ltr'><strong>ipsa</strong></span> <span class='ocrx_word' id='word_1_11' title='bbox 1013 567 1168 652; x_wconf 84' lang='lat' dir='ltr'><strong>Origenis</strong></span> <span class='ocrx_word' id='word_1_12' title='bbox 1192 579 1284 653; x_wconf 85' lang='lat' dir='ltr'><strong>gesta</strong></span> <span class='ocrx_word' id='word_1_13' title='bbox 1309 580 1356 634; x_wconf 85' lang='lat' dir='ltr'><strong>et·</strong></span> 
     </span>
     <span class='ocr_line' id='line_1_3' title="bbox 237 662 1358 752; baseline 0.007 -28"><span class='ocrx_word' id='word_1_14' title='bbox 237 684 300 748; x_wconf 93' lang='lat' dir='ltr'><strong>que</strong></span> <span class='ocrx_word' id='word_1_15' title='bbox 333 662 515 744; x_wconf 83' lang='lat' dir='ltr'><strong>doctrinas3</strong></span> <span class='ocrx_word' id='word_1_16' title='bbox 549 663 607 727; x_wconf 92' lang='lat' dir='ltr'><strong>sed</strong></span> <span class='ocrx_word' id='word_1_17' title='bbox 640 685 706 727; x_wconf 91' lang='lat' dir='ltr'><strong>nou</strong></span> <span class='ocrx_word' id='word_1_18' title='bbox 738 665 937 747; x_wconf 80' lang='lat' dir='ltr'>invenimus,</span> <span class='ocrx_word' id='word_1_19' title='bbox 972 687 1047 728; x_wconf 93' lang='lat' dir='ltr'><strong>eum</strong></span> <span class='ocrx_word' id='word_1_20' title='bbox 1076 665 1259 730; x_wconf 78' lang='lat' dir='ltr'><strong>formaliter</strong></span> <span class='ocrx_word' id='word_1_21' title='bbox 1281 679 1358 752; x_wconf 84' lang='lat' dir='ltr'><strong>post</strong></span> 
     </span>
     <span class='ocr_line' id='line_1_4' title="bbox 237 759 1357 829; baseline 0.005 -6"><span class='ocrx_word' id='word_1_22' title='bbox 237 781 358 824; x_wconf 84' lang='lat' dir='ltr'><strong>novam</strong></span> <span class='ocrx_word' id='word_1_23' title='bbox 392 759 554 824; x_wconf 88' lang='lat' dir='ltr'><strong>Heraclae</strong></span> <span class='ocrx_word' id='word_1_24' title='bbox 587 761 896 826; x_wconf 79' lang='lat' dir='ltr'><strong>condemnationem</strong></span> <span class='ocrx_word' id='word_1_25' title='bbox 930 763 1038 826; x_wconf 90' lang='lat' dir='ltr'><strong>denuo</strong></span> <span class='ocrx_word' id='word_1_26' title='bbox 1071 785 1142 826; x_wconf 91' lang='lat' dir='ltr'><strong>esse</strong></span> <span class='ocrx_word' id='word_1_27' title='bbox 1166 785 1357 829; x_wconf 82' lang='lat' dir='ltr'><strong>excommu-</strong></span> 
     </span>
     <span class='ocr_line' id='line_1_5' title="bbox 238 857 1358 926; baseline 0.006 -6"><span class='ocrx_word' id='word_1_28' title='bbox 238 859 384 924; x_wconf 89' lang='lat' dir='ltr'><strong>nicatum</strong></span> <span class='ocrx_word' id='word_1_29' title='bbox 408 880 428 920; x_wconf 93' lang='lat' dir='ltr'><strong>a</strong></span> <span class='ocrx_word' id='word_1_30' title='bbox 451 857 544 922; x_wconf 83' lang='lat' dir='ltr'><strong>Rom.</strong></span> <span class='ocrx_word' id='word_1_31' title='bbox 569 857 739 924; x_wconf 84' lang='lat' dir='ltr'><strong>Pontifice.</strong></span> <span class='ocrx_word' id='word_1_32' title='bbox 764 858 935 923; x_wconf 85' lang='lat' dir='ltr'><strong>Remansit</strong></span> <span class='ocrx_word' id='word_1_33' title='bbox 958 880 1037 924; x_wconf 85' lang='lat' dir='ltr'><strong>vcro</strong></span> <span class='ocrx_word' id='word_1_34' title='bbox 1063 862 1096 924; x_wconf 92' lang='lat' dir='ltr'><strong>in</strong></span> <span class='ocrx_word' id='word_1_35' title='bbox 1121 865 1358 926; x_wconf 90' lang='lat' dir='ltr'><strong>communione</strong></span> 
     </span>
     <span class='ocr_line' id='line_1_6' title="bbox 237 955 1358 1042; baseline 0.005 -23"><span class='ocrx_word' id='word_1_36' title='bbox 237 955 486 1040; x_wconf 89' lang='lat' dir='ltr'><strong>cumpluribus</strong></span> <span class='ocrx_word' id='word_1_37' title='bbox 510 957 682 1040; x_wconf 91' lang='lat' dir='ltr'><strong>episcopis,</strong></span> <span class='ocrx_word' id='word_1_38' title='bbox 707 958 763 1042; x_wconf 94' lang='lat' dir='ltr'><strong>qui</strong></span> <span class='ocrx_word' id='word_1_39' title='bbox 788 977 863 1020; x_wconf 89' lang='lat' dir='ltr'><strong>cum</strong></span> <span class='ocrx_word' id='word_1_40' title='bbox 887 956 974 1022; x_wconf 83' lang='lat' dir='ltr'><strong>Sede</strong></span> <span class='ocrx_word' id='word_1_41' title='bbox 997 958 1186 1042; x_wconf 88' lang='lat' dir='ltr'><strong>Apostolica</strong></span> <span class='ocrx_word' id='word_1_42' title='bbox 1210 981 1358 1024; x_wconf 91' lang='lat' dir='ltr'><strong>commu·</strong></span> 
     </span>
     <span class='ocr_line' id='line_1_7' title="bbox 238 1051 1357 1139; baseline 0.004 -22"><span class='ocrx_word' id='word_1_43' title='bbox 238 1051 403 1133; x_wconf 87' lang='lat' dir='ltr'><strong>uicabant,</strong></span> <span class='ocrx_word' id='word_1_44' title='bbox 428 1051 528 1138; x_wconf 90' lang='lat' dir='ltr'><strong>idque</strong></span> <span class='ocrx_word' id='word_1_45' title='bbox 551 1053 706 1118; x_wconf 88' lang='lat' dir='ltr'><strong>tolerasse</strong></span> <span class='ocrx_word' id='word_1_46' title='bbox 730 1053 886 1118; x_wconf 88' lang='lat' dir='ltr'><strong>videntur</strong></span> <span class='ocrx_word' id='word_1_47' title='bbox 910 1053 1146 1139; x_wconf 81' lang='lat' dir='ltr'><strong>subsequentes</strong></span> <span class='ocrx_word' id='word_1_48' title='bbox 1166 1057 1357 1122; x_wconf 87' lang='lat' dir='ltr'><strong>Pontifices.</strong></span> 
     </span>
     <span class='ocr_line' id='line_1_8' title="bbox 237 1149 1357 1239; baseline 0.005 -26"><span class='ocrx_word' id='word_1_49' title='bbox 237 1149 291 1213; x_wconf 86' lang='lat' dir='ltr'><strong>Ad</strong></span> <span class='ocrx_word' id='word_1_50' title='bbox 315 1149 559 1215; x_wconf 84' lang='lat' dir='ltr'><strong>Alexandrinos</strong></span> <span class='ocrx_word' id='word_1_51' title='bbox 591 1153 752 1236; x_wconf 83' lang='lat' dir='ltr'><strong>Origenes</strong></span> <span class='ocrx_word' id='word_1_52' title='bbox 783 1151 907 1215; x_wconf 86' lang='lat' dir='ltr'><strong>litteras</strong></span> <span class='ocrx_word' id='word_1_53' title='bbox 931 1153 1076 1238; x_wconf 81' lang='lat' dir='ltr'><strong>scripsit,</strong></span> <span class='ocrx_word' id='word_1_54' title='bbox 1101 1157 1134 1218; x_wconf 90' lang='lat' dir='ltr'><strong>in</strong></span> <span class='ocrx_word' id='word_1_55' title='bbox 1159 1154 1281 1239; x_wconf 88' lang='lat' dir='ltr'><strong>quibus</strong></span> <span class='ocrx_word' id='word_1_56' title='bbox 1306 1157 1357 1218; x_wconf 89' lang='lat' dir='ltr'><strong>sui</strong></span> 
     </span>
     <span class='ocr_line' id='line_1_9' title="bbox 237 1248 1359 1338; baseline 0.006 -29"><span class='ocrx_word' id='word_1_57' title='bbox 237 1248 421 1332; x_wconf 78' lang='lat' dir='ltr'><strong>apologiam</strong></span> <span class='ocrx_word' id='word_1_58' title='bbox 446 1249 604 1313; x_wconf 86' lang='lat' dir='ltr'><strong>adversus</strong></span> <span class='ocrx_word' id='word_1_59' title='bbox 628 1250 823 1312; x_wconf 86' lang='lat' dir='ltr'><strong>sententiam</strong></span> <span class='ocrx_word' id='word_1_60' title='bbox 856 1248 956 1312; x_wconf 86' lang='lat' dir='ltr'><strong>latam</strong></span> <span class='ocrx_word' id='word_1_61' title='bbox 981 1249 1067 1330; x_wconf 88' lang='lat' dir='ltr'><strong>fecit,</strong></span> <span class='ocrx_word' id='word_1_62' title='bbox 1093 1273 1234 1316; x_wconf 88' lang='lat' dir='ltr'><strong>errorem</strong></span> <span class='ocrx_word' id='word_1_63' title='bbox 1260 1253 1359 1338; x_wconf 90' lang='lat' dir='ltr'><strong>eujus</strong></span> 
     </span>
     <span class='ocr_line' id='line_1_10' title="bbox 237 1345 1358 1436; baseline 0.004 -29"><span class='ocrx_word' id='word_1_64' title='bbox 237 1345 456 1410; x_wconf 88' lang='lat' dir='ltr'><strong>accusabatur</strong></span> <span class='ocrx_word' id='word_1_65' title='bbox 488 1347 529 1410; x_wconf 88' lang='lat' dir='ltr'><strong>de</strong></span> <span class='ocrx_word' id='word_1_66' title='bbox 562 1347 760 1411; x_wconf 89' lang='lat' dir='ltr'><strong>daemonum</strong></span> <span class='ocrx_word' id='word_1_67' title='bbox 800 1345 903 1410; x_wconf 84' lang='lat' dir='ltr'><strong>salute</strong></span> <span class='ocrx_word' id='word_1_68' title='bbox 936 1347 1153 1431; x_wconf 88' lang='lat' dir='ltr'><strong>improbavit,</strong></span> <span class='ocrx_word' id='word_1_69' title='bbox 1186 1349 1358 1436; x_wconf 86' lang='lat' dir='ltr'><strong>librosque</strong></span> 
     </span>
     <span class='ocr_line' id='line_1_11' title="bbox 238 1443 1358 1530; baseline 0.004 -25"><span class='ocrx_word' id='word_1_70' title='bbox 238 1464 313 1506; x_wconf 89' lang='lat' dir='ltr'><strong>suos</strong></span> <span class='ocrx_word' id='word_1_71' title='bbox 340 1443 383 1506; x_wconf 87' lang='lat' dir='ltr'><strong>ab</strong></span> <span class='ocrx_word' id='word_1_72' title='bbox 416 1443 589 1508; x_wconf 80' lang='lat' dir='ltr'><strong>haereticis</strong></span> <span class='ocrx_word' id='word_1_73' title='bbox 613 1444 786 1530; x_wconf 87' lang='lat' dir='ltr'><strong>depravari</strong></span> <span class='ocrx_word' id='word_1_74' title='bbox 812 1453 945 1530; x_wconf 88' lang='lat' dir='ltr'><strong>questus</strong></span> <span class='ocrx_word' id='word_1_75' title='bbox 974 1455 1032 1509; x_wconf 89' lang='lat' dir='ltr'><strong>est.</strong></span> <span class='ocrx_word' id='word_1_76' title='bbox 1079 1446 1253 1510; x_wconf 89' lang='lat' dir='ltr'><strong>Praeterea</strong></span> <span class='ocrx_word' id='word_1_77' title='bbox 1278 1467 1358 1510; x_wconf 81' lang='lat' dir='ltr'><strong>vem</strong></span> 
     </span>
     <span class='ocr_line' id='line_1_12' title="bbox 238 1539 1358 1608; baseline 0.002 -4"><span class='ocrx_word' id='word_1_78' title='bbox 238 1539 403 1604; x_wconf 85' lang='lat' dir='ltr'><strong>Eusebius</strong></span> <span class='ocrx_word' id='word_1_79' title='bbox 427 1542 469 1608; x_wconf 90' lang='lat' dir='ltr'><strong>H.</strong></span> <span class='ocrx_word' id='word_1_80' title='bbox 494 1542 532 1606; x_wconf 85' lang='lat' dir='ltr'><strong>E.</strong></span> <span class='ocrx_word' id='word_1_81' title='bbox 556 1542 577 1608; x_wconf 92' lang='lat' dir='ltr'><strong>l.</strong></span> <span class='ocrx_word' id='word_1_82' title='bbox 602 1542 660 1606; x_wconf 89' lang='lat' dir='ltr'><strong>VI.</strong></span> <span class='ocrx_word' id='word_1_83' title='bbox 685 1565 713 1608; x_wconf 89' lang='lat' dir='ltr'><strong>c.</strong></span> <span class='ocrx_word' id='word_1_84' title='bbox 741 1542 784 1605; x_wconf 86' lang='lat'><strong>36</strong></span> <span class='ocrx_word' id='word_1_85' title='bbox 812 1541 945 1606; x_wconf 83' lang='lat' dir='ltr'><strong>scribit:</strong></span> <span class='ocrx_word' id='word_1_86' title='bbox 970 1541 1086 1606; x_wconf 82' lang='lat' dir='ltr'><strong>Sedet</strong></span> <span class='ocrx_word' id='word_1_87' title='bbox 1110 1543 1153 1606; x_wconf 80' lang='lat' dir='ltr'><strong>od</strong></span> <span class='ocrx_word' id='word_1_88' title='bbox 1177 1544 1358 1608; x_wconf 76' lang='lat' dir='ltr'><strong>Fabianam</strong></span> 
     </span>
     <span class='ocr_line' id='line_1_13' title="bbox 240 1639 1357 1725; baseline 0.004 -25"><span class='ocrx_word' id='word_1_89' title='bbox 240 1639 400 1701; x_wconf 76' lang='lat' dir='ltr'><strong>Rmnamrr</strong></span> <span class='ocrx_word' id='word_1_90' title='bbox 434 1640 521 1703; x_wconf 70' lang='lat' dir='ltr'><strong>sotto</strong></span> <span class='ocrx_word' id='word_1_91' title='bbox 548 1642 743 1725; x_wconf 81' lang='lat' dir='ltr'><strong>episcopam,</strong></span> <span class='ocrx_word' id='word_1_92' title='bbox 777 1652 807 1702; x_wconf 84' lang='lat' dir='ltr'><strong>ct</strong></span> <span class='ocrx_word' id='word_1_93' title='bbox 830 1640 874 1702; x_wconf 75' lang='lat' dir='ltr'><strong>orl</strong></span> <span class='ocrx_word' id='word_1_94' title='bbox 905 1639 1078 1725; x_wconf 74' lang='lat' dir='ltr'><strong>complures</strong></span> <span class='ocrx_word' id='word_1_95' title='bbox 1101 1641 1241 1704; x_wconf 72' lang='lat' dir='ltr'><strong>aliumne</strong></span> <span class='ocrx_word' id='word_1_96' title='bbox 1265 1641 1357 1704; x_wconf 76' lang='lat' dir='ltr'><strong>ecele-</strong></span> 
     </span>
     <span class='ocr_line' id='line_1_14' title="bbox 240 1737 1358 1824; baseline 0.004 -26"><span class='ocrx_word' id='word_1_97' title='bbox 240 1737 359 1798; x_wconf 72' lang='lat' dir='ltr'><strong>siarum</strong></span> <span class='ocrx_word' id='word_1_98' title='bbox 375 1739 535 1800; x_wconf 81' lang='lat' dir='ltr'><strong>antistites</strong></span> <span class='ocrx_word' id='word_1_99' title='bbox 550 1737 588 1800; x_wconf 79' lang='lat' dir='ltr'><strong>de</strong></span> <span class='ocrx_word' id='word_1_100' title='bbox 612 1749 697 1800; x_wconf 82' lang='lat' dir='ltr'><strong>recto</strong></span> <span class='ocrx_word' id='word_1_101' title='bbox 712 1738 796 1820; x_wconf 81' lang='lat' dir='ltr'><strong>fidei</strong></span> <span class='ocrx_word' id='word_1_102' title='bbox 813 1761 887 1800; x_wconf 81' lang='lat' dir='ltr'><strong>suae</strong></span> <span class='ocrx_word' id='word_1_103' title='bbox 905 1739 1027 1800; x_wconf 82' lang='lat' dir='ltr'><strong>ratione</strong></span> <span class='ocrx_word' id='word_1_104' title='bbox 1051 1739 1204 1822; x_wconf 75' lang='lat' dir='ltr'><strong>epistolae</strong></span> <span class='ocrx_word' id='word_1_105' title='bbox 1217 1741 1358 1824; x_wconf 66' lang='lat' dir='ltr'><strong>scripsit</strong></span> 
     </span>
     <span class='ocr_line' id='line_1_15' title="bbox 240 1833 1358 1921; baseline 0.002 -25"><span class='ocrx_word' id='word_1_106' title='bbox 240 1833 504 1918; x_wconf 86' lang='lat' dir='ltr'><strong>Disceptatioues</strong></span> <span class='ocrx_word' id='word_1_107' title='bbox 541 1856 625 1919; x_wconf 90' lang='lat' dir='ltr'><strong>quae</strong></span> <span class='ocrx_word' id='word_1_108' title='bbox 663 1834 704 1898; x_wconf 90' lang='lat' dir='ltr'><strong>de</strong></span> <span class='ocrx_word' id='word_1_109' title='bbox 734 1836 878 1918; x_wconf 77' lang='lat' dir='ltr'><strong>Origene</strong></span> <span class='ocrx_word' id='word_1_110' title='bbox 916 1833 1052 1919; x_wconf 90' lang='lat' dir='ltr'><strong>ejusque</strong></span> <span class='ocrx_word' id='word_1_111' title='bbox 1090 1835 1252 1898; x_wconf 87' lang='lat' dir='ltr'><strong>doctrinis</strong></span> <span class='ocrx_word' id='word_1_112' title='bbox 1285 1836 1358 1921; x_wconf 84' lang='lat' dir='ltr'><strong>jam</strong></span> 
     </span>
     <span class='ocr_line' id='line_1_16' title="bbox 240 1931 1359 2016; baseline 0.002 -24"><span class='ocrx_word' id='word_1_113' title='bbox 240 1933 309 2014; x_wconf 88' lang='lat' dir='ltr'><strong>ipso</strong></span> <span class='ocrx_word' id='word_1_114' title='bbox 349 1933 483 1994; x_wconf 87' lang='lat' dir='ltr'><strong>vivente</strong></span> <span class='ocrx_word' id='word_1_115' title='bbox 522 1943 733 2012; x_wconf 86' lang='lat' dir='ltr'><strong>exarserunt,</strong></span> <span class='ocrx_word' id='word_1_116' title='bbox 768 1934 866 1995; x_wconf 90' lang='lat' dir='ltr'><strong>etiam</strong></span> <span class='ocrx_word' id='word_1_117' title='bbox 905 1931 1182 2016; x_wconf 90' lang='lat' dir='ltr'><strong>subsequentibus</strong></span> <span class='ocrx_word' id='word_1_118' title='bbox 1216 1931 1359 1996; x_wconf 87' lang='lat' dir='ltr'><strong>sacculis</strong></span> 
     </span>
     <span class='ocr_line' id='line_1_17' title="bbox 239 2029 1359 2114; baseline 0.004 -24"><span class='ocrx_word' id='word_1_119' title='bbox 239 2039 416 2093; x_wconf 87' lang='lat' dir='ltr'><strong>renovatae</strong></span> <span class='ocrx_word' id='word_1_120' title='bbox 449 2041 534 2094; x_wconf 88' lang='lat' dir='ltr'><strong>suut.</strong></span> <span class='ocrx_word' id='word_1_121' title='bbox 582 2033 678 2094; x_wconf 76' lang='lat' dir='ltr'><strong>Osi-te</strong></span> <span class='ocrx_word' id='word_1_122' title='bbox 711 2031 745 2092; x_wconf 91' lang='lat' dir='ltr'><strong>in</strong></span> <span class='ocrx_word' id='word_1_123' title='bbox 778 2030 932 2114; x_wconf 84' lang='lat' dir='ltr'><strong>operibus</strong></span> <span class='ocrx_word' id='word_1_124' title='bbox 956 2029 1036 2114; x_wconf 88' lang='lat' dir='ltr'><strong>ejus,</strong></span> <span class='ocrx_word' id='word_1_125' title='bbox 1070 2031 1117 2092; x_wconf 91' lang='lat' dir='ltr'><strong>uti</strong></span> <span class='ocrx_word' id='word_1_126' title='bbox 1141 2031 1176 2094; x_wconf 89' lang='lat' dir='ltr'><strong>in</strong></span> <span class='ocrx_word' id='word_1_127' title='bbox 1199 2031 1359 2094; x_wconf 86' lang='lat' dir='ltr'><strong>manibus</strong></span> 
     </span>
     <span class='ocr_line' id='line_1_18' title="bbox 238 2124 1357 2212; baseline 0.003 -23"><span class='ocrx_word' id='word_1_128' title='bbox 238 2124 455 2201; x_wconf 82' lang='lat' dir='ltr'><strong>habebantur,</strong></span> <span class='ocrx_word' id='word_1_129' title='bbox 473 2149 597 2192; x_wconf 88' lang='lat' dir='ltr'><strong>errores</strong></span> <span class='ocrx_word' id='word_1_130' title='bbox 614 2127 879 2208; x_wconf 84' lang='lat' dir='ltr'><strong>inveniebantur,</strong></span> <span class='ocrx_word' id='word_1_131' title='bbox 895 2137 994 2212; x_wconf 91' lang='lat' dir='ltr'><strong>atquc</strong></span> <span class='ocrx_word' id='word_1_132' title='bbox 1012 2127 1242 2190; x_wconf 90' lang='lat' dir='ltr'><strong>vehementius</strong></span> <span class='ocrx_word' id='word_1_133' title='bbox 1257 2131 1357 2192; x_wconf 85' lang='lat' dir='ltr'><strong>etiam</strong></span> 
     </span>
     <span class='ocr_line' id='line_1_19' title="bbox 239 2223 1357 2308; baseline 0.002 -22"><span class='ocrx_word' id='word_1_134' title='bbox 239 2223 420 2287; x_wconf 90' lang='lat' dir='ltr'><strong>identidem</strong></span> <span class='ocrx_word' id='word_1_135' title='bbox 445 2227 573 2290; x_wconf 88' lang='lat' dir='ltr'><strong>invehit</strong></span> <span class='ocrx_word' id='word_1_136' title='bbox 587 2225 749 2308; x_wconf 86' lang='lat' dir='ltr'><strong>Origenes</strong></span> <span class='ocrx_word' id='word_1_137' title='bbox 774 2226 805 2288; x_wconf 89' lang='lat' dir='ltr'><strong>in</strong></span> <span class='ocrx_word' id='word_1_138' title='bbox 831 2224 955 2288; x_wconf 89' lang='lat' dir='ltr'><strong>clerum</strong></span> <span class='ocrx_word' id='word_1_139' title='bbox 974 2235 1006 2288; x_wconf 87' lang='lat' dir='ltr'><strong>et</strong></span> <span class='ocrx_word' id='word_1_140' title='bbox 1028 2247 1081 2287; x_wconf 90' lang='lat' dir='ltr'><strong>res</strong></span> <span class='ocrx_word' id='word_1_141' title='bbox 1104 2223 1357 2290; x_wconf 86' lang='lat' dir='ltr'><strong>ecclesiastices.</strong></span> 
     </span>
    </p>

    <p class='ocr_par' dir='ltr' id='par_1_3' title="bbox 238 2271 1428 2602">
     <span class='ocr_line' id='line_1_20' title="bbox 238 2321 1357 2396; baseline 0 -10"><span class='ocrx_word' id='word_1_142' title='bbox 238 2321 278 2386; x_wconf 76' lang='lat' dir='ltr'><strong>Ei</strong></span> <span class='ocrx_word' id='word_1_143' title='bbox 311 2331 421 2386; x_wconf 83' lang='lat' dir='ltr'><strong>tamen</strong></span> <span class='ocrx_word' id='word_1_144' title='bbox 455 2323 570 2387; x_wconf 84' lang='lat' dir='ltr'><strong>favent</strong></span> <span class='ocrx_word' id='word_1_145' title='bbox 602 2332 755 2386; x_wconf 89' lang='lat' dir='ltr'><strong>constans</strong></span> <span class='ocrx_word' id='word_1_146' title='bbox 794 2322 977 2386; x_wconf 88' lang='lat' dir='ltr'><strong>insectandi</strong></span> <span class='ocrx_word' id='word_1_147' title='bbox 1012 2322 1162 2386; x_wconf 88' lang='lat' dir='ltr'><strong>haereses</strong></span> <span class='ocrx_word' id='word_1_148' title='bbox 1196 2322 1357 2396; x_wconf 85' lang='lat' dir='ltr'><strong>studium,</strong></span> 
     </span>
     <span class='ocr_line' id='line_1_21' title="bbox 238 2419 1357 2506; baseline 0 -24"><span class='ocrx_word' id='word_1_149' title='bbox 238 2428 368 2482; x_wconf 85' lang='lat' dir='ltr'><strong>servata</strong></span> <span class='ocrx_word' id='word_1_150' title='bbox 382 2441 511 2504; x_wconf 88' lang='lat' dir='ltr'><strong>semper</strong></span> <span class='ocrx_word' id='word_1_151' title='bbox 534 2443 609 2484; x_wconf 92' lang='lat' dir='ltr'><strong>cum</strong></span> <span class='ocrx_word' id='word_1_152' title='bbox 634 2419 805 2483; x_wconf 78' lang='lat' dir='ltr'><strong>catholicis</strong></span> <span class='ocrx_word' id='word_1_153' title='bbox 825 2419 1029 2485; x_wconf 84' lang='lat' dir='ltr'><strong>Palaestinae</strong></span> <span class='ocrx_word' id='word_1_154' title='bbox 1052 2431 1085 2483; x_wconf 93' lang='lat' dir='ltr'><strong>et</strong></span> <span class='ocrx_word' id='word_1_155' title='bbox 1105 2419 1253 2484; x_wconf 87' lang='lat' dir='ltr'><strong>Arabiae</strong></span> <span class='ocrx_word' id='word_1_156' title='bbox 1275 2422 1357 2506; x_wconf 76' lang='lat' dir='ltr'><strong>epis</strong></span> 
     </span>
     <span class='ocr_line' id='line_1_22' title="bbox 238 2517 1357 2602; baseline -0.001 -22"><span class='ocrx_word' id='word_1_157' title='bbox 238 2517 329 2601; x_wconf 88' lang='lat' dir='ltr'><strong>copis</strong></span> <span class='ocrx_word' id='word_1_158' title='bbox 367 2521 573 2600; x_wconf 91' lang='lat' dir='ltr'><strong>communio,</strong></span> <span class='ocrx_word' id='word_1_159' title='bbox 612 2518 738 2582; x_wconf 87' lang='lat' dir='ltr'><strong>litterae</strong></span> <span class='ocrx_word' id='word_1_160' title='bbox 780 2520 1030 2582; x_wconf 80' lang='lat' dir='ltr'><strong>contestatorios</strong></span> <span class='ocrx_word' id='word_1_161' title='bbox 1068 2518 1109 2582; x_wconf 90' lang='lat' dir='ltr'><strong>de</strong></span> <span class='ocrx_word' id='word_1_162' title='bbox 1145 2520 1357 2602; x_wconf 88' lang='lat' dir='ltr'><strong>corruptione</strong></span> 
     </span>
    </p>

    <p class='ocr_par' dir='ltr' id='par_1_4' title="bbox 237 2613 1427 2993">
     <span class='ocr_line' id='line_1_23' title="bbox 237 2613 1427 2700; baseline 0.002 -24"><span class='ocrx_word' id='word_1_163' title='bbox 237 2613 395 2678; x_wconf 89' lang='lat' dir='ltr'><strong>librorum</strong></span> <span class='ocrx_word' id='word_1_164' title='bbox 420 2636 563 2696; x_wconf 89' lang='lat' dir='ltr'><strong>suorum,</strong></span> <span class='ocrx_word' id='word_1_165' title='bbox 595 2625 627 2678; x_wconf 88' lang='lat' dir='ltr'><strong>et</strong></span> <span class='ocrx_word' id='word_1_166' title='bbox 650 2617 841 2678; x_wconf 88' lang='lat' dir='ltr'><strong>immunitas</strong></span> <span class='ocrx_word' id='word_1_167' title='bbox 869 2638 889 2677; x_wconf 91' lang='lat' dir='ltr'><strong>a</strong></span> <span class='ocrx_word' id='word_1_168' title='bbox 912 2617 1095 2700; x_wconf 88' lang='lat' dir='ltr'><strong>pertinacia</strong></span> <span class='ocrx_word' id='word_1_169' title='bbox 1118 2617 1153 2678; x_wconf 89' lang='lat' dir='ltr'><strong>iu</strong></span> <span class='ocrx_word' id='word_1_170' title='bbox 1177 2615 1357 2678; x_wconf 87' lang='lat' dir='ltr'><strong>defenden·</strong></span> <span class='ocrx_word' id='word_1_171' title='bbox 1426 2679 1427 2694; x_wconf 66' lang='lat'><strong>,</strong></span> 
     </span>
     <span class='ocr_line' id='line_1_24' title="bbox 238 2710 1356 2794; baseline 0.003 -21"><span class='ocrx_word' id='word_1_172' title='bbox 238 2710 290 2774; x_wconf 91' lang='lat' dir='ltr'><strong>dis</strong></span> <span class='ocrx_word' id='word_1_173' title='bbox 314 2713 478 2777; x_wconf 88' lang='lat' dir='ltr'><strong>erroribus</strong></span> <span class='ocrx_word' id='word_1_174' title='bbox 501 2724 616 2776; x_wconf 87' lang='lat' dir='ltr'><strong>contra</strong></span> <span class='ocrx_word' id='word_1_175' title='bbox 646 2712 840 2778; x_wconf 85' lang='lat' dir='ltr'><strong>Ecclesiam.</strong></span> <span class='ocrx_word' id='word_1_176' title='bbox 888 2713 953 2778; x_wconf 89' lang='lat' dir='ltr'><strong>Sed</strong></span> <span class='ocrx_word' id='word_1_177' title='bbox 982 2723 1018 2776; x_wconf 90' lang='lat' dir='ltr'><strong>ut</strong></span> <span class='ocrx_word' id='word_1_178' title='bbox 1041 2712 1082 2775; x_wconf 92' lang='lat' dir='ltr'><strong>de</strong></span> <span class='ocrx_word' id='word_1_179' title='bbox 1105 2712 1252 2794; x_wconf 88' lang='lat' dir='ltr'><strong>Origene</strong></span> <span class='ocrx_word' id='word_1_180' title='bbox 1276 2713 1356 2776; x_wconf 88' lang='lat' dir='ltr'><strong>certi</strong></span> 
     </span>
     <span class='ocr_line' id='line_1_25' title="bbox 238 2809 1358 2894; baseline 0.002 -22"><span class='ocrx_word' id='word_1_181' title='bbox 238 2809 319 2894; x_wconf 89' lang='lat' dir='ltr'><strong>quid</strong></span> <span class='ocrx_word' id='word_1_182' title='bbox 350 2819 521 2892; x_wconf 85' lang='lat' dir='ltr'><strong>statuatur,</strong></span> <span class='ocrx_word' id='word_1_183' title='bbox 545 2811 619 2874; x_wconf 90' lang='lat' dir='ltr'><strong>fusa</strong></span> <span class='ocrx_word' id='word_1_184' title='bbox 643 2832 751 2874; x_wconf 75' lang='lat' dir='ltr'><strong>hermu</strong></span> <span class='ocrx_word' id='word_1_185' title='bbox 785 2821 818 2874; x_wconf 89' lang='lat' dir='ltr'><strong>et</strong></span> <span class='ocrx_word' id='word_1_186' title='bbox 841 2811 1065 2874; x_wconf 73' lang='lat' dir='ltr'><strong>doctrinarum</strong></span> <span class='ocrx_word' id='word_1_187' title='bbox 1090 2810 1271 2894; x_wconf 91' lang='lat' dir='ltr'><strong>requiritur</strong></span> <span class='ocrx_word' id='word_1_188' title='bbox 1296 2810 1358 2874; x_wconf 90' lang='lat' dir='ltr'><strong>dis·</strong></span> 
     </span>
     <span class='ocr_line' id='line_1_26' title="bbox 238 2905 1358 2993; baseline 0 -23"><span class='ocrx_word' id='word_1_189' title='bbox 238 2909 361 2989; x_wconf 69' lang='lat' dir='ltr'><strong>cussio,</strong></span> <span class='ocrx_word' id='word_1_190' title='bbox 386 2907 582 2992; x_wconf 86' lang='lat' dir='ltr'><strong>Apologiam</strong></span> <span class='ocrx_word' id='word_1_191' title='bbox 607 2909 677 2993; x_wconf 90' lang='lat' dir='ltr'><strong>ejus</strong></span> <span class='ocrx_word' id='word_1_192' title='bbox 700 2919 809 2972; x_wconf 89' lang='lat' dir='ltr'><strong>nostro</strong></span> <span class='ocrx_word' id='word_1_193' title='bbox 833 2919 980 2992; x_wconf 87' lang='lat' dir='ltr'><strong>tempore</strong></span> <span class='ocrx_word' id='word_1_194' title='bbox 1003 2911 1110 2972; x_wconf 86' lang='lat' dir='ltr'><strong>texuit</strong></span> <span class='ocrx_word' id='word_1_195' title='bbox 1132 2906 1172 2970; x_wconf 93' lang='lat' dir='ltr'><strong>cl.</strong></span> <span class='ocrx_word' id='word_1_196' title='bbox 1197 2905 1358 2990; x_wconf 84' lang='lat' dir='ltr'><strong>Aloysius</strong></span> 
     </span>
    </p>

    <p class='ocr_par' dir='ltr' id='par_1_5' title="bbox 238 3003 1356 3091">
     <span class='ocr_line' id='line_1_27' title="bbox 238 3003 1356 3091; baseline 0 -23"><span class='ocrx_word' id='word_1_197' title='bbox 238 3005 411 3069; x_wconf 88' lang='lat' dir='ltr'><strong>Vicentius</strong></span> <span class='ocrx_word' id='word_1_198' title='bbox 443 3007 663 3070; x_wconf 87' lang='lat' dir='ltr'><strong>eruditissimo</strong></span> <span class='ocrx_word' id='word_1_199' title='bbox 697 3017 838 3091; x_wconf 89' lang='lat' dir='ltr'><strong>quatuor</strong></span> <span class='ocrx_word' id='word_1_200' title='bbox 870 3005 1075 3069; x_wconf 89' lang='lat' dir='ltr'><strong>voluminum</strong></span> <span class='ocrx_word' id='word_1_201' title='bbox 1103 3026 1215 3090; x_wconf 87' lang='lat' dir='ltr'><strong>opere:</strong></span> <span class='ocrx_word' id='word_1_202' title='bbox 1258 3006 1301 3068; x_wconf 84' lang='lat' dir='ltr'><strong>Ia</strong></span> <span class='ocrx_word' id='word_1_203' title='bbox 1326 3003 1356 3068; x_wconf 80' lang='lat' dir='ltr'><strong>S.</strong></span> 
     </span>
    </p>

    <p class='ocr_par' dir='ltr' id='par_1_6' title="bbox 137 3085 1426 3380">
     <span class='ocr_line' id='line_1_28' title="bbox 242 3100 1179 3189; baseline -0.001 -23"><span class='ocrx_word' id='word_1_204' title='bbox 242 3100 388 3188; x_wconf 58' lang='lat' dir='ltr'><strong>Gregorii</strong></span> <span class='ocrx_word' id='word_1_205' title='bbox 413 3105 554 3189; x_wconf 79' lang='lat' dir='ltr'><strong>Nysscac‘</strong></span> <span class='ocrx_word' id='word_1_206' title='bbox 576 3115 605 3166; x_wconf 88' lang='lat' dir='ltr'><strong>ct</strong></span> <span class='ocrx_word' id='word_1_207' title='bbox 633 3105 777 3188; x_wconf 62' lang='lat' dir='ltr'><strong>capam</strong></span> <span class='ocrx_word' id='word_1_208' title='bbox 800 3106 920 3188; x_wconf 82' lang='lat' dir='ltr'><strong>scripta</strong></span> <span class='ocrx_word' id='word_1_209' title='bbox 943 3114 973 3166; x_wconf 87' lang='lat' dir='ltr'><strong>et</strong></span> <span class='ocrx_word' id='word_1_210' title='bbox 995 3103 1179 3167; x_wconf 62' lang='lat' dir='ltr'><strong>doctrinam.</strong></span> 
     </span>
     <span class='ocr_line' id='line_1_29' title="bbox 137 3199 1357 3286; baseline -0.003 -20"><span class='ocrx_word' id='word_1_211' title='bbox 137 3237 218 3268; x_wconf 71' lang='lat' dir='ltr'><strong>urus.</strong></span> <span class='ocrx_word' id='word_1_212' title='bbox 329 3201 380 3266; x_wconf 90' lang='grc'><strong>13.</strong></span> <span class='ocrx_word' id='word_1_213' title='bbox 405 3202 438 3266; x_wconf 85' lang='lat' dir='ltr'><strong>S.</strong></span> <span class='ocrx_word' id='word_1_214' title='bbox 463 3203 688 3266; x_wconf 88' lang='lat' dir='ltr'><strong>Anterus</strong></span> <span class='ocrx_word' id='word_1_215' title='bbox 712 3223 742 3265; x_wconf 89' lang='lat' dir='ltr'><strong>a.</strong></span> <span class='ocrx_word' id='word_1_216' title='bbox 766 3201 831 3264; x_wconf 78' lang='lat'><strong>236</strong></span> <span class='ocrx_word' id='word_1_217' title='bbox 860 3203 1018 3264; x_wconf 91' lang='lat' dir='ltr'><strong>successit</strong></span> <span class='ocrx_word' id='word_1_218' title='bbox 1041 3201 1074 3266; x_wconf 82' lang='lat' dir='ltr'><strong>S.</strong></span> <span class='ocrx_word' id='word_1_219' title='bbox 1099 3200 1272 3281; x_wconf 88' lang='lat' dir='ltr'><strong>Pontiano,</strong></span> <span class='ocrx_word' id='word_1_220' title='bbox 1300 3199 1357 3286; x_wconf 89' lang='lat' dir='ltr'><strong>qui</strong></span> 
     </span>
     <span class='ocr_line' id='line_1_30' title="bbox 238 3298 1358 3380; baseline -0.002 -18"><span class='ocrx_word' id='word_1_221' title='bbox 238 3301 271 3362; x_wconf 90' lang='lat' dir='ltr'><strong>in</strong></span> <span class='ocrx_word' id='word_1_222' title='bbox 305 3298 412 3364; x_wconf 84' lang='lat' dir='ltr'><strong>insula</strong></span> <span class='ocrx_word' id='word_1_223' title='bbox 444 3300 599 3364; x_wconf 70' lang='lat' dir='ltr'><strong>Sardinia</strong></span> <span class='ocrx_word' id='word_1_224' title='bbox 631 3308 778 3364; x_wconf 90' lang='lat' dir='ltr'><strong>mortuus</strong></span> <span class='ocrx_word' id='word_1_225' title='bbox 812 3309 869 3364; x_wconf 90' lang='lat' dir='ltr'><strong>est.</strong></span> <span class='ocrx_word' id='word_1_226' title='bbox 917 3299 1117 3362; x_wconf 82' lang='lat' dir='ltr'><strong>Brevissima</strong></span> <span class='ocrx_word' id='word_1_227' title='bbox 1141 3307 1289 3380; x_wconf 90' lang='lat' dir='ltr'><strong>tempore</strong></span> <span class='ocrx_word' id='word_1_228' title='bbox 1317 3309 1358 3360; x_wconf 86' lang='lat' dir='ltr'><strong>te·</strong></span> 
     </span>
    </p>

    <p class='ocr_par' dir='ltr' id='par_1_7' title="bbox 239 3391 1425 3482">
     <span class='ocr_line' id='line_1_31' title="bbox 239 3391 1425 3482; baseline -0.002 -22"><span class='ocrx_word' id='word_1_229' title='bbox 239 3398 311 3461; x_wconf 89' lang='lat' dir='ltr'><strong>uuit</strong></span> <span class='ocrx_word' id='word_1_230' title='bbox 333 3397 571 3482; x_wconf 89' lang='lat' dir='ltr'><strong>pontificatum.</strong></span> <span class='ocrx_word' id='word_1_231' title='bbox 619 3397 738 3460; x_wconf 90' lang='lat' dir='ltr'><strong>Paucis</strong></span> <span class='ocrx_word' id='word_1_232' title='bbox 771 3395 882 3458; x_wconf 88' lang='lat' dir='ltr'><strong>verbis</strong></span> <span class='ocrx_word' id='word_1_233' title='bbox 912 3395 953 3460; x_wconf 90' lang='lat' dir='ltr'><strong>de</strong></span> <span class='ocrx_word' id='word_1_234' title='bbox 977 3397 1048 3481; x_wconf 89' lang='lat' dir='ltr'><strong>ipso</strong></span> <span class='ocrx_word' id='word_1_235' title='bbox 1072 3395 1154 3460; x_wconf 92' lang='lat' dir='ltr'><strong>dicit</strong></span> <span class='ocrx_word' id='word_1_236' title='bbox 1177 3391 1359 3479; x_wconf 68' lang='lat' dir='ltr'><strong>conlegas</strong></span> <span class='ocrx_word' id='word_1_237' title='bbox 1424 3471 1425 3478; x_wconf 8' lang='grc' dir='ltr'>ἵ</span> 
     </span>
    </p>

    <p class='ocr_par' dir='ltr' id='par_1_8' title="bbox 238 3491 1425 3595">
     <span class='ocr_line' id='line_1_32' title="bbox 238 3491 1361 3570; baseline 0 -14"><span class='ocrx_word' id='word_1_238' title='bbox 238 3493 453 3558; x_wconf 88' lang='lat' dir='ltr'><strong>Liberianus:</strong></span> <span class='ocrx_word' id='word_1_239' title='bbox 492 3495 626 3558; x_wconf 83' lang='lat' dir='ltr'><strong>Anteros</strong></span> <span class='ocrx_word' id='word_1_240' title='bbox 657 3517 759 3556; x_wconf 82' lang='lat' dir='ltr'><strong>mcoac</strong></span> <span class='ocrx_word' id='word_1_241' title='bbox 782 3515 855 3570; x_wconf 83' lang='lat' dir='ltr'><strong>uno,</strong></span> <span class='ocrx_word' id='word_1_242' title='bbox 887 3494 997 3556; x_wconf 77' lang='lat' dir='ltr'><strong>dictas</strong></span> <span class='ocrx_word' id='word_1_243' title='bbox 1025 3494 1136 3569; x_wconf 85' lang='lat' dir='ltr'><strong>decem,</strong></span> <span class='ocrx_word' id='word_1_244' title='bbox 1167 3491 1282 3555; x_wconf 76' lang='lat' dir='ltr'><strong>demit</strong></span> <span class='ocrx_word' id='word_1_245' title='bbox 1311 3493 1361 3556; x_wconf 87' lang='lat' dir='ltr'><strong>Ill</strong></span> 
     </span>
    </p>

    <p class='ocr_par' dir='ltr' id='par_1_9' title="bbox 238 3589 1356 3677">
     <span class='ocr_line' id='line_1_33' title="bbox 238 3589 1356 3677; baseline -0.002 -23"><span class='ocrx_word' id='word_1_246' title='bbox 238 3613 338 3654; x_wconf 79' lang='lat' dir='ltr'><strong>nonas</strong></span> <span class='ocrx_word' id='word_1_247' title='bbox 360 3591 526 3668; x_wconf 76' lang='lat' dir='ltr'><strong>Jarramn&#39;i,</strong></span> <span class='ocrx_word' id='word_1_248' title='bbox 552 3593 730 3654; x_wconf 65' lang='lat' dir='ltr'><strong>Maximino</strong></span> <span class='ocrx_word' id='word_1_249' title='bbox 761 3603 790 3654; x_wconf 89' lang='lat' dir='ltr'><strong>ct</strong></span> <span class='ocrx_word' id='word_1_250' title='bbox 814 3591 970 3677; x_wconf 73' lang='lat' dir='ltr'><strong>Africano</strong></span> <span class='ocrx_word' id='word_1_251' title='bbox 994 3590 1180 3654; x_wconf 72' lang='lat' dir='ltr'><strong>somatibus.</strong></span> <span class='ocrx_word' id='word_1_252' title='bbox 1228 3589 1268 3653; x_wconf 87' lang='lat' dir='ltr'><strong>ln</strong></span> <span class='ocrx_word' id='word_1_253' title='bbox 1294 3589 1356 3656; x_wconf 74' lang='lat' dir='ltr'><strong>Ca·</strong></span> 
     </span>
    </p>

    <p class='ocr_par' dir='ltr' id='par_1_10' title="bbox 238 3687 1356 3774">
     <span class='ocr_line' id='line_1_34' title="bbox 238 3687 1356 3774; baseline -0.002 -22"><span class='ocrx_word' id='word_1_254' title='bbox 238 3687 344 3772; x_wconf 88' lang='lat' dir='ltr'><strong>talogo</strong></span> <span class='ocrx_word' id='word_1_255' title='bbox 370 3689 537 3752; x_wconf 86' lang='lat' dir='ltr'><strong>Feliciano</strong></span> <span class='ocrx_word' id='word_1_256' title='bbox 573 3690 673 3752; x_wconf 88' lang='lat' dir='ltr'><strong>ctiam</strong></span> <span class='ocrx_word' id='word_1_257' title='bbox 696 3688 853 3752; x_wconf 86' lang='lat' dir='ltr'><strong>habetur:</strong></span> <span class='ocrx_word' id='word_1_258' title='bbox 888 3689 950 3752; x_wconf 85' lang='lat' dir='ltr'><strong>Hie</strong></span> <span class='ocrx_word' id='word_1_259' title='bbox 971 3699 1059 3774; x_wconf 77' lang='lat' dir='ltr'><strong>pcata</strong></span> <span class='ocrx_word' id='word_1_260' title='bbox 1085 3697 1258 3772; x_wconf 74' lang='lat' dir='ltr'><strong>martyriae</strong></span> <span class='ocrx_word' id='word_1_261' title='bbox 1281 3687 1356 3752; x_wconf 75' lang='lat' dir='ltr'><strong>‹tilt-</strong></span> 
     </span>
    </p>

    <p class='ocr_par' dir='ltr' id='par_1_11' title="bbox 237 3785 1356 3872">
     <span class='ocr_line' id='line_1_35' title="bbox 237 3785 1356 3872; baseline 0 -23"><span class='ocrx_word' id='word_1_262' title='bbox 237 3797 343 3872; x_wconf 78' lang='lat' dir='ltr'><strong>peoter</strong></span> <span class='ocrx_word' id='word_1_263' title='bbox 375 3811 396 3849; x_wconf 86' lang='lat' dir='ltr'><strong>a</strong></span> <span class='ocrx_word' id='word_1_264' title='bbox 427 3788 563 3851; x_wconf 66' lang='lat' dir='ltr'><strong>notariis</strong></span> <span class='ocrx_word' id='word_1_265' title='bbox 586 3787 764 3871; x_wconf 77' lang='lat' dir='ltr'><strong>caeqn&#39;raios&#39;t,</strong></span> <span class='ocrx_word' id='word_1_266' title='bbox 782 3797 916 3871; x_wconf 81' lang='lat' dir='ltr'><strong>propter·</strong></span> <span class='ocrx_word' id='word_1_267' title='bbox 948 3787 1075 3872; x_wconf 80' lang='lat' dir='ltr'><strong>quoda</strong></span> <span class='ocrx_word' id='word_1_268' title='bbox 1098 3785 1242 3848; x_wconf 68' lang='lat' dir='ltr'><strong>Marciam</strong></span> <span class='ocrx_word' id='word_1_269' title='bbox 1268 3785 1356 3850; x_wconf 75' lang='lat' dir='ltr'><strong>Free</strong></span> 
     </span>
    </p>

    <p class='ocr_par' dir='ltr' id='par_1_12' title="bbox 237 3881 1356 3971">
     <span class='ocr_line' id='line_1_36' title="bbox 237 3881 1356 3971; baseline 0 -23"><span class='ocrx_word' id='word_1_270' title='bbox 237 3885 341 3971; x_wconf 78' lang='lat' dir='ltr'><strong>hytcro</strong></span> <span class='ocrx_word' id='word_1_271' title='bbox 366 3884 462 3970; x_wconf 90' lang='lat' dir='ltr'><strong>(corr.</strong></span> <span class='ocrx_word' id='word_1_272' title='bbox 485 3881 669 3964; x_wconf 73' lang='lat' dir='ltr'><strong>Praefecto)</strong></span> <span class='ocrx_word' id='word_1_273' title='bbox 700 3895 821 3969; x_wconf 81' lang='lat' dir='ltr'><strong>martyr</strong></span> <span class='ocrx_word' id='word_1_274' title='bbox 844 3881 968 3968; x_wconf 81' lang='lat' dir='ltr'><strong>effectas</strong></span> <span class='ocrx_word' id='word_1_275' title='bbox 1000 3895 1054 3947; x_wconf 86' lang='lat' dir='ltr'><strong>cst.</strong></span> <span class='ocrx_word' id='word_1_276' title='bbox 1103 3883 1165 3946; x_wconf 83' lang='lat' dir='ltr'><strong>Hic</strong></span> <span class='ocrx_word' id='word_1_277' title='bbox 1193 3883 1356 3948; x_wconf 78' lang='lat' dir='ltr'><strong>ordinavit</strong></span> 
     </span>
    </p>

    <p class='ocr_par' dir='ltr' id='par_1_13' title="bbox 237 3977 1357 4070">
     <span class='ocr_line' id='line_1_37' title="bbox 237 3977 1357 4070; baseline -0.002 -24"><span class='ocrx_word' id='word_1_278' title='bbox 237 4005 332 4048; x_wconf 75' lang='lat' dir='ltr'><strong>rasam</strong></span> <span class='ocrx_word' id='word_1_279' title='bbox 371 3985 567 4070; x_wconf 71' lang='lat' dir='ltr'><strong>episcopam,</strong></span> <span class='ocrx_word' id='word_1_280' title='bbox 604 3983 658 4068; x_wconf 80' lang='lat' dir='ltr'><strong>qai</strong></span> <span class='ocrx_word' id='word_1_281' title='bbox 697 3980 836 4067; x_wconf 75' lang='lat' dir='ltr'><strong>sepultos</strong></span> <span class='ocrx_word' id='word_1_282' title='bbox 867 3991 914 4046; x_wconf 85' lang='lat' dir='ltr'><strong>est</strong></span> <span class='ocrx_word' id='word_1_283' title='bbox 945 3983 980 4044; x_wconf 83' lang='lat' dir='ltr'><strong>in</strong></span> <span class='ocrx_word' id='word_1_284' title='bbox 1012 3981 1190 4046; x_wconf 65' lang='lat' dir='ltr'><strong>ocaeano</strong></span> <span class='ocrx_word' id='word_1_285' title='bbox 1228 3977 1357 4046; x_wconf 72' lang='lat' dir='ltr'><strong>Callisti</strong></span> 
     </span>
    </p>

    <p class='ocr_par' dir='ltr' id='par_1_14' title="bbox 237 4077 1353 4164">
     <span class='ocr_line' id='line_1_38' title="bbox 237 4077 1353 4164; baseline -0.002 -22"><span class='ocrx_word' id='word_1_286' title='bbox 237 4079 291 4142; x_wconf 82' lang='lat' dir='ltr'><strong>oia</strong></span> <span class='ocrx_word' id='word_1_287' title='bbox 305 4081 415 4164; x_wconf 83' lang='lat' dir='ltr'><strong>Appio</strong></span> <span class='ocrx_word' id='word_1_288' title='bbox 428 4079 592 4144; x_wconf 82' lang='lat' dir='ltr'><strong>IVooaos</strong></span> <span class='ocrx_word' id='word_1_289' title='bbox 605 4079 634 4144; x_wconf 83' lang='lat' dir='ltr'><strong><em>J</em></strong></span> <span class='ocrx_word' id='word_1_290' title='bbox 632 4079 771 4156; x_wconf 68' lang='lat' dir='ltr'><strong>emeat,</strong></span> <span class='ocrx_word' id='word_1_291' title='bbox 797 4089 827 4142; x_wconf 86' lang='lat' dir='ltr'><strong>et</strong></span> <span class='ocrx_word' id='word_1_292' title='bbox 840 4079 972 4144; x_wconf 60' lang='lat' dir='ltr'><strong>erasm</strong></span> <span class='ocrx_word' id='word_1_293' title='bbox 986 4081 1185 4164; x_wconf 69' lang='lat' dir='ltr'><strong>episcopatum</strong></span> <span class='ocrx_word' id='word_1_294' title='bbox 1198 4077 1270 4142; x_wconf 80' lang='lat' dir='ltr'><strong>dier</strong></span> <span class='ocrx_word' id='word_1_295' title='bbox 1282 4079 1353 4144; x_wconf 78' lang='lat' dir='ltr'><strong>deso.</strong></span> 
     </span>
    </p>

    <p class='ocr_par' dir='ltr' id='par_1_15' title="bbox 76 4175 1353 4263">
     <span class='ocr_line' id='line_1_39' title="bbox 76 4175 1353 4263; baseline 0.002 -27"><span class='ocrx_word' id='word_1_296' title='bbox 76 4195 220 4239; x_wconf 63' lang='lat' dir='ltr'><strong>surum.</strong></span> <span class='ocrx_word' id='word_1_297' title='bbox 329 4177 380 4242; x_wconf 84' lang='lat'><strong>14.</strong></span> <span class='ocrx_word' id='word_1_298' title='bbox 404 4177 437 4242; x_wconf 83' lang='lat' dir='ltr'><strong>S.</strong></span> <span class='ocrx_word' id='word_1_299' title='bbox 463 4176 745 4260; x_wconf 85' lang='lat' dir='ltr'><strong>Fabianus,</strong></span> <span class='ocrx_word' id='word_1_300' title='bbox 784 4178 840 4263; x_wconf 91' lang='lat' dir='ltr'><strong>qui</strong></span> <span class='ocrx_word' id='word_1_301' title='bbox 879 4175 1004 4242; x_wconf 81' lang='lat' dir='ltr'><strong>Autero</strong></span> <span class='ocrx_word' id='word_1_302' title='bbox 1041 4176 1218 4258; x_wconf 82' lang='lat' dir='ltr'><strong>successit,</strong></span> <span class='ocrx_word' id='word_1_303' title='bbox 1257 4175 1353 4242; x_wconf 79' lang='lat' dir='ltr'><strong>valde</strong></span> 
     </span>
    </p>
   </div>
   <div class='ocr_carea' id='block_1_3' title="bbox 0 0 1442 4814">
    <p class='ocr_par' dir='ltr' id='par_1_16' title="bbox 0 0 1442 4814">
     <span class='ocr_line' id='line_1_40' title="bbox 0 0 1442 4814; baseline 0 0"><span class='ocrx_word' id='word_1_304' title='bbox 0 0 1442 4814; x_wconf 95' lang='lat' dir='ltr'><strong> </strong></span> 
     </span>
    </p>
   </div>
  </div>
 </body>
</html>
