2900 4800
399 467 513 524 Honor-ii
531 469 662 538 epistotae
680 471 875 539 expenduntur.
1142 473 1197 528 429

77 611 161 680 baec
183 611 430 676 animadverte:
456 611 623 677 Honorius
638 635 741 700 quum
760 625 933 700 utramque
949 627 1101 681 hamram
1125 640 1195 704 ope·

79 712 226 776 ratricem
249 732 320 774 esse
343 719 375 776 et
392 712 532 796 propria
546 713 675 796 operari
699 713 909 798 profiteatur,
934 735 971 778 eo
995 715 1067 799 ipso
1090 714 1196 802 impli-

78 809 144 872 cite
166 807 294 872 ratione
310 809 473 894 principii
494 831 553 893 qao
577 807 744 894 duplicem
769 808 949 874 inebriato
972 813 1196 897 operationem

78 927 150 972 esse
174 907 297 971 statuit.
344 906 410 974 Sed
434 928 535 991 quum
559 906 720 971 materiali
753 909 827 972 usui
852 908 1030 974 verborum
1052 911 1198 974 intentus

78 1013 183 1085 esset',
207 1001 417 1085 advertebat,
436 1006 536 1090 juxta
550 1004 745 1090 Apostolum
760 1005 802 1070 de
817 1005 993 1094 multiplici
1008 1009 1198 1093 operatione

80 1121 264 1166 sermonem
289 1123 358 1166 esse
381 1123 495 1188 posse,
519 1113 682 1188 quatenus
702 1102 859 1168 videlicet
872 1105 1078 1190 operationes
1101 1103 1197 1169 deno·

80 1200 201 1266 minari
225 1208 258 1264 et
280 1199 434 1266 distribui
458 1209 595 1286 possunt
612 1203 739 1266 ratione
755 1203 895 1281 termini,
919 1201 973 1266 vel
995 1203 1123 1266 ratione
1146 1203 1199 1266 do

79 1321 192 1362 aarum
215 1295 357 1382 Spiritus
388 1296 508 1364 Sancti.
557 1297 669 1378 Quum
701 1311 871 1386 praeterea
893 1302 1042 1383 timeret,
1068 1323 1108 1364 ne
1132 1321 1199 1366 vox

81 1395 224 1462 duarum
247 1397 475 1480 operationum
499 1398 533 1461 in
566 1396 791 1482 simplicibus,
816 1399 873 1484 qui
896 1397 1122 1483 theologorum
1146 1420 1200 1462 ex-

80 1493 277 1580 plicationes
300 1501 454 1558 atroces
477 1515 544 1559 non
567 1493 774 1578 intelligunt,
799 1497 956 1560 novitatis
979 1497 1199 1582 suspicionem

81 1593 243 1656 excitaret
265 1601 299 1656 et
320 1613 437 1678 pacem
453 1592 620 1674 turbaret,
645 1592 827 1658 consultius
841 1591 977 1674 habuit,
1002 1595 1088 1658 siant
1102 1595 1201 1658 unius

81 1691 282 1776 operationis
314 1711 414 1776 quam
446 1691 576 1776 rejicit,
607 1693 653 1754 ita
683 1693 783 1756 etiam
807 1691 949 1756 duarum
973 1694 1201 1776 operationum

81 1797 254 1852 externam
287 1797 319 1852 et
349 1787 552 1854 materialem
586 1791 865 1875 computationem
896 1797 930 1852 et
957 1791 1201 1874 expressionem

83 1888 230 1966 evitare,
256 1895 289 1950 et
311 1885 385 1950 aliis
416 1885 527 1951 verbis
550 1889 610 1968 uti,
635 1886 757 1972 quibus
786 1897 897 1951 tamar
921 1907 1002 1950 vera
1025 1886 1103 1950 fidei
1128 1887 1201 1952 doo-

81 1986 171 2048 trina
194 1981 451 2069 exprimebatur.

171 2082 227 2148 59.
252 2081 475 2167 Epistularum
484 2081 625 2147 Honorii
644 2103 756 2168 scopae
770 2083 810 2146 3ο
832 2081 1020 2146 nullatenus
1043 2092 1121 2164 orat,
1146 2081 1202 2147 ali·
1250 2123 1330 2176 ΒΜ

83 2201 184 2266 qaam
198 2179 368 2244 doctrinae
379 2179 605 2244 definitionem
622 2179 664 2244 de
678 2203 745 2244 una
760 2179 813 2244 vol
823 2179 949 2265 duplici
961 2177 1082 2244 Christi
1091 2199 1202 2265 opera-
1211 2186 1356 2238 aarum·

83 2280 174 2342 tione
190 2275 364 2360 exhibere,
382 2299 443 2342 nec
458 2277 525 2342 ulla
538 2278 706 2342 doctrinae
720 2277 882 2358 definitio,
899 2279 947 2342 nti
958 2277 1031 2363 jam
1046 2276 1202 2358 diximus,

85 2378 121 2442 in
145 2377 186 2440 iis
209 2373 273 2440 hac
296 2375 337 2440 de
360 2397 397 2439 re
420 2377 616 2442 continetur.
663 2375 758 2440 Finis
774 2375 986 2462 epistolarum
1010 2383 1058 2438 est
1073 2384 1203 2440 tantum

87 2475 292 2560 exprimere,
316 2473 398 2560 qnid
414 2474 581 2538 Honorius
599 2475 720 2538 sentiat
742 2472 784 2538 de
800 2475 1045 2559 opportunitate
1067 2475 1205 2538 rationis

86 2571 207 2658 egendi
232 2571 338 2656 Sergii
362 2583 395 2636 et
419 2570 497 2657 Cyri
509 2622 517 2652 ,
551 2574 607 2657 qui
631 2580 870 2654 convenerant,
894 2593 1002 2658 neque
1025 2593 1126 2636 unam
1150 2593 1205 2636 ne·

87 2693 152 2758 que
185 2669 269 2734 (luas
301 2691 557 2735 commemorare
590 2671 795 2756 operationes
819 2669 952 2736 Christi.
997 2670 1068 2734 Nec
1095 2668 1205 2756 quoad

86 2769 175 2834 hanc
198 2769 440 2854 quaestionem,
465 2789 565 2853 quam
589 2777 626 2832 ut
643 2769 869 2853 quaestionem
893 2768 934 2832 dc
957 2766 1120 2832 materiali
1144 2789 1205 2830 usn

87 2865 327 2932 vocabulorum
351 2867 520 2931 Honorius
543 2865 794 2947 considerabat,
819 2867 888 2950 ipse
912 2875 949 2929 ut
972 2863 1081 2949 Caput
1094 2862 1206 2928 Eccle-

87 2969 157 3032 siae
189 2963 324 3052 aliquod
358 2964 527 3030 decretum
551 2964 801 3051 praeceptivum
834 2964 972 3043 emittit,
987 2962 1054 3026 sed
1077 2971 1206 3026 tautum

88 3061 282 3148 comprobet
314 3064 540 3127 oeconomiam
563 3063 746 3148 practicam
775 3059 905 3125 illorum
928 3059 1206 3140 Patriarcharum,

87 3173 187 3248 atque
211 3159 374 3239 hortatur,
398 3169 435 3224 ut
457 3183 559 3246 quum
575 3159 632 3224 illa
647 3158 809 3225 voeabula
822 3157 897 3222 lites
919 3158 1083 3236 excitent,
1107 3158 1207 3222 etiam

87 3263 314 3345 inposterum
339 3281 378 3322 sa
409 3261 543 3324 evitent.
593 3257 756 3323 Caeterum
787 3267 937 3343 quantam
960 3257 1004 3320 ad
1026 3256 1140 3342 dapum
1163 3279 1207 3319 ec·

87 3359 297 3424 clesiasticum
313 3358 474 3443 pertinet,
507 3356 622 3420 scribit
651 3357 686 3420 in
710 3353 847 3441 epistola
880 3353 1039 3431 secunda,
1064 3375 1143 3439 perae
1167 3365 1208 3418 te·

89 3479 162 3521 nere
185 3456 234 3520 vel
250 3455 443 3541 praedicare
471 3455 614 3520 debemus
635 3464 767 3540 propter
798 3453 1033 3538 simplieitatem
1053 3453 1211 3516 hominm

89 3566 119 3620 et
142 3553 357 3639 amputandas
378 3552 615 3616 brente-icatidas
630 3553 846 3637 qrmeetionum
869 3549 1032 3634 ambupee,
1056 3551 1136 3613 siccet
1159 3573 1208 3614 aa·

84 3653 198 3739 perias
220 3651 375 3728 diximus,
396 3671 461 3714 noa
475 3673 572 3714 anam
590 3649 640 3713 rel
654 3649 736 3714 duaa
759 3650 958 3736 operationes
979 3649 1015 3712 in
1037 3649 1210 3712 coadiutore

89 3751 154 3814 Dei
177 3759 208 3812 et
228 3750 384 3814 hortunam
407 3748 556 3832 definire,
580 3747 636 3812 aed
648 3755 796 3832 utraeque
819 3757 955 3810 murras
978 3793 986 3810 .
1012 3793 1020 3810 .
1044 3794 1052 3809 .
1077 3767 1208 3832 operan-

89 3863 135 3918 tes
158 3859 252 3935 atque
275 3849 465 3934 operatrices
497 3846 638 3930 confiteri
664 3845 816 3910 debemus.
849 3892 856 3907 .
883 3893 890 3908 .
916 3843 1104 3930 Aufereatee
1126 3865 1210 3928 erqo,

89 3949 171 4012 sieut
194 3945 351 4022 dicimus,
376 3942 561 4009 scandalum
577 3943 718 4008 novellae
734 3943 939 4019 inventionis,
963 3965 1028 4006 noa
1040 3965 1098 4007 noa
1121 3963 1211 4028 opor-

90 4057 133 4110 tet
156 4067 253 4108 aaam
275 4043 323 4106 cel
356 4043 437 4106 duas
469 4044 668 4130 operationes
696 4041 878 4124 definienter
906 4040 1110 4125 praedicare,
1135 4087 1142 4102 .
1168 4087 1176 4102 .
1201 4087 1209 4102 .

90 4144 145 4210 sed
175 4141 314 4226 confiteri
345 4143 435 4226 ipsae
466 4142 548 4205 dnae
580 4151 714 4206 neaerae
736 4141 772 4203 ia
799 4162 865 4203 aaa
881 4159 1024 4224 persona
1046 4135 1210 4222 inconfiose

85 4242 225 4329 propria
248 4249 421 4326 operantes.
457 4275 499 4286 —
532 4237 662 4303 Verba:
693 4238 770 4302 Noa
793 4236 937 4302 debemus
960 4234 1108 4319 dpiaire,
1133 4283 1140 4298 .
1166 4281 1173 4296 .
1199 4282 1207 4297 .
