<?xml version="1.0" encoding="UTF-8"?>
<!DOCTYPE html PUBLIC "-//W3C//DTD XHTML 1.0 Transitional//EN"
    "http://www.w3.org/TR/xhtml1/DTD/xhtml1-transitional.dtd">
<html xmlns="http://www.w3.org/1999/xhtml" xml:lang="en" lang="en">
 <head>
  <title>
</title>
<meta http-equiv="Content-Type" content="text/html;charset=utf-8" />
  <meta name='ocr-system' content='tesseract 3.04.00' />
  <meta name='ocr-capabilities' content='ocr_page ocr_carea ocr_par ocr_line ocrx_word'/>
</head>
<body>
  <div class='ocr_page' id='page_1' title='image "./dissertationess02junggoog_0230.png"; bbox 0 0 2876 4814; ppageno 0'>
   <div class='ocr_carea' id='block_1_1' title="bbox 470 485 1196 556">
    <p class='ocr_par' dir='ltr' id='par_1_1' title="bbox 470 485 1196 556">
     <span class='ocr_line' id='line_1_1' title="bbox 470 485 1196 556; baseline -0.003 -14"><span class='ocrx_word' id='word_1_1' title='bbox 470 485 756 556; x_wconf 60' lang='lat' dir='ltr'><strong>misenensis</strong></span> <span class='ocrx_word' id='word_1_2' title='bbox 1144 485 1196 540; x_wconf 83' lang='lat' dir='ltr'><strong>sn</strong></span> 
     </span>
    </p>
   </div>
   <div class='ocr_carea' id='block_1_2' title="bbox 85 627 1199 1012">
    <p class='ocr_par' dir='ltr' id='par_1_2' title="bbox 85 627 1199 1012">
     <span class='ocr_line' id='line_1_2' title="bbox 88 627 1199 719; baseline 0 -25"><span class='ocrx_word' id='word_1_3' title='bbox 88 633 168 696; x_wconf 88' lang='lat' dir='ltr'><strong>nitus</strong></span> <span class='ocrx_word' id='word_1_4' title='bbox 192 629 290 696; x_wconf 89' lang='lat' dir='ltr'><strong>titulo</strong></span> <span class='ocrx_word' id='word_1_5' title='bbox 315 631 438 696; x_wconf 77' lang='lat' dir='ltr'><strong>Ponms</strong></span> <span class='ocrx_word' id='word_1_6' title='bbox 452 633 663 719; x_wconf 74' lang='lat' dir='ltr'><strong>Labyrinthm</strong></span> <span class='ocrx_word' id='word_1_7' title='bbox 685 629 715 716; x_wconf 76' lang='lat' dir='ltr'><strong>(d</strong></span> <span class='ocrx_word' id='word_1_8' title='bbox 743 627 855 717; x_wconf 75' lang='grc' dir='ltr'><strong><em>μίκρος</em></strong></span> <span class='ocrx_word' id='word_1_9' title='bbox 868 627 1092 714; x_wconf 45' lang='grc' dir='ltr'><strong>λαβύρινθος»</strong></span> <span class='ocrx_word' id='word_1_10' title='bbox 1115 629 1199 694; x_wconf 89' lang='lat' dir='ltr'><strong>liber</strong></span> 
     </span>
     <span class='ocr_line' id='line_1_3' title="bbox 86 728 1197 816; baseline 0.001 -26"><span class='ocrx_word' id='word_1_11' title='bbox 86 751 157 796; x_wconf 82' lang='lat' dir='ltr'><strong>rem</strong></span> <span class='ocrx_word' id='word_1_12' title='bbox 190 729 385 815; x_wconf 87' lang='lat' dir='ltr'><strong>deperditus</strong></span> <span class='ocrx_word' id='word_1_13' title='bbox 418 737 476 796; x_wconf 87' lang='lat' dir='ltr'><strong>est.</strong></span> <span class='ocrx_word' id='word_1_14' title='bbox 522 731 574 794; x_wconf 82' lang='lat' dir='ltr'><strong>Its</strong></span> <span class='ocrx_word' id='word_1_15' title='bbox 606 733 708 816; x_wconf 83' lang='lat' dir='ltr'><strong>igitur</strong></span> <span class='ocrx_word' id='word_1_16' title='bbox 739 730 899 794; x_wconf 75' lang='lat' dir='ltr'><strong>indirecte</strong></span> <span class='ocrx_word' id='word_1_17' title='bbox 922 728 1118 792; x_wconf 76' lang='lat' dir='ltr'><strong>orthodoxia</strong></span> <span class='ocrx_word' id='word_1_18' title='bbox 1139 729 1197 792; x_wconf 89' lang='lat' dir='ltr'><strong>Ze-</strong></span> 
     </span>
     <span class='ocr_line' id='line_1_4' title="bbox 85 825 1197 914; baseline 0 -24"><span class='ocrx_word' id='word_1_19' title='bbox 85 827 213 912; x_wconf 81' lang='lat' dir='ltr'><strong>phyrini</strong></span> <span class='ocrx_word' id='word_1_20' title='bbox 237 836 354 891; x_wconf 86' lang='lat' dir='ltr'><strong>contra</strong></span> <span class='ocrx_word' id='word_1_21' title='bbox 377 825 561 892; x_wconf 81' lang='lat' dir='ltr'><strong>calumnias</strong></span> <span class='ocrx_word' id='word_1_22' title='bbox 581 827 736 892; x_wconf 79' lang='lat' dir='ltr'><strong>Auctoris</strong></span> <span class='ocrx_word' id='word_1_23' title='bbox 757 825 1102 914; x_wconf 89' lang='lat' dir='ltr'><strong>Philosophoumenon</strong></span> <span class='ocrx_word' id='word_1_24' title='bbox 1126 827 1197 890; x_wconf 83' lang='lat' dir='ltr'><strong>vin-</strong></span> 
     </span>
     <span class='ocr_line' id='line_1_5' title="bbox 86 923 356 1012; baseline 0.007 -24"><span class='ocrx_word' id='word_1_25' title='bbox 86 925 180 990; x_wconf 76' lang='lat' dir='ltr'><strong>dicari</strong></span> <span class='ocrx_word' id='word_1_26' title='bbox 204 933 315 1012; x_wconf 79' lang='lat' dir='ltr'><strong>potest</strong></span> <span class='ocrx_word' id='word_1_27' title='bbox 324 923 356 1011; x_wconf 84' lang='lat'><strong>¹).</strong></span> 
     </span>
    </p>
   </div>
   <div class='ocr_carea' id='block_1_3' title="bbox 84 1019 1198 2480">
    <p class='ocr_par' dir='ltr' id='par_1_3' title="bbox 84 1019 1198 2382">
     <span class='ocr_line' id='line_1_6' title="bbox 165 1019 1196 1107; baseline -0.001 -21"><span class='ocrx_word' id='word_1_28' title='bbox 165 1024 220 1088; x_wconf 82' lang='lat'><strong>61.</strong></span> <span class='ocrx_word' id='word_1_29' title='bbox 246 1023 405 1088; x_wconf 81' lang='lat' dir='ltr'><strong>Attamen</strong></span> <span class='ocrx_word' id='word_1_30' title='bbox 438 1043 514 1087; x_wconf 90' lang='lat' dir='ltr'><strong>cum</strong></span> <span class='ocrx_word' id='word_1_31' title='bbox 546 1022 620 1088; x_wconf 84' lang='lat' dir='ltr'><strong>aliis</strong></span> <span class='ocrx_word' id='word_1_32' title='bbox 656 1045 837 1106; x_wconf 78' lang='lat' dir='ltr'><strong>censemus,</strong></span> <span class='ocrx_word' id='word_1_33' title='bbox 870 1019 1051 1107; x_wconf 88' lang='lat' dir='ltr'><strong>Zephyrini</strong></span> <span class='ocrx_word' id='word_1_34' title='bbox 1084 1020 1196 1102; x_wconf 85' lang='lat' dir='ltr'><strong>verba,</strong></span> 
     </span>
     <span class='ocr_line' id='line_1_7' title="bbox 85 1119 1198 1206; baseline -0.002 -22"><span class='ocrx_word' id='word_1_35' title='bbox 85 1123 175 1186; x_wconf 82' lang='lat' dir='ltr'><strong>etism</strong></span> <span class='ocrx_word' id='word_1_36' title='bbox 200 1123 251 1184; x_wconf 92' lang='lat' dir='ltr'><strong>uti</strong></span> <span class='ocrx_word' id='word_1_37' title='bbox 271 1121 396 1206; x_wconf 83' lang='lat' dir='ltr'><strong>jacent,</strong></span> <span class='ocrx_word' id='word_1_38' title='bbox 420 1141 487 1184; x_wconf 91' lang='lat' dir='ltr'><strong>non</strong></span> <span class='ocrx_word' id='word_1_39' title='bbox 511 1120 668 1185; x_wconf 84' lang='lat' dir='ltr'><strong>exhibere</strong></span> <span class='ocrx_word' id='word_1_40' title='bbox 691 1120 866 1185; x_wconf 85' lang='lat' dir='ltr'><strong>formulam</strong></span> <span class='ocrx_word' id='word_1_41' title='bbox 887 1121 994 1200; x_wconf 72' lang='lat' dir='ltr'><strong>Nutu,</strong></span> <span class='ocrx_word' id='word_1_42' title='bbox 1019 1119 1076 1182; x_wconf 91' lang='lat' dir='ltr'><strong>sed</strong></span> <span class='ocrx_word' id='word_1_43' title='bbox 1100 1141 1198 1183; x_wconf 91' lang='lat' dir='ltr'><strong>sensu</strong></span> 
     </span>
     <span class='ocr_line' id='line_1_8' title="bbox 86 1218 1197 1306; baseline -0.002 -24"><span class='ocrx_word' id='word_1_44' title='bbox 86 1218 263 1283; x_wconf 83' lang='lat' dir='ltr'><strong>orthodoxo</strong></span> <span class='ocrx_word' id='word_1_45' title='bbox 300 1218 461 1304; x_wconf 83' lang='lat' dir='ltr'><strong>explicari</strong></span> <span class='ocrx_word' id='word_1_46' title='bbox 498 1241 611 1306; x_wconf 82' lang='lat' dir='ltr'><strong>posse3</strong></span> <span class='ocrx_word' id='word_1_47' title='bbox 658 1219 780 1282; x_wconf 89' lang='lat' dir='ltr'><strong>debent</strong></span> <span class='ocrx_word' id='word_1_48' title='bbox 812 1239 891 1284; x_wconf 86' lang='lat' dir='ltr'><strong>sune</strong></span> <span class='ocrx_word' id='word_1_49' title='bbox 923 1238 999 1281; x_wconf 90' lang='lat' dir='ltr'><strong>cum</strong></span> <span class='ocrx_word' id='word_1_50' title='bbox 1031 1218 1072 1280; x_wconf 90' lang='lat' dir='ltr'><strong>iis</strong></span> <span class='ocrx_word' id='word_1_51' title='bbox 1099 1218 1197 1302; x_wconf 85' lang='lat' dir='ltr'><strong>jungi</strong></span> 
     </span>
     <span class='ocr_line' id='line_1_9' title="bbox 86 1315 1196 1404; baseline 0.001 -24"><span class='ocrx_word' id='word_1_52' title='bbox 86 1317 251 1382; x_wconf 81' lang='lat' dir='ltr'><strong>ulteriores</strong></span> <span class='ocrx_word' id='word_1_53' title='bbox 275 1315 402 1381; x_wconf 83' lang='lat' dir='ltr'><strong>Callisti</strong></span> <span class='ocrx_word' id='word_1_54' title='bbox 435 1317 682 1402; x_wconf 84' lang='lat' dir='ltr'><strong>explicationes.</strong></span> <span class='ocrx_word' id='word_1_55' title='bbox 729 1317 863 1404; x_wconf 82' lang='lat' dir='ltr'><strong>Optime</strong></span> <span class='ocrx_word' id='word_1_56' title='bbox 895 1315 958 1379; x_wconf 88' lang='lat' dir='ltr'><strong>hac</strong></span> <span class='ocrx_word' id='word_1_57' title='bbox 991 1315 1032 1380; x_wconf 91' lang='lat' dir='ltr'><strong>de</strong></span> <span class='ocrx_word' id='word_1_58' title='bbox 1063 1338 1099 1380; x_wconf 87' lang='lat' dir='ltr'><strong>re</strong></span> <span class='ocrx_word' id='word_1_59' title='bbox 1120 1316 1196 1382; x_wconf 81' lang='lat' dir='ltr'><strong>Em.</strong></span> 
     </span>
     <span class='ocr_line' id='line_1_10' title="bbox 86 1411 1197 1501; baseline 0.002 -24"><span class='ocrx_word' id='word_1_60' title='bbox 86 1415 278 1480; x_wconf 81' lang='lat' dir='ltr'><strong>Frauzelin:</strong></span> <span class='ocrx_word' id='word_1_61' title='bbox 315 1414 530 1498; x_wconf 80' lang='lat' dir='ltr'><strong>„Doctrinam</strong></span> <span class='ocrx_word' id='word_1_62' title='bbox 565 1415 622 1481; x_wconf 89' lang='lat' dir='ltr'><strong>SS.</strong></span> <span class='ocrx_word' id='word_1_63' title='bbox 646 1415 827 1501; x_wconf 85' lang='lat' dir='ltr'><strong>Zephyrini</strong></span> <span class='ocrx_word' id='word_1_64' title='bbox 857 1423 888 1476; x_wconf 91' lang='lat' dir='ltr'><strong>et</strong></span> <span class='ocrx_word' id='word_1_65' title='bbox 911 1411 1038 1478; x_wconf 80' lang='lat' dir='ltr'><strong>Callisti</strong></span> <span class='ocrx_word' id='word_1_66' title='bbox 1062 1414 1104 1478; x_wconf 91' lang='lat' dir='ltr'><strong>de</strong></span> <span class='ocrx_word' id='word_1_67' title='bbox 1127 1416 1197 1479; x_wconf 90' lang='lat' dir='ltr'><strong>uni-</strong></span> 
     </span>
     <span class='ocr_line' id='line_1_11' title="bbox 84 1511 1196 1598; baseline 0 -22"><span class='ocrx_word' id='word_1_68' title='bbox 84 1525 143 1576; x_wconf 80' lang='lat' dir='ltr'><strong>tate</strong></span> <span class='ocrx_word' id='word_1_69' title='bbox 157 1514 270 1578; x_wconf 84' lang='lat' dir='ltr'><strong>Patris</strong></span> <span class='ocrx_word' id='word_1_70' title='bbox 294 1521 327 1574; x_wconf 89' lang='lat' dir='ltr'><strong>et</strong></span> <span class='ocrx_word' id='word_1_71' title='bbox 345 1511 423 1575; x_wconf 84' lang='lat' dir='ltr'><strong>Filii</strong></span> <span class='ocrx_word' id='word_1_72' title='bbox 447 1515 587 1598; x_wconf 84' lang='lat' dir='ltr'><strong>ipsemet</strong></span> <span class='ocrx_word' id='word_1_73' title='bbox 609 1535 722 1578; x_wconf 87' lang='lat' dir='ltr'><strong>eorum</strong></span> <span class='ocrx_word' id='word_1_74' title='bbox 745 1512 955 1577; x_wconf 88' lang='lat' dir='ltr'><strong>adversarius</strong></span> <span class='ocrx_word' id='word_1_75' title='bbox 978 1513 1024 1575; x_wconf 84' lang='lat' dir='ltr'><strong>ita</strong></span> <span class='ocrx_word' id='word_1_76' title='bbox 1046 1511 1196 1576; x_wconf 84' lang='lat' dir='ltr'><strong>exhibet:</strong></span> 
     </span>
     <span class='ocr_line' id='line_1_12' title="bbox 85 1609 1196 1697; baseline 0 -23"><span class='ocrx_word' id='word_1_77' title='bbox 85 1611 291 1696; x_wconf 82' lang='lat' dir='ltr'><strong>Zephyrinus</strong></span> <span class='ocrx_word' id='word_1_78' title='bbox 314 1632 412 1673; x_wconf 86' lang='lat' dir='ltr'><strong>suasu</strong></span> <span class='ocrx_word' id='word_1_79' title='bbox 438 1609 566 1675; x_wconf 80' lang='lat' dir='ltr'><strong>Callisti</strong></span> <span class='ocrx_word' id='word_1_80' title='bbox 590 1611 721 1696; x_wconf 88' lang='lat' dir='ltr'><strong>publice</strong></span> <span class='ocrx_word' id='word_1_81' title='bbox 744 1609 977 1697; x_wconf 82' lang='lat' dir='ltr'><strong>praedicabat:</strong></span> <span class='ocrx_word' id='word_1_82' title='bbox 1010 1610 1093 1696; x_wconf 80' lang='lat' dir='ltr'><strong>‚Ego</strong></span> <span class='ocrx_word' id='word_1_83' title='bbox 1117 1612 1196 1674; x_wconf 85' lang='lat' dir='ltr'><strong>novi</strong></span> 
     </span>
     <span class='ocr_line' id='line_1_13' title="bbox 85 1705 1196 1794; baseline 0.001 -23"><span class='ocrx_word' id='word_1_84' title='bbox 85 1731 177 1773; x_wconf 90' lang='lat' dir='ltr'><strong>unum</strong></span> <span class='ocrx_word' id='word_1_85' title='bbox 214 1709 328 1773; x_wconf 90' lang='lat' dir='ltr'><strong>Deum</strong></span> <span class='ocrx_word' id='word_1_86' title='bbox 362 1705 530 1772; x_wconf 87' lang='lat' dir='ltr'><strong>Christum</strong></span> <span class='ocrx_word' id='word_1_87' title='bbox 563 1709 688 1790; x_wconf 89' lang='lat' dir='ltr'><strong>Jesum,</strong></span> <span class='ocrx_word' id='word_1_88' title='bbox 722 1720 755 1773; x_wconf 89' lang='lat' dir='ltr'><strong>et</strong></span> <span class='ocrx_word' id='word_1_89' title='bbox 786 1716 917 1794; x_wconf 86' lang='lat' dir='ltr'><strong>praeter</strong></span> <span class='ocrx_word' id='word_1_90' title='bbox 947 1705 1038 1770; x_wconf 91' lang='lat' dir='ltr'><strong>hunc</strong></span> <span class='ocrx_word' id='word_1_91' title='bbox 1069 1707 1196 1772; x_wconf 89' lang='lat' dir='ltr'><strong>nullum</strong></span> 
     </span>
     <span class='ocr_line' id='line_1_14' title="bbox 84 1804 1197 1894; baseline -0.002 -24"><span class='ocrx_word' id='word_1_92' title='bbox 84 1807 177 1870; x_wconf 78' lang='lat' dir='ltr'><strong>elium</strong></span> <span class='ocrx_word' id='word_1_93' title='bbox 203 1805 348 1894; x_wconf 85' lang='lat' dir='ltr'><strong>(scilicet</strong></span> <span class='ocrx_word' id='word_1_94' title='bbox 379 1805 506 1870; x_wconf 90' lang='lat' dir='ltr'><strong>nullum</strong></span> <span class='ocrx_word' id='word_1_95' title='bbox 538 1807 640 1870; x_wconf 93' lang='lat' dir='ltr'><strong>alium</strong></span> <span class='ocrx_word' id='word_1_96' title='bbox 663 1805 798 1893; x_wconf 87' lang='lat' dir='ltr'><strong>Deum),</strong></span> <span class='ocrx_word' id='word_1_97' title='bbox 831 1807 888 1892; x_wconf 91' lang='lat' dir='ltr'><strong>qui</strong></span> <span class='ocrx_word' id='word_1_98' title='bbox 912 1804 1023 1892; x_wconf 88' lang='lat' dir='ltr'><strong>(Jesus</strong></span> <span class='ocrx_word' id='word_1_99' title='bbox 1046 1804 1197 1870; x_wconf 87' lang='lat' dir='ltr'><strong>Christus</strong></span> 
     </span>
     <span class='ocr_line' id='line_1_15' title="bbox 85 1901 1197 1992; baseline -0.001 -24"><span class='ocrx_word' id='word_1_100' title='bbox 85 1904 183 1992; x_wconf 86' lang='lat' dir='ltr'><strong>Deus)</strong></span> <span class='ocrx_word' id='word_1_101' title='bbox 217 1915 317 1968; x_wconf 88' lang='lat' dir='ltr'><strong>natus</strong></span> <span class='ocrx_word' id='word_1_102' title='bbox 350 1913 383 1966; x_wconf 90' lang='lat' dir='ltr'><strong>et</strong></span> <span class='ocrx_word' id='word_1_103' title='bbox 404 1925 520 1989; x_wconf 86' lang='lat' dir='ltr'><strong>pessus</strong></span> <span class='ocrx_word' id='word_1_104' title='bbox 543 1909 613 1970; x_wconf 83' lang='lat' dir='ltr'><strong>est‘</strong></span> <span class='ocrx_word' id='word_1_105' title='bbox 660 1904 766 1970; x_wconf 88' lang='lat' dir='ltr'><strong>Simul</strong></span> <span class='ocrx_word' id='word_1_106' title='bbox 798 1925 876 1966; x_wconf 89' lang='lat' dir='ltr'><strong>vero</strong></span> <span class='ocrx_word' id='word_1_107' title='bbox 913 1901 1102 1966; x_wconf 82' lang='lat' dir='ltr'><strong>declarabat</strong></span> <span class='ocrx_word' id='word_1_108' title='bbox 1126 1902 1197 1968; x_wconf 86' lang='lat' dir='ltr'><strong>Cal-</strong></span> 
     </span>
     <span class='ocr_line' id='line_1_16' title="bbox 85 2000 1198 2084; baseline 0.003 -20"><span class='ocrx_word' id='word_1_109' title='bbox 85 2001 189 2066; x_wconf 86' lang='lat' dir='ltr'><strong>listus:</strong></span> <span class='ocrx_word' id='word_1_110' title='bbox 239 2023 318 2084; x_wconf 88' lang='lat' dir='ltr'><strong>‚uon</strong></span> <span class='ocrx_word' id='word_1_111' title='bbox 341 2001 440 2066; x_wconf 84' lang='lat' dir='ltr'><strong>Pater</strong></span> <span class='ocrx_word' id='word_1_112' title='bbox 462 2011 609 2066; x_wconf 76' lang='lat' dir='ltr'><strong>mestuus</strong></span> <span class='ocrx_word' id='word_1_113' title='bbox 641 2011 699 2084; x_wconf 88' lang='lat' dir='ltr'><strong>est,</strong></span> <span class='ocrx_word' id='word_1_114' title='bbox 729 2000 788 2065; x_wconf 90' lang='lat' dir='ltr'><strong>scd</strong></span> <span class='ocrx_word' id='word_1_115' title='bbox 810 2001 937 2065; x_wconf 82' lang='lat' dir='ltr'><strong>Filius‘</strong></span> <span class='ocrx_word' id='word_1_116' title='bbox 982 2001 1198 2067; x_wconf 80' lang='lat' dir='ltr'><strong>Praedicator</strong></span> 
     </span>
     <span class='ocr_line' id='line_1_17' title="bbox 86 2097 1196 2187; baseline 0.001 -24"><span class='ocrx_word' id='word_1_117' title='bbox 86 2103 189 2187; x_wconf 85' lang='lat' dir='ltr'><strong>itaque</strong></span> <span class='ocrx_word' id='word_1_118' title='bbox 204 2101 292 2165; x_wconf 79' lang='lat' dir='ltr'><strong>nlius</strong></span> <span class='ocrx_word' id='word_1_119' title='bbox 306 2099 413 2182; x_wconf 86' lang='lat' dir='ltr'><strong>Pater,</strong></span> <span class='ocrx_word' id='word_1_120' title='bbox 425 2098 509 2165; x_wconf 87' lang='lat' dir='ltr'><strong>alius</strong></span> <span class='ocrx_word' id='word_1_121' title='bbox 524 2099 630 2164; x_wconf 85' lang='lat' dir='ltr'><strong>Filius</strong></span> <span class='ocrx_word' id='word_1_122' title='bbox 641 2097 922 2181; x_wconf 82' lang='lat' dir='ltr'><strong>contraNo’e&#39;tum,</strong></span> <span class='ocrx_word' id='word_1_123' title='bbox 938 2099 995 2162; x_wconf 89' lang='lat' dir='ltr'><strong>sed</strong></span> <span class='ocrx_word' id='word_1_124' title='bbox 1005 2100 1090 2162; x_wconf 88' lang='lat' dir='ltr'><strong>sicut</strong></span> <span class='ocrx_word' id='word_1_125' title='bbox 1105 2097 1196 2164; x_wconf 87' lang='lat' dir='ltr'><strong>Chri-</strong></span> 
     </span>
     <span class='ocr_line' id='line_1_18' title="bbox 86 2195 1197 2282; baseline -0.001 -21"><span class='ocrx_word' id='word_1_126' title='bbox 86 2212 147 2262; x_wconf 85' lang='lat' dir='ltr'><strong>stus</strong></span> <span class='ocrx_word' id='word_1_127' title='bbox 162 2200 330 2263; x_wconf 88' lang='lat' dir='ltr'><strong>Dominus</strong></span> <span class='ocrx_word' id='word_1_128' title='bbox 342 2198 475 2262; x_wconf 83' lang='lat' dir='ltr'><strong>Putrem</strong></span> <span class='ocrx_word' id='word_1_129' title='bbox 490 2197 575 2262; x_wconf 84' lang='lat' dir='ltr'><strong>dixit</strong></span> <span class='ocrx_word' id='word_1_130' title='bbox 589 2197 694 2262; x_wconf 90' lang='lat' dir='ltr'><strong>solum</strong></span> <span class='ocrx_word' id='word_1_131' title='bbox 704 2219 821 2261; x_wconf 88' lang='lat' dir='ltr'><strong>verum</strong></span> <span class='ocrx_word' id='word_1_132' title='bbox 831 2195 981 2282; x_wconf 80' lang='lat' dir='ltr'><strong>Deum¹)‚</strong></span> <span class='ocrx_word' id='word_1_133' title='bbox 993 2198 1039 2260; x_wconf 89' lang='lat' dir='ltr'><strong>ita</strong></span> <span class='ocrx_word' id='word_1_134' title='bbox 1049 2207 1082 2260; x_wconf 90' lang='lat' dir='ltr'><strong>et</strong></span> <span class='ocrx_word' id='word_1_135' title='bbox 1091 2197 1197 2262; x_wconf 84' lang='lat' dir='ltr'><strong>Filius</strong></span> 
     </span>
     <span class='ocr_line' id='line_1_19' title="bbox 87 2294 1194 2382; baseline -0.002 -22"><span class='ocrx_word' id='word_1_136' title='bbox 87 2308 129 2360; x_wconf 85' lang='lat' dir='ltr'><strong>est</strong></span> <span class='ocrx_word' id='word_1_137' title='bbox 150 2297 240 2362; x_wconf 90' lang='lat' dir='ltr'><strong>idem</strong></span> <span class='ocrx_word' id='word_1_138' title='bbox 265 2317 351 2360; x_wconf 90' lang='lat' dir='ltr'><strong>unus</strong></span> <span class='ocrx_word' id='word_1_139' title='bbox 366 2297 472 2378; x_wconf 85' lang='lat' dir='ltr'><strong>Deus,</strong></span> <span class='ocrx_word' id='word_1_140' title='bbox 496 2307 627 2382; x_wconf 87' lang='lat' dir='ltr'><strong>praeter</strong></span> <span class='ocrx_word' id='word_1_141' title='bbox 648 2319 746 2382; x_wconf 85' lang='lat' dir='ltr'><strong>quern</strong></span> <span class='ocrx_word' id='word_1_142' title='bbox 771 2295 879 2359; x_wconf 90' lang='lat' dir='ltr'><strong>nullus</strong></span> <span class='ocrx_word' id='word_1_143' title='bbox 902 2294 986 2359; x_wconf 84' lang='lat' dir='ltr'><strong>alius</strong></span> <span class='ocrx_word' id='word_1_144' title='bbox 999 2296 1092 2360; x_wconf 88' lang='lat' dir='ltr'><strong>Deus</strong></span> <span class='ocrx_word' id='word_1_145' title='bbox 1115 2298 1194 2362; x_wconf 79' lang='lat' dir='ltr'><strong>est.“</strong></span> 
     </span>
    </p>

    <p class='ocr_par' dir='ltr' id='par_1_4' title="bbox 167 2392 1195 2480">
     <span class='ocr_line' id='line_1_20' title="bbox 167 2392 1195 2480; baseline -0.001 -21"><span class='ocrx_word' id='word_1_146' title='bbox 167 2396 222 2460; x_wconf 78' lang='lat'><strong>62.</strong></span> <span class='ocrx_word' id='word_1_147' title='bbox 251 2393 418 2478; x_wconf 81' lang='lat' dir='ltr'><strong>„Ulterius</strong></span> <span class='ocrx_word' id='word_1_148' title='bbox 432 2396 610 2480; x_wconf 84' lang='lat' dir='ltr'><strong>exponitur</strong></span> <span class='ocrx_word' id='word_1_149' title='bbox 624 2395 774 2458; x_wconf 85' lang='lat' dir='ltr'><strong>doctrina</strong></span> <span class='ocrx_word' id='word_1_150' title='bbox 788 2392 915 2458; x_wconf 81' lang='lat' dir='ltr'><strong>Callisti</strong></span> <span class='ocrx_word' id='word_1_151' title='bbox 925 2393 997 2478; x_wconf 86' lang='lat' dir='ltr'><strong>jam</strong></span> <span class='ocrx_word' id='word_1_152' title='bbox 1015 2394 1195 2474; x_wconf 89' lang='lat' dir='ltr'><strong>Pontificis‚</strong></span> 
     </span>
    </p>
   </div>
   <div class='ocr_carea' id='block_1_4' title="bbox 87 2591 1199 3952">
    <p class='ocr_par' dir='ltr' id='par_1_5' title="bbox 87 2591 1199 3952">
     <span class='ocr_line' id='line_1_21' title="bbox 88 2591 1196 2676; baseline 0.003 -22"><span class='ocrx_word' id='word_1_153' title='bbox 88 2615 143 2654; x_wconf 86' lang='lat' dir='ltr'><strong>aon</strong></span> <span class='ocrx_word' id='word_1_154' title='bbox 165 2591 267 2654; x_wconf 79' lang='lat' dir='ltr'><strong>olium</strong></span> <span class='ocrx_word' id='word_1_155' title='bbox 290 2592 436 2676; x_wconf 78' lang='lat' dir='ltr'><strong>spiritum</strong></span> <span class='ocrx_word' id='word_1_156' title='bbox 462 2613 527 2655; x_wconf 80' lang='lat' dir='ltr'><strong>coac</strong></span> <span class='ocrx_word' id='word_1_157' title='bbox 551 2592 677 2655; x_wconf 79' lang='lat' dir='ltr'><strong>Patrem</strong></span> <span class='ocrx_word' id='word_1_158' title='bbox 704 2601 735 2654; x_wconf 85' lang='lat' dir='ltr'><strong>et</strong></span> <span class='ocrx_word' id='word_1_159' title='bbox 761 2591 861 2654; x_wconf 82' lang='lat' dir='ltr'><strong>oliam</strong></span> <span class='ocrx_word' id='word_1_160' title='bbox 888 2592 1035 2676; x_wconf 82' lang='lat' dir='ltr'><strong>spiritum</strong></span> <span class='ocrx_word' id='word_1_161' title='bbox 1056 2615 1121 2656; x_wconf 84' lang='lat' dir='ltr'><strong>csse</strong></span> <span class='ocrx_word' id='word_1_162' title='bbox 1145 2592 1196 2656; x_wconf 72' lang='lat' dir='ltr'><strong>Fl-</strong></span> 
     </span>
     <span class='ocr_line' id='line_1_22' title="bbox 87 2689 1196 2776; baseline 0.003 -26"><span class='ocrx_word' id='word_1_163' title='bbox 87 2689 167 2768; x_wconf 77' lang='lat' dir='ltr'><strong>lr&#39;om,</strong></span> <span class='ocrx_word' id='word_1_164' title='bbox 190 2689 247 2753; x_wconf 80' lang='lat' dir='ltr'><strong>scd</strong></span> <span class='ocrx_word' id='word_1_165' title='bbox 269 2711 366 2750; x_wconf 70' lang='lat' dir='ltr'><strong>umam</strong></span> <span class='ocrx_word' id='word_1_166' title='bbox 389 2689 586 2774; x_wconf 76' lang='lat' dir='ltr'><strong>eumdemque</strong></span> <span class='ocrx_word' id='word_1_167' title='bbox 613 2689 775 2774; x_wconf 68' lang='lat' dir='ltr'><strong>spiritum,⁸</strong></span> <span class='ocrx_word' id='word_1_168' title='bbox 802 2699 832 2752; x_wconf 87' lang='lat' dir='ltr'><strong>et</strong></span> <span class='ocrx_word' id='word_1_169' title='bbox 858 2689 913 2774; x_wconf 78' lang='lat' dir='ltr'><strong>qui</strong></span> <span class='ocrx_word' id='word_1_170' title='bbox 934 2689 970 2750; x_wconf 82' lang='lat' dir='ltr'><strong>in</strong></span> <span class='ocrx_word' id='word_1_171' title='bbox 999 2689 1125 2776; x_wconf 68' lang='lat' dir='ltr'><strong>Virgine</strong></span> <span class='ocrx_word' id='word_1_172' title='bbox 1148 2691 1196 2753; x_wconf 81' lang='lat' dir='ltr'><strong>iu-</strong></span> 
     </span>
     <span class='ocr_line' id='line_1_23' title="bbox 87 2786 1197 2872; baseline 0.005 -24"><span class='ocrx_word' id='word_1_173' title='bbox 87 2799 231 2852; x_wconf 69' lang='lat' dir='ltr'><strong>eunucis</strong></span> <span class='ocrx_word' id='word_1_174' title='bbox 258 2797 321 2864; x_wconf 81' lang='lat' dir='ltr'><strong>est,</strong></span> <span class='ocrx_word' id='word_1_175' title='bbox 349 2807 414 2849; x_wconf 70' lang='lat' dir='ltr'><strong>riou</strong></span> <span class='ocrx_word' id='word_1_176' title='bbox 441 2807 506 2850; x_wconf 83' lang='lat' dir='ltr'><strong>csse</strong></span> <span class='ocrx_word' id='word_1_177' title='bbox 537 2788 684 2872; x_wconf 76' lang='lat' dir='ltr'><strong>spiritum</strong></span> <span class='ocrx_word' id='word_1_178' title='bbox 711 2786 809 2849; x_wconf 85' lang='lat' dir='ltr'><strong>olium</strong></span> <span class='ocrx_word' id='word_1_179' title='bbox 832 2809 925 2872; x_wconf 78' lang='lat' dir='ltr'><strong>quom</strong></span> <span class='ocrx_word' id='word_1_180' title='bbox 948 2786 990 2849; x_wconf 82' lang='lat' dir='ltr'><strong>rit</strong></span> <span class='ocrx_word' id='word_1_181' title='bbox 1012 2787 1118 2867; x_wconf 78' lang='lat' dir='ltr'><strong>Pater,</strong></span> <span class='ocrx_word' id='word_1_182' title='bbox 1143 2790 1197 2852; x_wconf 85' lang='lat' dir='ltr'><strong>sed</strong></span> 
     </span>
     <span class='ocr_line' id='line_1_24' title="bbox 88 2883 1197 2972; baseline 0.003 -24"><span class='ocrx_word' id='word_1_183' title='bbox 88 2909 174 2948; x_wconf 72' lang='lat' dir='ltr'><strong>samu</strong></span> <span class='ocrx_word' id='word_1_184' title='bbox 211 2909 250 2948; x_wconf 86' lang='lat' dir='ltr'><strong>uc</strong></span> <span class='ocrx_word' id='word_1_185' title='bbox 273 2883 412 2947; x_wconf 77' lang='lat' dir='ltr'><strong>eumdem</strong></span> <span class='ocrx_word' id='word_1_186' title='bbox 435 2885 597 2970; x_wconf 60' lang='lat' dir='ltr'><strong>spiritum</strong></span> <span class='ocrx_word' id='word_1_187' title='bbox 633 2885 740 2947; x_wconf 83' lang='lat' dir='ltr'><strong>ethos</strong></span> <span class='ocrx_word' id='word_1_188' title='bbox 764 2885 826 2948; x_wconf 80' lang='lat' dir='ltr'><strong>sihi</strong></span> <span class='ocrx_word' id='word_1_189' title='bbox 860 2885 938 2948; x_wconf 82' lang='lat' dir='ltr'><strong>vello</strong></span> <span class='ocrx_word' id='word_1_190' title='bbox 962 2885 1045 2972; x_wconf 80' lang='lat' dir='ltr'><strong>quod</strong></span> <span class='ocrx_word' id='word_1_191' title='bbox 1080 2885 1197 2951; x_wconf 74' lang='lat' dir='ltr'><strong>(lichum</strong></span> 
     </span>
     <span class='ocr_line' id='line_1_25' title="bbox 88 2981 1197 3068; baseline 0.002 -22"><span class='ocrx_word' id='word_1_192' title='bbox 88 2995 143 3046; x_wconf 79' lang='lat' dir='ltr'><strong>est:</strong></span> <span class='ocrx_word' id='word_1_193' title='bbox 165 2984 243 3048; x_wconf 83' lang='lat' dir='ltr'><strong>Noa</strong></span> <span class='ocrx_word' id='word_1_194' title='bbox 257 2981 370 3061; x_wconf 80' lang='lat' dir='ltr'><strong>credis,</strong></span> <span class='ocrx_word' id='word_1_195' title='bbox 385 2983 461 3068; x_wconf 79' lang='lat' dir='ltr'><strong>quio</strong></span> <span class='ocrx_word' id='word_1_196' title='bbox 476 3005 530 3068; x_wconf 74' lang='lat' dir='ltr'><strong>epo</strong></span> <span class='ocrx_word' id='word_1_197' title='bbox 553 2985 588 3046; x_wconf 84' lang='lat' dir='ltr'><strong>in</strong></span> <span class='ocrx_word' id='word_1_198' title='bbox 603 2981 708 3060; x_wconf 81' lang='lat' dir='ltr'><strong>Putre,</strong></span> <span class='ocrx_word' id='word_1_199' title='bbox 733 2993 763 3045; x_wconf 88' lang='lat' dir='ltr'><strong>ct</strong></span> <span class='ocrx_word' id='word_1_200' title='bbox 786 2983 882 3045; x_wconf 82' lang='lat' dir='ltr'><strong>Pater</strong></span> <span class='ocrx_word' id='word_1_201' title='bbox 904 2984 940 3045; x_wconf 84' lang='lat' dir='ltr'><strong>iu</strong></span> <span class='ocrx_word' id='word_1_202' title='bbox 962 3006 1008 3046; x_wconf 85' lang='lat' dir='ltr'><strong>me</strong></span> <span class='ocrx_word' id='word_1_203' title='bbox 1032 2985 1096 3047; x_wconf 74' lang='lat' dir='ltr'><strong>est?</strong></span> <span class='ocrx_word' id='word_1_204' title='bbox 1120 2985 1197 3048; x_wconf 82' lang='lat' dir='ltr'><strong>Nou</strong></span> 
     </span>
     <span class='ocr_line' id='line_1_26' title="bbox 88 3079 1195 3167; baseline 0.002 -23"><span class='ocrx_word' id='word_1_205' title='bbox 88 3083 171 3159; x_wconf 60' lang='lat' dir='ltr'><strong>emm,</strong></span> <span class='ocrx_word' id='word_1_206' title='bbox 184 3083 300 3167; x_wconf 77' lang='lat' dir='ltr'><strong>iuquit,</strong></span> <span class='ocrx_word' id='word_1_207' title='bbox 315 3080 419 3144; x_wconf 77' lang='lat' dir='ltr'><strong>diuum</strong></span> <span class='ocrx_word' id='word_1_208' title='bbox 437 3079 517 3144; x_wconf 82' lang='lat' dir='ltr'><strong>duos</strong></span> <span class='ocrx_word' id='word_1_209' title='bbox 532 3081 618 3143; x_wconf 84' lang='lat' dir='ltr'><strong>Deos</strong></span> <span class='ocrx_word' id='word_1_210' title='bbox 637 3081 763 3144; x_wconf 66' lang='lat' dir='ltr'><strong>Panem</strong></span> <span class='ocrx_word' id='word_1_211' title='bbox 786 3091 817 3144; x_wconf 86' lang='lat' dir='ltr'><strong>et</strong></span> <span class='ocrx_word' id='word_1_212' title='bbox 839 3080 966 3156; x_wconf 64' lang='lat' dir='ltr'><strong>lutiam,</strong></span> <span class='ocrx_word' id='word_1_213' title='bbox 990 3081 1046 3144; x_wconf 82' lang='lat' dir='ltr'><strong>sed</strong></span> <span class='ocrx_word' id='word_1_214' title='bbox 1068 3090 1195 3146; x_wconf 76' lang='lat' dir='ltr'><strong>uumu.“</strong></span> 
     </span>
     <span class='ocr_line' id='line_1_27' title="bbox 89 3176 1199 3257; baseline 0.003 -16"><span class='ocrx_word' id='word_1_215' title='bbox 89 3178 180 3243; x_wconf 85' lang='lat' dir='ltr'><strong>Hisce</strong></span> <span class='ocrx_word' id='word_1_216' title='bbox 205 3178 361 3244; x_wconf 80' lang='lat' dir='ltr'><strong>Callistus</strong></span> <span class='ocrx_word' id='word_1_217' title='bbox 384 3180 518 3242; x_wconf 91' lang='lat' dir='ltr'><strong>omnino</strong></span> <span class='ocrx_word' id='word_1_218' title='bbox 547 3176 728 3242; x_wconf 88' lang='lat' dir='ltr'><strong>orthodoxe</strong></span> <span class='ocrx_word' id='word_1_219' title='bbox 752 3177 911 3257; x_wconf 83' lang='lat' dir='ltr'><strong>declarat,</strong></span> <span class='ocrx_word' id='word_1_220' title='bbox 934 3178 1065 3242; x_wconf 85' lang='lat' dir='ltr'><strong>Patrem</strong></span> <span class='ocrx_word' id='word_1_221' title='bbox 1088 3189 1121 3242; x_wconf 89' lang='lat' dir='ltr'><strong>et</strong></span> <span class='ocrx_word' id='word_1_222' title='bbox 1143 3179 1199 3244; x_wconf 78' lang='lat' dir='ltr'><strong>Fi·</strong></span> 
     </span>
     <span class='ocr_line' id='line_1_28' title="bbox 88 3273 1196 3364; baseline 0.003 -26"><span class='ocrx_word' id='word_1_223' title='bbox 88 3273 162 3340; x_wconf 88' lang='lat' dir='ltr'><strong>lium</strong></span> <span class='ocrx_word' id='word_1_224' title='bbox 184 3277 268 3342; x_wconf 84' lang='lat' dir='ltr'><strong>duas</strong></span> <span class='ocrx_word' id='word_1_225' title='bbox 292 3298 361 3340; x_wconf 90' lang='lat' dir='ltr'><strong>esse</strong></span> <span class='ocrx_word' id='word_1_226' title='bbox 376 3296 543 3361; x_wconf 82' lang='lat' dir='ltr'><strong>personas,</strong></span> <span class='ocrx_word' id='word_1_227' title='bbox 568 3276 626 3340; x_wconf 91' lang='lat' dir='ltr'><strong>sed</strong></span> <span class='ocrx_word' id='word_1_228' title='bbox 650 3297 754 3340; x_wconf 91' lang='lat' dir='ltr'><strong>unum</strong></span> <span class='ocrx_word' id='word_1_229' title='bbox 768 3276 879 3339; x_wconf 91' lang='lat' dir='ltr'><strong>Deum</strong></span> <span class='ocrx_word' id='word_1_230' title='bbox 893 3275 1083 3364; x_wconf 87' lang='lat' dir='ltr'><strong>(spiritum).</strong></span> <span class='ocrx_word' id='word_1_231' title='bbox 1110 3276 1196 3360; x_wconf 85' lang='lat' dir='ltr'><strong>„Ad-</strong></span> 
     </span>
     <span class='ocr_line' id='line_1_29' title="bbox 89 3373 1196 3460; baseline 0.006 -28"><span class='ocrx_word' id='word_1_232' title='bbox 89 3377 245 3439; x_wconf 69' lang='lat' dir='ltr'><strong>versarius</strong></span> <span class='ocrx_word' id='word_1_233' title='bbox 282 3373 438 3460; x_wconf 87' lang='lat' dir='ltr'><strong>quidem,</strong></span> <span class='ocrx_word' id='word_1_234' title='bbox 471 3375 517 3437; x_wconf 87' lang='lat' dir='ltr'><strong>ait</strong></span> <span class='ocrx_word' id='word_1_235' title='bbox 559 3373 633 3438; x_wconf 81' lang='lat' dir='ltr'><strong>Em.</strong></span> <span class='ocrx_word' id='word_1_236' title='bbox 667 3373 853 3455; x_wconf 81' lang='lat' dir='ltr'><strong>Franzelin,</strong></span> <span class='ocrx_word' id='word_1_237' title='bbox 901 3374 1069 3439; x_wconf 89' lang='lat' dir='ltr'><strong>concludit</strong></span> <span class='ocrx_word' id='word_1_238' title='bbox 1113 3374 1196 3440; x_wconf 86' lang='lat' dir='ltr'><strong>haec</strong></span> 
     </span>
     <span class='ocr_line' id='line_1_30' title="bbox 88 3471 1195 3558; baseline 0.004 -24"><span class='ocrx_word' id='word_1_239' title='bbox 88 3472 233 3554; x_wconf 76' lang='lat' dir='ltr'><strong>reserens,</strong></span> <span class='ocrx_word' id='word_1_240' title='bbox 258 3473 321 3536; x_wconf 88' lang='lat' dir='ltr'><strong>hoc</strong></span> <span class='ocrx_word' id='word_1_241' title='bbox 345 3471 443 3536; x_wconf 91' lang='lat' dir='ltr'><strong>modo</strong></span> <span class='ocrx_word' id='word_1_242' title='bbox 467 3471 577 3536; x_wconf 88' lang='lat' dir='ltr'><strong>doceri</strong></span> <span class='ocrx_word' id='word_1_243' title='bbox 602 3493 703 3536; x_wconf 84' lang='lat' dir='ltr'><strong>unam</strong></span> <span class='ocrx_word' id='word_1_244' title='bbox 726 3493 899 3558; x_wconf 87' lang='lat' dir='ltr'><strong>personam</strong></span> <span class='ocrx_word' id='word_1_245' title='bbox 922 3472 1030 3536; x_wconf 88' lang='lat' dir='ltr'><strong>Patris</strong></span> <span class='ocrx_word' id='word_1_246' title='bbox 1053 3484 1085 3537; x_wconf 91' lang='lat' dir='ltr'><strong>et</strong></span> <span class='ocrx_word' id='word_1_247' title='bbox 1107 3473 1195 3550; x_wconf 82' lang='lat' dir='ltr'><strong>Filii,</strong></span> 
     </span>
     <span class='ocr_line' id='line_1_31' title="bbox 89 3569 1196 3657; baseline 0.003 -23"><span class='ocrx_word' id='word_1_248' title='bbox 89 3571 162 3652; x_wconf 80' lang='lat' dir='ltr'><strong>quia</strong></span> <span class='ocrx_word' id='word_1_249' title='bbox 183 3571 365 3656; x_wconf 82' lang='lat' dir='ltr'><strong>intelligere</strong></span> <span class='ocrx_word' id='word_1_250' title='bbox 389 3592 455 3634; x_wconf 86' lang='lat' dir='ltr'><strong>non</strong></span> <span class='ocrx_word' id='word_1_251' title='bbox 478 3573 586 3657; x_wconf 90' lang='lat' dir='ltr'><strong>potuit</strong></span> <span class='ocrx_word' id='word_1_252' title='bbox 609 3571 662 3635; x_wconf 89' lang='lat' dir='ltr'><strong>vel</strong></span> <span class='ocrx_word' id='word_1_253' title='bbox 685 3570 791 3634; x_wconf 87' lang='lat' dir='ltr'><strong>noluit</strong></span> <span class='ocrx_word' id='word_1_254' title='bbox 814 3569 1059 3634; x_wconf 82' lang='lat' dir='ltr'><strong>distinctionem</strong></span> <span class='ocrx_word' id='word_1_255' title='bbox 1083 3595 1196 3636; x_wconf 87' lang='lat' dir='ltr'><strong>secun-</strong></span> 
     </span>
     <span class='ocr_line' id='line_1_32' title="bbox 89 3665 1196 3756; baseline 0.005 -27"><span class='ocrx_word' id='word_1_256' title='bbox 89 3665 163 3732; x_wconf 91' lang='lat' dir='ltr'><strong>dum</strong></span> <span class='ocrx_word' id='word_1_257' title='bbox 193 3691 360 3756; x_wconf 87' lang='lat' dir='ltr'><strong>pcrsonas,</strong></span> <span class='ocrx_word' id='word_1_258' title='bbox 393 3670 421 3731; x_wconf 90' lang='lat' dir='ltr'><strong>si</strong></span> <span class='ocrx_word' id='word_1_259' title='bbox 444 3668 535 3733; x_wconf 84' lang='lat' dir='ltr'><strong>nulls</strong></span> <span class='ocrx_word' id='word_1_260' title='bbox 558 3670 600 3732; x_wconf 89' lang='lat' dir='ltr'><strong>sit</strong></span> <span class='ocrx_word' id='word_1_261' title='bbox 632 3669 799 3732; x_wconf 87' lang='lat' dir='ltr'><strong>distinctio</strong></span> <span class='ocrx_word' id='word_1_262' title='bbox 823 3667 1005 3732; x_wconf 88' lang='lat' dir='ltr'><strong>secundum</strong></span> <span class='ocrx_word' id='word_1_263' title='bbox 1033 3679 1196 3734; x_wconf 86' lang='lat' dir='ltr'><strong>naturum.</strong></span> 
     </span>
     <span class='ocr_line' id='line_1_33' title="bbox 90 3763 1195 3853; baseline 0.005 -26"><span class='ocrx_word' id='word_1_264' title='bbox 90 3763 304 3832; x_wconf 75' lang='lat' dir='ltr'><strong>Nihilominus</strong></span> <span class='ocrx_word' id='word_1_265' title='bbox 328 3769 398 3853; x_wconf 89' lang='lat' dir='ltr'><strong>ipsc</strong></span> <span class='ocrx_word' id='word_1_266' title='bbox 421 3767 552 3848; x_wconf 87' lang='lat' dir='ltr'><strong>fatetur,</strong></span> <span class='ocrx_word' id='word_1_267' title='bbox 578 3765 751 3832; x_wconf 84' lang='lat' dir='ltr'><strong>Callistum</strong></span> <span class='ocrx_word' id='word_1_268' title='bbox 775 3766 918 3830; x_wconf 90' lang='lat' dir='ltr'><strong>noluisse</strong></span> <span class='ocrx_word' id='word_1_269' title='bbox 942 3767 1051 3830; x_wconf 88' lang='lat' dir='ltr'><strong>dicere</strong></span> <span class='ocrx_word' id='word_1_270' title='bbox 1064 3767 1195 3832; x_wconf 84' lang='lat' dir='ltr'><strong>Patrem</strong></span> 
     </span>
     <span class='ocr_line' id='line_1_34' title="bbox 90 3863 1197 3952; baseline 0.002 -24"><span class='ocrx_word' id='word_1_271' title='bbox 90 3885 155 3928; x_wconf 67' lang='lat' dir='ltr'><strong>eme</strong></span> <span class='ocrx_word' id='word_1_272' title='bbox 181 3887 328 3952; x_wconf 81' lang='lat' dir='ltr'><strong>pessum,</strong></span> <span class='ocrx_word' id='word_1_273' title='bbox 358 3874 391 3928; x_wconf 89' lang='lat' dir='ltr'><strong>et</strong></span> <span class='ocrx_word' id='word_1_274' title='bbox 413 3885 514 3930; x_wconf 80' lang='lat' dir='ltr'><strong>unam</strong></span> <span class='ocrx_word' id='word_1_275' title='bbox 538 3887 608 3930; x_wconf 88' lang='lat' dir='ltr'><strong>esse</strong></span> <span class='ocrx_word' id='word_1_276' title='bbox 630 3885 816 3951; x_wconf 83' lang='lat' dir='ltr'><strong>personam,</strong></span> <span class='ocrx_word' id='word_1_277' title='bbox 839 3875 884 3944; x_wconf 85' lang='lat' dir='ltr'><strong>ut,</strong></span> <span class='ocrx_word' id='word_1_278' title='bbox 908 3865 1026 3950; x_wconf 89' lang='lat' dir='ltr'><strong>inquit,</strong></span> <span class='ocrx_word' id='word_1_279' title='bbox 1050 3863 1197 3951; x_wconf 56' lang='grc' dir='ltr'><strong>«Μωρέ</strong></span> 
     </span>
    </p>
   </div>
   <div class='ocr_carea' id='block_1_5' title="bbox 101 4025 288 4036">
    <p class='ocr_par' dir='ltr' id='par_1_6' title="bbox 101 4025 288 4036">
     <span class='ocr_line' id='line_1_35' title="bbox 101 4025 288 4036; baseline 0.011 -2"><span class='ocrx_word' id='word_1_280' title='bbox 101 4025 124 4032; x_wconf 84' lang='grc'><strong>---</strong></span> <span class='ocrx_word' id='word_1_281' title='bbox 130 4027 288 4036; x_wconf 82' lang='lat'><strong>---—-</strong></span> 
     </span>
    </p>
   </div>
   <div class='ocr_carea' id='block_1_6' title="bbox 93 4111 1196 4338">
    <p class='ocr_par' dir='ltr' id='par_1_7' title="bbox 93 4111 1196 4338">
     <span class='ocr_line' id='line_1_36' title="bbox 160 4111 698 4181; baseline 0.004 -15"><span class='ocrx_word' id='word_1_282' title='bbox 160 4113 178 4178; x_wconf 88' lang='lat'><strong>¹)</strong></span> <span class='ocrx_word' id='word_1_283' title='bbox 195 4111 249 4168; x_wconf 79' lang='lat' dir='ltr'><strong>Clr.</strong></span> <span class='ocrx_word' id='word_1_284' title='bbox 270 4113 311 4166; x_wconf 87' lang='lat' dir='ltr'><strong>De</strong></span> <span class='ocrx_word' id='word_1_285' title='bbox 329 4111 409 4166; x_wconf 89' lang='lat' dir='ltr'><strong>Rossi</strong></span> <span class='ocrx_word' id='word_1_286' title='bbox 427 4111 523 4166; x_wconf 89' lang='lat' dir='ltr'><strong>Bollet.</strong></span> <span class='ocrx_word' id='word_1_287' title='bbox 543 4111 591 4166; x_wconf 88' lang='lat' dir='ltr'><strong>1v.</strong></span> <span class='ocrx_word' id='word_1_288' title='bbox 610 4130 635 4181; x_wconf 88' lang='lat' dir='ltr'><strong>p.</strong></span> <span class='ocrx_word' id='word_1_289' title='bbox 655 4115 698 4170; x_wconf 80' lang='lat'><strong>80.</strong></span> 
     </span>
     <span class='ocr_line' id='line_1_37' title="bbox 158 4191 1196 4268; baseline 0.009 -22"><span class='ocrx_word' id='word_1_290' title='bbox 158 4191 177 4261; x_wconf 74' lang='lat'><strong>¹)</strong></span> <span class='ocrx_word' id='word_1_291' title='bbox 195 4193 286 4257; x_wconf 77' lang='lat' dir='ltr'><strong>„llaec</strong></span> <span class='ocrx_word' id='word_1_292' title='bbox 312 4197 356 4246; x_wconf 82' lang='lat' dir='ltr'><strong>est</strong></span> <span class='ocrx_word' id='word_1_293' title='bbox 374 4193 434 4247; x_wconf 81' lang='lat' dir='ltr'><strong>vita</strong></span> <span class='ocrx_word' id='word_1_294' title='bbox 452 4197 571 4260; x_wconf 83' lang='lat' dir='ltr'><strong>aeterno,</strong></span> <span class='ocrx_word' id='word_1_295' title='bbox 598 4201 631 4248; x_wconf 89' lang='lat' dir='ltr'><strong>ut</strong></span> <span class='ocrx_word' id='word_1_296' title='bbox 650 4201 813 4263; x_wconf 78' lang='lat' dir='ltr'><strong>cognoscant</strong></span> <span class='ocrx_word' id='word_1_297' title='bbox 840 4199 869 4250; x_wconf 88' lang='lat' dir='ltr'><strong>te</strong></span> <span class='ocrx_word' id='word_1_298' title='bbox 887 4194 973 4250; x_wconf 83' lang='lat' dir='ltr'><strong>solum</strong></span> <span class='ocrx_word' id='word_1_299' title='bbox 991 4195 1077 4252; x_wconf 89' lang='lat' dir='ltr'><strong>Deum</strong></span> <span class='ocrx_word' id='word_1_300' title='bbox 1095 4213 1196 4268; x_wconf 80' lang='lat' dir='ltr'><strong>verum,</strong></span> 
     </span>
     <span class='ocr_line' id='line_1_38' title="bbox 93 4273 781 4338; baseline 0.001 -11"><span class='ocrx_word' id='word_1_301' title='bbox 93 4279 120 4320; x_wconf 87' lang='lat' dir='ltr'><strong>et</strong></span> <span class='ocrx_word' id='word_1_302' title='bbox 135 4285 206 4338; x_wconf 71' lang='lat' dir='ltr'><strong>quem</strong></span> <span class='ocrx_word' id='word_1_303' title='bbox 222 4273 322 4328; x_wconf 85' lang='lat' dir='ltr'><strong>misisti</strong></span> <span class='ocrx_word' id='word_1_304' title='bbox 340 4273 434 4328; x_wconf 85' lang='lat' dir='ltr'><strong>Jesum</strong></span> <span class='ocrx_word' id='word_1_305' title='bbox 452 4273 614 4336; x_wconf 83' lang='lat' dir='ltr'><strong>Christum.“</strong></span> <span class='ocrx_word' id='word_1_306' title='bbox 633 4275 675 4330; x_wconf 91' lang='lat' dir='ltr'><strong>Jo.</strong></span> <span class='ocrx_word' id='word_1_307' title='bbox 696 4276 738 4329; x_wconf 79' lang='lat'><strong>17.</strong></span> <span class='ocrx_word' id='word_1_308' title='bbox 756 4276 781 4328; x_wconf 81' lang='lat'><strong>3.</strong></span> 
     </span>
    </p>
   </div>
   <div class='ocr_carea' id='block_1_7' title="bbox 0 0 1446 4814">
    <p class='ocr_par' dir='ltr' id='par_1_8' title="bbox 0 0 1446 4814">
     <span class='ocr_line' id='line_1_39' title="bbox 0 0 1446 4814; baseline 0 0"><span class='ocrx_word' id='word_1_309' title='bbox 0 0 1446 4814; x_wconf 95' lang='lat' dir='ltr'><strong> </strong></span> 
     </span>
    </p>
   </div>
  </div>
 </body>
</html>
