2936 4814
243 453 280 537 aa
599 445 640 504 De
658 441 725 522 Serio
742 437 864 505 Romana
882 437 907 497 S.
926 439 1020 502 Petri¹

244 595 455 675 tradiderunt.
502 592 647 670 Succedit
676 592 707 658 ei
736 599 839 653 cutem
866 587 1056 670 Aesacon,-
1079 601 1156 678 post
1178 615 1247 665 euru
1271 594 1368 660 tertio

244 693 310 758 loco
335 691 374 756 ab
390 691 553 783 Apostolos
576 689 791 778 episcopatum
813 687 946 750 sortitur
963 681 1104 752 bleonus
1132 737 1139 752 .
1165 735 1173 752 .
1198 737 1206 751 .
1232 737 1240 752 .
1267 689 1369 761 Nurac

244 789 424 874 duodecimo
455 788 521 857 loco
545 783 759 876 episcopatum
786 783 825 847 ab
849 781 1013 870 Apostolos
1039 785 1130 852 leobet
1152 785 1367 852 Eteoclen-ius.

245 887 317 950 Hac
349 885 550 949 ordinatione
582 895 612 948 et
635 883 834 962 accessione,
868 905 907 946 ea
938 905 1017 968 quoe
1051 894 1097 946 est
1129 883 1168 948 ab
1198 883 1370 972 Apostolis

243 985 279 1047 iu
301 983 444 1047 Ecclesia
477 983 609 1048 autito
642 992 672 1046 et
702 978 847 1044 veritatis
862 983 1072 1066 praeconatio
1092 985 1237 1068 peruenit
1268 1006 1370 1070 esque

244 1081 288 1144 ed
310 1103 376 1144 nos.
423 1079 466 1144 Et
495 1091 541 1144 eet
557 1077 749 1171 plenissime
777 1079 851 1142 leaeo
874 1079 1022 1157 ostensio,
1052 1102 1148 1142 ursum
1171 1091 1201 1146 et
1224 1081 1371 1146 eamdem

243 1179 476 1264 vivificatricem
490 1177 590 1261 fldem
608 1200 684 1256 esse,
708 1199 787 1264 quae
810 1176 846 1238 iu
860 1175 1003 1240 Ecclesia
1027 1175 1066 1240 eb
1081 1176 1245 1264 Apostolos
1267 1202 1370 1266 utores

244 1299 326 1339 aurio
349 1276 391 1340 sit
414 1285 598 1340 conuersata
621 1285 651 1340 et
674 1273 797 1338 tradita
811 1274 846 1336 in
868 1271 1041 1360 veritato).
1078 1273 1141 1338 His
1165 1275 1276 1340 verbis
1299 1275 1371 1340 Irc-

244 1395 347 1440 naeus
380 1374 426 1436 ita
459 1371 545 1436 clare
578 1381 611 1435 et
633 1372 852 1460 peremptorie
882 1372 1041 1454 enuntiat,
1066 1393 1086 1435 a
1114 1371 1152 1438 B.
1180 1373 1278 1440 Petro
1302 1374 1370 1438 Ro-

245 1493 377 1535 manam
401 1470 574 1534 ecclesiam
597 1493 667 1534 esse
690 1467 874 1550 fundatam,
895 1479 932 1531 ut
946 1470 986 1533 iis
1010 1473 1285 1536 commentarium
1309 1473 1370 1538 ad-

245 1569 322 1634 dere
354 1567 438 1636 nihil
470 1567 561 1634 aliud
594 1569 636 1632 sit
668 1589 768 1655 quam
800 1588 840 1630 ea
872 1565 1057 1632 obscurare.
1103 1567 1182 1632 Jem
1206 1570 1369 1656 vidimus,

245 1667 278 1732 S.
291 1667 466 1730 Irenaeum
489 1667 530 1730 iis
552 1663 740 1767 praeditum
755 1665 856 1728 fuisse
880 1662 1135 1749 characteribus,
1161 1677 1197 1730 ut
1220 1667 1274 1732 vel
1298 1691 1370 1734 uno

244 1765 348 1853 ipsius
378 1765 566 1845 testimonio
598 1763 723 1828 factum
752 1760 794 1826 de
824 1783 888 1848 quo
919 1763 1029 1846 agitur
1066 1763 1192 1827 invicte
1228 1765 1369 1852 probari

244 1873 363 1950 posset.
382 1859 424 1930 Id
434 1884 537 1926 unum
545 1860 710 1944 addimus,
719 1855 849 1924 Ireneei
860 1861 1084 1924 testimonium
1092 1883 1161 1926 esse
1163 1863 1369 1948 polemicum,

244 1962 412 2026 continere
421 1962 624 2058 principium
634 1961 743 2048 ipsum
753 1979 867 2045 exque
876 1957 1209 2024 haereticosrelutare
1221 1961 1369 2046 volebat,

243 2069 342 2148 atque
358 2059 475 2123 eodem
495 2058 725 2122 fundationem
745 2054 904 2120 ecclcsiae
923 2057 1091 2122 Romanae
1110 2079 1170 2144 per
1188 2059 1371 2145 Apostolos

243 2158 378 2221 Petrum
389 2155 572 2221 etPaulum
582 2165 619 2218 ut
629 2177 700 2218 rem
710 2154 865 2220 omnibus
876 2157 1171 2242 compertissimum
1181 2159 1370 2245 proponit)

333 2255 386 2318 29.
410 2253 471 2318 Est
484 2251 568 2318 alius
583 2275 713 2343 quoque
727 2249 819 2317 locus
834 2253 866 2320 S.
881 2251 1010 2318 hennei
1027 2253 1080 2340 (L.
1094 2253 1157 2321 ΙΙΙ.
1173 2277 1201 2321 c.
1219 2255 1273 2343 1.),
1300 2279 1370 2344 quo

243 2353 307 2416 iter
328 2353 417 2418 Petri
449 2351 637 2417 Romanum
669 2361 815 2436 testatur,
850 2373 991 2440 eumque
1023 2360 1152 2416 textum
1184 2355 1285 2418 etiarn
1309 2353 1370 2418 hic
1461 2361 1462 2374 ¹

243 2451 360 2515 afferre
384 2460 607 2538 opportunum
631 2449 774 2535 videtur,
805 2451 884 2536 quia
908 2450 1025 2515 eodem
1048 2450 1230 2516 adversarii
1254 2454 1370 2538 singu-

242 2549 304 2616 lari
328 2549 425 2616 modo
449 2547 544 2614 abusi
568 2557 655 2614 sunt.
686 2549 719 2615 S.
734 2547 892 2614 irenaeus
914 2547 998 2613 libro
1023 2549 1118 2617 tertio
1142 2549 1262 2614 refellit
1276 2549 1369 2616 Gno-

318 2781 339 2850 ¹)
358 2779 460 2838 eonas
476 2779 549 2850 heer-
568 2779 599 2847 Β.
617 2779 671 2846 ΙΙΙ..
688 2796 709 2834 e
727 2781 754 2836 t

317 2861 339 2931 ¹)
358 2859 398 2916 Eo
418 2867 536 2929 tempore
554 2877 606 2929 quo
625 2861 835 2930 B.Polycarpus,
853 2859 961 2915 benaci
979 2861 1118 2930 magister,
1136 2862 1323 2917 messiacus
1341 2869 1367 2918 et

243 2942 314 2994 ittae
332 2957 412 2994 asum
428 2959 489 2995 eum
506 2941 614 2995 Joauue
638 2947 663 2994 et
689 2942 801 3010 reliquis
825 2941 1021 3008 qoiDomiuum
1046 2941 1368 3008 transmeantium-

239 3020 337 3090 juncta
354 3021 449 3076 mortis
467 3020 493 3074 S.
511 3019 588 3074 Petri
600 3019 724 3090 Apostoli
743 3019 862 3090 apprime
881 3025 947 3073 note
965 3019 1056 3086 inisse,
1074 3025 1153 3090 patet
1171 3021 1368 3090 exEvangelio

243 3101 268 3155 S.
286 3099 409 3155 Joannis.
428 3101 609 3169 Evangelistu
627 3100 712 3156 refert
730 3099 813 3155 verba
831 3099 1030 3168 quueChn'stus
1048 3101 1178 3156 Dominus
1196 3106 1258 3170 post
1276 3118 1368 3157 resur·
1459 3173 1460 3176 Ἴ

242 3181 387 3236 rectionem
399 3179 572 3236 dixitPetro:
593 3183 702 3250 „Amen
722 3198 800 3236 amen
813 3181 946 3235 dicotibi:
965 3197 1025 3235 eum
1043 3198 1114 3236 esses
1128 3181 1228 3252 junior,
1235 3181 1367 3252 cingebas
1459 3197 1460 3208 ¹

241 3267 271 3315 te
289 3265 317 3316 et
341 3261 497 3316 ambulabas
522 3260 569 3315 ubi
594 3262 710 3317 volebas.
754 3262 821 3316 Cum
845 3267 937 3316 autem
960 3263 1089 3329 senueris,
1114 3263 1242 3318 extendes
1267 3279 1366 3316 manus

242 3348 312 3407 tuas,
332 3347 361 3396 et
378 3341 448 3396 alius
467 3347 496 3396 to
514 3341 614 3412 cinget,
639 3349 668 3398 et
686 3344 766 3398 ducet
784 3359 835 3412 quo
860 3349 892 3396 tu
910 3359 964 3397 non
982 3343 1048 3397 vis.“
1086 3343 1157 3400 Dein
1176 3343 1265 3398 addit:
1290 3343 1367 3412 „Hoc

242 3428 333 3476 autem
352 3421 430 3488 dixit,
449 3421 605 3492 significans
625 3439 678 3492 qua
696 3429 782 3479 morte
806 3423 1002 3480 clarificaturus
1028 3430 1099 3478 esset
1117 3423 1227 3478 Deum“
1247 3423 1303 3492 (Jo.
1321 3426 1366 3490 21,

243 3505 284 3569 18,
305 3501 473 3572 19.)A11udit
491 3503 686 3560 turnDominus
704 3511 763 3559 tum
770 3504 951 3574 Evangeliste
963 3505 1106 3560 manifeste
1124 3503 1365 3558 edcrucifixionem

241 3583 326 3638 Petri.
340 3583 385 3652 (V.
404 3583 543 3638 cl.Beelen
561 3583 590 3638 in
607 3585 633 3639 h.
652 3584 696 3655 l.);
716 3617 750 3625 —
770 3585 877 3654 Optime
895 3591 1008 3640 noverat
1026 3585 1114 3653 igitiu
1127 3583 1151 3638 S.
1170 3585 1298 3650 Joauues,
1318 3585 1365 3652 qui

242 3663 424 3734 Evangelium
448 3664 558 3734 scripsit
580 3672 642 3734 post
666 3671 779 3720 mortem
804 3665 830 3719 S.
854 3665 939 3732 Petri,
964 3664 1094 3734 adjuncta
1117 3665 1212 3720 mortis
1236 3663 1365 3732 ejusdem.

241 3745 318 3800 Unde
336 3745 448 3814 colliges
455 3745 605 3802 tumetium
612 3746 767 3802 nullatenus
778 3747 926 3816 ignorasse,
936 3745 965 3801 in
977 3762 1030 3814 que
1037 3745 1231 3815 urbepriuceps
1249 3747 1366 3816 Aposto

240 3826 328 3880 lomm
346 3827 507 3896 martyrium
526 3827 644 3883 obiisset
682 3830 865 3886 Innotueruut
889 3827 1009 3896 profecto
1034 3827 1100 3882 haec
1117 3825 1266 3895 Polycarpo
1285 3827 1364 3880 Ioan-

241 3907 283 3960 nis
302 3907 439 3978 d'ucipulo,
459 3915 488 3964 et
511 3909 536 3962 si
553 3909 578 3964 S.
597 3909 726 3966 Irenaeus
744 3915 801 3964 tem
825 3914 951 3964 accurate
969 3909 1002 3964 de
1020 3907 1045 3961 S.
1063 3906 1147 3962 Petro
1164 3905 1276 3977 ejusque
1294 3905 1364 3974 epis·

241 3993 338 4056 conatu
356 3989 476 4043 Romano
495 4005 528 4044 ec
545 3991 675 4059 martyrio
694 3991 797 4060 scribit,
816 3991 925 4048 obvium
943 3993 985 4046 est
1003 3986 1144 4056 assignare
1162 3986 1274 4052 ionum,
1292 3987 1364 4042 unde

240 4069 295 4124 iste
314 4071 394 4138 (quae
412 4077 504 4126 tamen
522 4076 551 4126 et
569 4071 678 4128 aliunde
696 4073 839 4128 notissima
863 4071 947 4128 firisse
965 4070 1112 4140 censemus)
1136 4067 1246 4124 haurire
1263 4067 1363 4136 potuit

241 4153 272 4208 111
292 4169 355 4209 vero
374 4153 474 4222 iterum
494 4154 614 4222 dicimus,
634 4155 689 4211 tale
701 4153 873 4210 esseIreuaei
891 4150 1085 4217 testimonium,
1104 4155 1138 4206 ut
1155 4147 1198 4207 vel
1216 4149 1298 4204 unico
1316 4149 1365 4204 hoc

243 4247 405 4312 argumento
419 4239 601 4307 perceptoris
619 4239 722 4294 iactum
740 4245 773 4298 de
791 4261 843 4312 quo
862 4243 969 4313 agimus
987 4243 1122 4312 probetur.
