2874 4812
237 489 289 540 306
623 531 628 544 .
673 486 713 540 De
731 485 756 538 S.
776 484 920 552 Cypriane.

235 631 372 714 incipiat
395 629 434 692 ab
457 653 530 706 ano,
554 629 736 692 nallatenus
757 629 927 715 reserenda
946 639 1019 692 snat
1041 628 1086 692 nel
1107 652 1253 706 cansam,
1274 632 1369 714 pria-

236 728 362 816 oipium,
396 729 572 804 mandam,
605 728 749 792 miitatis.
783 727 888 804 Brevi,
911 749 973 790 oca
1006 728 1137 812 „oripo“
1160 727 1370 813 implicando

236 837 282 888 est
299 849 362 911 per
384 847 485 890 rocem
513 823 732 904 „e.cordiam“,
764 823 909 888 videlieet
942 824 1129 909 exponendo
1151 836 1201 888 ert
1227 826 1270 890 de
1296 836 1369 888 tera·

229 945 320 1007 pore,
344 945 409 987 coa
430 945 502 986 vero
525 922 565 986 de
588 945 686 986 caasa
694 919 727 1007 ¹).
752 957 795 968 -
820 921 961 986 Sensum
984 943 1101 984 verum
1124 921 1315 986 verborum
1335 922 1367 987 S.

237 1019 397 1104 Cypriani
416 1019 488 1104 jam
512 1021 663 1103 superius
687 1019 991 1100 determinavimus,
1016 1019 1239 1084 consideratis
1265 1020 1367 1084 etiam
1432 1053 1433 1082 ι

233 1117 314 1182 locis
346 1107 520 1202 parallelis.
568 1116 663 1196 Quae
695 1137 773 1180 vero
797 1115 860 1181 hac
894 1118 928 1180 in
960 1139 995 1180 re
1028 1117 1201 1181 Reinkens
1227 1117 1367 1204 profert,
1432 1093 1433 1182 l

235 1215 317 1280 nihil
332 1214 423 1278 aliud
439 1224 517 1278 sunt
537 1215 600 1278 nisi
615 1213 781 1278 cavillatio
806 1213 994 1299 sophistica,
1019 1237 1084 1299 qua
1100 1212 1271 1299 Cypriani
1298 1236 1368 1278 sen-

234 1315 382 1376 tentiam'
401 1323 617 1398 contorquere
648 1311 767 1376 studet.
819 1312 930 1376 Verba
965 1313 1116 1399 ωιςίιιιηι
1143 1315 1291 1376 unitatis
1329 1313 1368 1377 ab
1432 1319 1433 1392 ἶ

234 1433 295 1474 ono
328 1411 549 1495 incipientem,
583 1411 777 1495 aequiparat
801 1408 865 1472 illis
888 1409 1054 1474 exordium
1077 1409 1116 1473 ab
1138 1411 1274 1474 onmes
1293 1435 1366 1496 pro

224 1507 390 1590 ficiscitur.
438 1507 504 1572 Sed
527 1508 673 1592 profecto
697 1505 787 1570 haud
807 1506 923 1570 eadem
947 1515 1024 1570 sunt
1047 1506 1158 1572 verba.
1182 1505 1230 1572 ln
1257 1511 1367 1594 prima
1432 1547 1433 1592 ι

234 1605 455 1695 propositione
478 1607 588 1688 agitur
612 1603 653 1668 de
668 1605 794 1688 origine
807 1605 953 1682 animas,
969 1603 1129 1668 inaltera
1152 1603 1195 1668 de
1223 1607 1366 1671 exordio
1432 1607 1433 1686 l

234 1702 409 1782 Ecclesiae,¹
432 1701 514 1768 haec
538 1703 627 1766 enim
660 1723 728 1766 vox
760 1701 933 1766 manifeste
966 1699 1149 1786 supplenda
1173 1711 1238 1768 est.
1293 1703 1367 1784 Qua

234 1801 360 1863 ratione
394 1821 470 1862 vero
505 1798 720 1884 intelligenda
752 1799 794 1862 sit
827 1797 883 1862 illa
915 1799 1002 1884 oripo
1034 1799 1178 1876 unitatis,
1213 1803 1367 1866 maxime

235 1897 401 1980 colligitur
424 1919 466 1962 ex
497 1897 608 1962 verbis
636 1896 678 1962 ed
702 1897 837 1960 Petrum
870 1895 1004 1960 directis
1033 1917 1118 1981 quae
1141 1917 1161 1958 a
1184 1893 1365 1983 Cypriane

235 1997 387 2076 citantur,
412 2004 445 2058 et
469 1994 715 2079 dispositionem
739 1993 1005 2058 auctoritativam
1029 2015 1086 2057 seu
1109 1993 1218 2078 legem
1237 1994 1366 2060 Christi

238 2093 419 2158 continent.
468 2091 657 2178 Conceptus
689 2091 824 2177 quidem
855 2100 888 2156 et
921 2092 1103 2154 sententiae
1127 2089 1301 2176 Cypriani
1326 2094 1366 2161 de

235 2191 361 2254 unitate
384 2189 554 2254 Ecclesiae
578 2190 727 2254 ubertate
751 2188 896 2276 quadam
926 2186 1109 2269 abundant,
1132 2197 1165 2252 et
1187 2189 1295 2274 plura
1320 2194 1366 2256 in·

235 2288 384 2352 volvunt.
407 2288 459 2351 Ita
483 2289 583 2352 etiam
607 2287 689 2352 illud
713 2288 784 2373 ejus
808 2294 986 2372 conceptus
1010 2285 1255 2370 complectitur,
1273 2290 1365 2375 quod

234 2385 277 2450 ab
291 2409 353 2449 raro
376 2387 545 2450 numeriae
569 2387 677 2470 capite
701 2386 878 2450 constituto
902 2385 1012 2448 unitas
1036 2382 1168 2447 moralis
1181 2383 1364 2451 Ecclesiae

235 2483 391 2560 dimanet,
421 2492 454 2546 et
483 2484 622 2569 incipiat
650 2493 721 2548 tum
752 2483 834 2548 haec
863 2482 973 2546 unitas
1002 2490 1074 2544 tum
1097 2482 1170 2565 ipsa
1198 2482 1362 2550 Ecclesia.

236 2581 308 2644 Hoc
332 2579 584 2664 adsignificatur
607 2580 808 2666 impeditiori
830 2581 957 2644 ratione
979 2577 1146 2664 loquendi,
1171 2577 1259 2644 dum
1286 2581 1366 2645 diei·

234 2686 288 2741 tur
311 2679 402 2762 origo
426 2677 563 2742 unitatis
585 2680 700 2762 incipit
723 2677 765 2742 ab
789 2698 873 2758 uu03
898 2686 929 2740 et
952 2685 1066 2762 postea
1088 2677 1177 2741 idem
1201 2680 1366 2763 exprimi·

234 2785 288 2840 tur
320 2775 384 2839 illis
417 2775 528 2838 verbis
561 2775 726 2838 exordium
749 2775 789 2838 alr
822 2776 944 2838 onitate
962 2775 1188 2860 proficiscitur.
1224 2774 1299 2840 Sed
1324 2799 1365 2840 ex

235 2891 282 2954 co,
308 2873 396 2958 qnod
411 2873 474 2938 hoc
496 2872 694 2938 elementum
714 2875 748 2937 in
773 2874 944 2938 sententiis
962 2869 1123 2956 Cypriani
1147 2873 1365 2938 contineatur

235 2979 267 3034 et
298 2993 357 3056 per
386 2971 615 3055 praedicatum
649 2971 805 3056 incipiens
839 2969 1029 3050 denotetur,
1061 2969 1253 3034 nullatenus
1284 2971 1365 3036 licet

233 3070 489 3154 propositionem
522 3069 734 3152 caeteroquin
766 3067 895 3132 'claram
932 3063 1111 3150 sophistica
1143 3068 1277 3133 ratione
1321 3070 1362 3134 ad

234 3165 296 3232 hoc
319 3188 422 3232 unum
447 3167 671 3248 constringere
695 3174 728 3229 et
750 3162 932 3249 limitare').
969 3162 1031 3228 Vel
1055 3185 1097 3226 ex
1121 3166 1201 3250 ipsis
1226 3167 1361 3232 verbis:

235 3261 384 3328 Christus
417 3265 603 3327 auctoritate
636 3287 695 3326 saa
728 3262 885 3348 disposuit
917 3261 1078 3346 originem
1112 3261 1264 3347 ejusdem
1291 3267 1363 3330 uni·

233 3363 309 3426 tatis
337 3360 380 3424 ab
405 3381 469 3424 uno
499 3361 728 3444 incipientem,
759 3359 989 3440 confirmatur,
1023 3359 1157 3424 omnino
1191 3361 1357 3443 primario

234 3477 438 3488 m*-

307 3545 329 3612 ¹)
347 3543 377 3598 t.
397 3561 419 3597 c.
438 3544 463 3600 S.
483 3547 500 3598 9
518 3544 574 3598 und
595 3547 635 3600 lo.
818 3599 821 3606 ,

307 3623 326 3691 ¹)
346 3622 503 3692 Cyprianus,
522 3623 564 3677 uti
583 3621 709 3687 diximus,
728 3621 957 3691 propositionibus
970 3621 1025 3675 suis
1044 3621 1191 3677 identidem
1209 3623 1305 3678 multa
1322 3625 1362 3678 iu-

232 3701 328 3757 volvit.
365 3701 449 3755 Idex
468 3707 555 3768 parte,
584 3701 706 3768 quimus
725 3718 778 3756 non
797 3703 889 3756 eodem
913 3703 1009 3770 gradu,
1037 3715 1175 3756 commune
1193 3699 1282 3757 habet
1300 3719 1361 3758 cnm

231 3781 407 3846 Tertulliano,
425 3782 501 3849 cnjus
520 3797 600 3848 opera
619 3787 651 3834 ut
669 3782 794 3850 map'stri
820 3785 891 3836 teste
915 3781 940 3837 S.
959 3782 1124 3850 Hieronymo
1143 3781 1267 3848 quotidie
1287 3785 1361 3854 lege

231 3860 286 3914 bat
332 3862 392 3916 Vidi
419 3876 473 3930 epo,
502 3860 592 3927 inquit
617 3861 855 3928 Hieronymus,
875 3861 1017 3929 pandam
1035 3862 1153 3916 Paulam
1177 3863 1359 3926 (baoenlioa

232 3941 303 4008 quai
330 3941 463 4008 oppidum
481 3941 582 3994 ltaliae
609 3945 657 4006 ert,
685 3957 773 3994 renem
792 3941 839 4009 qui
856 3957 884 3994 se
902 3939 986 3994 Beati
1006 3940 1142 4008 Cypriani
1156 3939 1219 4006 jons
1237 3943 1361 4010 prande

232 4019 331 4071 aetatis
353 4019 500 4084 notorium,
526 4037 607 4088 quam
633 4021 690 4087 ipse
710 4019 853 4072 admodrim
877 4024 945 4072 esset
963 4019 1118 4072 cdokacm
1135 4019 1238 4073 Romae
1256 4021 1360 4076 vuar

231 4098 338 4163 eliceret,
357 4098 508 4166 referreque
525 4098 577 4152 sibi
594 4099 710 4161 mium,
730 4115 872 4167 nuaram
886 4096 1056 4166 Cypriacam
1074 4097 1173 4166 clarae
1187 4097 1359 4153 Tertulliani

232 4175 341 4228 maone
357 4189 441 4228 auom
467 4175 538 4230 dnm
550 4177 734 4243 praemisse,
763 4193 797 4232 oo
813 4177 865 4230 sibi
880 4175 973 4230 crebro
989 4177 1093 4231 dicere:
1112 4176 1164 4232 aa
1179 4177 1358 4244 mmm,

236 4251 432 4306 Tertullianum
449 4253 571 4306 videlicet
588 4254 755 4322 waimarus,
792 4255 879 4311 catut
897 4253 994 4321 aaut
1011 4253 1074 4308 ecel.
1093 4269 1116 4310 c.
1134 4255 1177 4308 67.
