2876 4814
537 480 564 538 S.
581 479 738 540 Pontianus.
1135 483 1188 536 2⁸7

83 627 223 712 princeps
244 625 354 690 foedis
387 623 543 706 moribus,
567 627 624 712 qui
658 624 700 690 ob
724 626 882 690 infamem
906 627 1010 690 vitam
1033 625 1188 691 omnibus

85 726 198 788 inrisus
233 745 323 788 anno
361 723 427 786 222
451 723 668 808 interemptus
706 733 740 786 et
775 725 811 786 in
838 723 987 788 Tiberim
1023 723 1188 810 projeetus

83 821 143 886 fuit
187 821 284 886 Tune
314 823 476 905 imperare
509 821 617 905 eoepit
640 820 836 899 Aleoeaader,
868 823 1023 906 prinoeps
1054 820 1187 906 probus,

81 918 159 982 domi
180 918 387 1003 militiaeque
419 916 537 982 clarus.
582 917 692 1002 Ipsius
715 927 820 982 mater
842 918 995 982 Mamaea
1018 918 1071 982 vel
1095 916 1187 983 Chri·

81 1018 176 1082 stiana
209 1026 282 1080 erat
305 1014 360 1078 vel
383 1013 581 1080 Christianis
605 1015 702 1080 valde
736 1015 858 1098 dedita,
883 1015 1020 1102 ejusque
1043 1015 1189 1080 eonsiliis

79 1114 193 1178 laetum
226 1135 300 1177 esse
333 1111 475 1193 videtur,
509 1122 546 1175 ut
577 1114 677 1176 etiam
709 1112 902 1178 Alexander
933 1114 980 1176 eis
1009 1121 1189 1198 praestaret

81 1211 231 1276 savorem.
255 1211 290 1274 Is
313 1212 347 1274 in
371 1211 483 1273 animo
507 1209 637 1293 habuit,
662 1221 699 1274 nt
725 1209 860 1296 publiea
890 1208 1087 1274 Christianis
1115 1231 1189 1274 oon·

80 1309 203 1372 cederet
236 1307 374 1412 templa3
412 1307 470 1370 sed
503 1306 678 1372 deterritus
709 1317 808 1393 atque
840 1307 1019 1392 impeditus
1051 1307 1114 1371 luit
1145 1307 1187 1372 ab

79 1405 233 1470 idolorum
272 1403 517 1486 sacerdotibus,
550 1414 632 1468 teste
671 1404 883 1490 Lampridio,
916 1404 1189 1489 praevidentibus

78 1527 173 1568 ermes
204 1501 403 1567 Christianos
430 1500 562 1586 flaturae
599 1512 629 1565 et
666 1501 781 1588 templa
816 1501 940 1587 reliqua
975 1501 1188 1589 deserenda1).

78 1601 264 1665 Alexander
286 1599 372 1684 Imp.
405 1597 568 1664 celebrato
600 1599 766 1684 triumpho
800 1598 841 1662 de
863 1597 1004 1681 Parthis,
1028 1599 1189 1664 adversus

78 1697 256 1762 Germanos
288 1695 416 1760 Gallias
449 1695 688 1782 depopulantes
719 1696 884 1782 profectus
908 1705 971 1779 est3
1005 1697 1062 1761 sed
1086 1720 1188 1784 quum

80 1819 173 1882 prope
194 1796 405 1880 Moguntiam
429 1795 584 1876 venisset,
617 1793 835 1881 quorumdam
860 1793 1002 1858 militum
1025 1797 1189 1880 conspira-

79 1896 161 1958 tione
191 1915 261 1958 una
293 1913 370 1958 oum
393 1891 546 1956 Mamaea
569 1901 672 1956 matre
705 1915 765 1956 sua
791 1894 1007 1976 interemptus
1030 1903 1080 1956 est
1101 1914 1188 1958 anno

80 1991 149 2056 235.
206 1991 257 2056 Eo
282 1989 392 2055 ablato
416 2012 436 2054 a
460 1989 619 2054 militibus
642 1990 826 2075 Imperator
849 1989 1009 2053 salutatus
1032 1989 1095 2054 fuit
1117 1991 1189 2055 Ma-

80 2091 222 2172 sinissae,
247 2087 388 2152 obscuro
421 2085 492 2150 loeo
516 2089 551 2151 in
574 2087 718 2152 Thracia
750 2097 856 2168 natus,
879 2107 1000 2171 genere
1023 2096 1056 2150 et
1078 2087 1188 2153 indole

81 2185 243 2270 babarus,
277 2187 334 2272 qui
367 2206 427 2269 per
448 2186 627 2249 triennium
652 2184 857 2249 Christianos
889 2186 1008 2248 iterum
1040 2207 1189 2270 perseeu-

81 2295 128 2348 tm
148 2295 205 2350 est.

158 2384 188 2448 6.
212 2381 249 2448 S.
286 2379 578 2445 Pontianus
615 2381 773 2444 suooessit
809 2403 838 2445 a.
876 2380 939 2444 231
979 2381 1011 2448 S.
1041 2381 1187 2469 Urbano,
1198 2406 1220 2450 s.
1230 2407 1354 2447 noetianis.

80 2501 167 2564 quem
189 2479 248 2544 alii
272 2487 452 2562 martyrem
476 2477 608 2560 obiisse,
640 2476 697 2540 alii
730 2477 949 2542 confessorem
973 2479 1188 2547 obdormiisse

80 2579 272 2642 existimant
305 2574 418 2638 Pauea
441 2597 527 2661 quae
551 2575 593 2640 de
615 2575 777 2639 Pontiano
801 2575 938 2662 ejusque
961 2576 1188 2662 deportatione

81 2675 110 2737 in
138 2674 329 2740 Sardiniam
362 2671 504 2736 insulam
537 2674 724 2738 referuntur
755 2675 790 2737 in
818 2672 985 2758 Ostelogis
1008 2675 1187 2742 Liberiano

80 2783 109 2834 et
128 2772 308 2853 Felieiano‚
341 2771 493 2855 superius
519 2771 591 2856 jam
624 2771 857 2836 indicavimus.
903 2771 990 2836 Illud
1023 2793 1101 2838 vero
1133 2775 1188 2839 hie

81 2867 397 2936 commemorandum
429 2878 488 2951 est,
521 2869 654 2956 quoda
677 2869 710 2935 S.
734 2869 895 2934 Pontiano
920 2870 1043 2934 Romae
1075 2882 1189 2936 eoaeta

81 2965 204 3050 Synodo
230 2965 427 3032 confirmata
458 2965 523 3030 fuit
554 2967 770 3032 wndemaado
799 2968 945 3054 Oriqeaa's
976 2969 1188 3034 aDemetrio

82 3064 297 3132 Alexandriae
328 3065 483 3150 episeopo
515 3065 613 3130 faeta.
642 3063 894 3130 Controversiae
926 3067 1039 3130 variae
1062 3088 1101 3131 ao
1125 3068 1188 3132 dis·

82 3166 239 3228 sanniones
263 3185 304 3226 ea
326 3170 434 3226 aetate
467 3161 508 3226 de
532 3161 677 3247 Origene
709 3164 744 3227 in
767 3162 918 3228 Eeolesia
945 3175 1078 3229 exortae
1101 3174 1188 3249 sunt,

85 3263 223 3347 variique
246 3269 399 3324 auctores
421 3261 608 3344 opinantur,
632 3259 811 3348 Origenem
835 3282 965 3347 quoque
987 3283 1187 3348 propensum

81 3355 173 3422 luisse
205 3361 241 3423 in
275 3359 517 3444 oppositionem
549 3355 640 3421 illam
663 3357 706 3422 ab
730 3357 875 3422 Auctore
898 3358 1183 3446 Philosophoume·

83 3475 150 3536 non,
181 3478 279 3542 quem
312 3466 504 3541 supponunt
527 3455 766 3540 Hippolytum,
791 3456 948 3520 Romanis
971 3458 1188 3523 Pontificibus

82 3551 203 3620 laeum
222 3553 263 3618 Id
273 3552 409 3639 quidem
419 3574 537 3639 parum
547 3551 718 3638 probabile
728 3561 791 3635 est3
807 3555 921 3618 merito
932 3566 1043 3620 tamen
1054 3557 1107 3620 vel
1118 3558 1188 3642 ipse

83 3647 206 3734 Lipsius
228 3650 476 3734 animadvertit,
499 3651 699 3716 Pontianum
731 3653 765 3714 in
785 3650 970 3736 judicanda
994 3675 1094 3717 eausa
1117 3655 1188 3719 Ori·

82 3749 169 3828 genis
188 3751 335 3834 insignes
358 3758 467 3834 partes
481 3748 646 3831 habuisse,
671 3770 773 3834 quum
798 3759 912 3814 ooaeta
926 3749 1060 3834 Synodo
1085 3753 1189 3836 ipsius

83 3843 382 3912 eundemnationem
406 3846 630 3912 Alexandriae
653 3847 775 3911 saetam
799 3847 1086 3934 confirmaverim)

166 3944 194 4010 ἵ.
216 3944 449 4032 Opportunum
473 3967 553 4008 vero
576 3945 639 4008 erit
661 3943 716 4007 hie
744 3965 850 4030 panea
874 3945 914 4009 de
938 3945 1082 4029 Origene
1106 3948 1188 4010 inse·
1225 3963 1334 4014 eursu.

84 4095 283 4108 *un—*—

156 4165 174 4232 ¹)
190 4165 321 4235 lamprid.
340 4165 369 4220 in
389 4165 464 4220 Alea
484 4165 574 4221 Sever.
594 4183 615 4222 e.
635 4167 680 4220 43.

156 4243 310 4313 'ijrouel
329 4247 378 4300 der
395 4245 471 4301 Rom.
489 4245 615 4301 Bisahtle
633 4247 658 4300 S.
679 4248 738 4301 195.
