2900 4800
412 467 527 522 Honorii
545 468 675 537 epistolae
693 472 891 540 expenduntur.
1158 473 1213 528 tto

92 611 135 676 ad
149 611 302 696 Sergium
326 611 525 697 scripserant
547 611 703 698 epistolae
726 616 844 698 gratia
870 615 959 700 ,Qui
982 625 1094 681 autem
1108 625 1211 698 erant,

92 711 203 796 inquit
224 709 407 792 Penaccbi,
432 712 645 776 sacratissimi
673 711 721 778 illi
751 713 919 778 Romanae
950 714 1114 780 >ecclesiae
1147 715 1213 780 viri

92 811 151 895 qni
174 807 348 894 epistelam
371 809 588 894 scripserant,
610 810 677 874 nisi
710 812 734 875 ii
758 813 815 898 qui
840 812 1005 897 synodum
1029 813 1214 877 Romanam

93 905 355 987 constituebant,
379 915 412 970 et
435 928 517 992 quos
541 908 575 972 in
599 910 741 994 negotiis
765 912 877 994 magni
902 912 1060 975 momenti
1079 909 1214 975 RPcn·

92 1004 176 1068 tifex
189 1004 431 1088 interrogabat,
456 1026 745 1094 eorumquecpera
768 1007 1007 1096 utebatur“¹)?
1029 1007 1097 1073 Sed
1120 1029 1214 1093 argu-

93 1111 244 1176 mentum
267 1100 330 1166 hcc
353 1123 470 1167 revera
484 1103 653 1168 infirmum
665 1113 723 1170 est.
769 1105 955 1171 Potuerunt
971 1113 1058 1170 certe
1081 1107 1116 1170 in
1140 1127 1215 1169 con-

92 1199 238 1264 fectione
261 1199 349 1264 illius
372 1199 529 1285 epistolae
560 1200 670 1286 plures
703 1203 767 1266 viri
791 1202 1025 1286 ecclesiastici,
1051 1205 1108 1290 qui
1132 1203 1215 1289 ejus·

93 1297 184 1364 modi
199 1299 340 1383 negotiis
358 1309 550 1384 praeerant,
575 1321 789 1384 concurrere,
814 1300 872 1365 sed
888 1302 1052 1385 synodum
1065 1301 1215 1366 habitam

93 1417 166 1462 esse
188 1418 257 1460 non
280 1397 518 1462 existimamus.
563 1399 768 1484 Praecipuae
791 1409 902 1484 partes
926 1401 961 1464 in
986 1398 1216 1485 componenda

93 1493 234 1580 epistola
268 1503 356 1560 certo
387 1494 526 1560 ¹fuerunt
556 1496 698 1562 loannis
732 1496 884 1580 abbatis,
925 1499 984 1584 qui
1016 1519 1082 1561 non
1110 1497 1216 1562 solnm

93 1615 170 1658 eam
192 1591 294 1658 latine
318 1592 478 1675 dictasse,
503 1593 561 1658 sed
594 1597 693 1659 etiam
723 1615 797 1659 eam
820 1596 1029 1682 compossitos
1052 1595 1176 1660 dicitur
1197 1617 1217 1658 a

93 1691 243 1756 Maximo
268 1692 303 1754 in
325 1691 559 1777 Disputatione
583 1715 660 1756 cum
682 1690 821 1777 Pyrrho.

185 1789 240 1854 55.
264 1788 363 1854 Modo
393 1789 465 1875 jam
498 1789 540 1854 de
572 1787 679 1854 indole
711 1801 804 1876 utque
834 1790 982 1854 doctriua
1004 1788 1326 1874 epistolarumoneus
1342 1806 1373 1848 ru

94 1888 238 1952 Honorii
260 1886 470 1953 disseramus.
514 1888 672 1952 Pontifex
705 1889 805 1972 igitur
833 1897 867 1951 et
889 1889 946 1973 qui
970 1887 1094 1952 Romae
1125 1895 1220 1951 erant
1247 1868 1365 1982 ᾚζῗ

94 1985 170 2072 ejus
193 1983 372 2050 consiliarii
397 2005 499 2070 quum
516 1986 707 2069 ignorarent
722 2007 780 2068 ea,
804 2006 890 2071 quae
913 2008 933 2048 a
956 1983 1108 2071 pluribus
1121 1985 1218 2048 annis

94 2104 157 2168 per
180 2081 334 2166 Sergium
357 2081 505 2168 aliosque
528 2083 699 2148 Praesules
729 2084 818 2148 facta
841 2093 954 2166 erant,
979 2093 1017 2147 ut
1038 2105 1127 2148 nova
1150 2083 1218 2147 Mo-

95 2177 320 2244 notheletismi
345 2178 490 2245 haeresis
504 2189 772 2268 promoveretur,
796 2181 994 2266 gravitatem
1018 2191 1051 2246 et
1073 2179 1219 2247 indolem

95 2278 223 2362 negotii
247 2299 315 2344 uon
337 2279 417 2342 satis
440 2289 698 2364 perspexerunt3
728 2299 897 2365 quumque
920 2289 990 2344 tum
1014 2277 1167 2356 Heraclii¹
1184 2279 1220 2342 in

93 2375 284 2440 Ecclesiam
318 2377 436 2441 merita
467 2385 539 2442 tum
563 2378 669 2462 Sergii
703 2377 826 2442 famam
859 2376 982 2441 bonam
1006 2378 1219 2463 suspicerent,

95 2496 138 2539 ac
162 2473 250 2538 bona
274 2495 359 2560 quae
383 2496 426 2538 ex
449 2477 571 2540 unione
603 2476 751 2561 Aegypti
782 2475 932 2539 confecta
955 2473 1153 2538 dicebantur
1175 2497 1221 2539 se-

95 2581 177 2636 cuta
209 2571 469 2658 perpenderent,
504 2575 583 2638 moti
608 2583 695 2654 sunt,
727 2583 764 2638 ut
787 2571 893 2657 Sergii
927 2573 1154 2637 oeconomiam
1178 2570 1221 2634 ad

96 2669 276 2755 sopiendas
300 2673 541 2736 controversias
565 2671 763 2757 prudentem
790 2669 952 2734 habereut
975 2679 1007 2734 et
1030 2667 1220 2754 comproba·

94 2779 183 2834 rent.
231 2767 417 2834 Continuae
448 2768 522 2834 lites
554 2771 589 2834 in
613 2768 749 2834 Oriente
773 2777 881 2833 motae
914 2767 956 2832 de
977 2767 1220 2832 Incarnationis

96 2867 259 2950 mysterio
283 2865 555 2932 Occidentalibus
578 2866 799 2952 displicebant
822 2873 859 2930 ut
882 2864 980 2930 valde
1004 2864 1218 2950 periculosae,

95 2964 269 3049 satiusque
283 2963 470 3047 habebant,
494 2975 532 3029 ut
549 2966 589 3030 iis
604 2987 689 3051 quae
708 2964 846 3030 definita
861 2973 955 3028 erant
969 2963 1175 3028 insisteretur
1189 2972 1221 3026 et

95 3063 310 3148 quaestiones
322 3064 471 3128 curiosae
484 3065 678 3128 vitarentur.
707 3063 764 3128 Sic
779 3061 910 3126 saeculo
926 3063 1041 3147 quinto
1057 3060 1090 3126 S.
1104 3059 1222 3124 Petrus

97 3157 326 3245 chrysologus
343 3162 378 3224 iu
401 3183 461 3226 sua
474 3161 518 3226 ad
534 3159 755 3245 Eutycbetem
775 3159 989 3244 responsione
1005 3159 1047 3224 de
1070 3160 1132 3223 isto
1149 3178 1222 3243 prn-

95 3261 168 3323 ritu
182 3259 411 3343 perscrutandi
427 3260 594 3343 mysteria,
609 3260 695 3322 tristi
711 3259 922 3343 conqueritur
936 3258 1046 3321 auimo
1060 3254 1222 3320 scribens:

99 3358 134 3422 T
129 3358 221 3422 stads
244 3357 306 3444 leqt'
328 3359 433 3422 tristes
457 3357 582 3422 litteras
605 3368 685 3422 tuos.
711 3405 718 3420 .
748 3405 756 3421 .
784 3356 931 3440 Triginta
952 3356 1047 3419 urrais
1069 3355 1224 3418 hamanus

95 3455 184 3542 lepos
205 3456 360 3520 damnans
376 3457 522 3520 adimam
539 3457 749 3542 quaestuose,
767 3464 798 3518 et
814 3452 934 3519 Cluistt'
950 3454 1120 3538 pennatis,
1145 3475 1223 3538 quae

96 3554 216 3618 ἀίνίπα
231 3553 296 3639 lepe
310 3554 458 3619 scribitur
470 3552 712 3630 inenarrabilis,
722 3561 798 3638 pest
809 3561 854 3616 tot
867 3551 995 3616 saecula
1009 3551 1224 3636 disputatione

98 3653 274 3718 maria
305 3651 519 3740 curtilatur¹).
572 3651 617 3716 Et
648 3649 682 3716 S.
710 3649 906 3714 Hormisdas
928 3648 1083 3713 Pontifex
1115 3667 1225 3731 aeger-

97 3753 187 3816 rime
209 3750 286 3816 tulit
318 3752 576 3816 controversiam
609 3772 630 3813 a
653 3749 809 3833 Scythiae
843 3745 1015 3811 monachis
1045 3747 1224 3808 excitatam
1309 3793 1316 3805 .

98 3849 145 3915 de
169 3848 326 3914 formula:
355 3849 443 3914 Unus
466 3873 482 3912 e
509 3849 668 3912 Trinitate
685 3869 806 3933 passus
834 3856 898 3923 est,
923 3865 984 3909 uec
1007 3863 1102 3906 usum
1126 3840 1225 3928 hujus

97 3946 265 4014 formulae
282 3947 497 4035 comprobare
520 3945 643 4027 voluit,
668 3944 726 4010 sed
742 3945 850 4029 potius
870 3941 912 4007 ab
937 3963 976 4008 ea
989 3939 1225 4006 abstinendum

100 4121 318 4132 anu—...m-

181 4249 256 4320 ¹)1..
275 4267 297 4305 c.
315 4265 372 4318 cap.
393 4249 447 4302 Vll
476 4263 501 4315 p.
525 4248 580 4302 lla
730 4245 753 4315 ¹)
773 4244 861 4310 Epist.
880 4243 914 4296 sd
933 4239 1119 4310 Eutychetaus.
