2806 4848
383 485 576 541 Reconciliatio
593 484 824 540 &marianorum
1122 486 1157 541 95

59 632 94 695 ah
115 629 256 695 ecclesiis
288 631 354 694 suis
386 629 592 716 ejicerentur,
624 651 661 693 eo
684 637 831 714 tempore
860 651 881 691 a
903 628 1036 692 Meletio
1059 632 1156 716 patri·

59 728 146 793 archa
160 727 379 810 Antiocheno,
404 749 502 814 quem
518 727 560 792 ab
574 727 776 812 Imperatore
801 728 835 789 in
858 725 941 790 urbe
964 728 1026 790 ista
1039 738 1157 812 agente

59 847 172 890 summo
200 827 237 890 in
269 825 373 911 pretio
405 823 521 889 haberi
554 833 724 906 noverant,
748 823 912 908 synodum
941 825 1157 910 postularunt.

60 927 90 989 ln
112 949 148 989 ea
170 925 313 989 Aeacius
336 933 369 988 et
391 923 446 987 alii
470 925 738 1009 vigintiquinque
766 922 911 1009 episcopi
943 923 1014 1008 ejus
1046 945 1158 1009 sequa·

58 1047 103 1086 ces
119 1045 181 1087 una
204 1045 280 1086 cum
296 1021 428 1086 Meletio
452 1021 571 1106 synodi
592 1021 752 1108 praeside,
777 1041 859 1084 voce
881 1020 1158 1086 consubstantialis

58 1121 240 1186 etllicaena
263 1119 328 1184 fide
351 1119 511 1202 admissis,
534 1121 689 1184 unionem
713 1139 789 1182 cum
804 1118 982 1185 Catholicis
1005 1121 1158 1185 inierunt.
1235 1148 1239 1155 ¹

139 1219 188 1283 18.
212 1217 279 1284 Sed
308 1218 401 1283 brevi
443 1227 515 1303 post
547 1217 689 1282 Joviano
728 1225 937 1302 praematura
973 1229 1076 1283 morte
1107 1241 1329 1284 err-vaunnam

57 1319 175 1396 stinoto,
205 1316 384 1401 Imperium
409 1315 554 1380 divisum
578 1316 650 1396 fuit,
676 1325 708 1378 et
746 1314 987 1381 Valmts'm‘oaas
1009 1319 1044 1381 in
1068 1317 1161 1383 Occi·
1187 1307 1209 1346 ⁰²
1226 1303 1309 1345 mm·

56 1415 145 1478 dente
168 1413 357 1496 Mediolani,
388 1411 503 1477 Valeas
528 1414 598 1499 ejus
628 1414 728 1476 frater
757 1414 791 1475 in
817 1411 952 1478 Oriente
977 1413 1160 1480 Constanti-

57 1511 157 1599 nopoli
195 1521 384 1596 regnarunt.
440 1511 694 1575 Valentinianus
724 1509 905 1578 catholicae
935 1511 1013 1576 fidei
1041 1513 1161 1600 profes-

55 1613 138 1674 sione
162 1609 289 1692 claruit,
313 1609 453 1695 pacifica
475 1619 587 1673 tamen
609 1608 748 1672 aliorum
764 1607 911 1672 cultuum
937 1611 1095 1675 exercitia
1117 1619 1162 1676 to·

56 1709 175 1773 letavit.
224 1707 336 1787 Quum
360 1707 420 1771 sub
445 1709 515 1792 ipso
541 1706 685 1770 defensio
702 1705 778 1770 fidei
804 1705 1006 1772 orthodoxae
1030 1708 1072 1773 ab
1097 1731 1162 1773 om·

56 1808 147 1870 nihns
178 1808 274 1870 vexis
305 1805 409 1869 libera
439 1815 532 1886 esset,
564 1806 598 1868 in
622 1803 804 1869 Occidente
827 1804 1035 1870 Arianismus
1057 1813 1162 1893 pheno

56 1907 231 1970 exstinctus
268 1912 325 1968 est.
381 1903 446 1969 Sed
484 1905 518 1967 in
552 1901 687 1967 Oriente
719 1901 842 1966 Valens
879 1925 898 1966 a
931 1905 1071 1990 conjuge
1103 1927 1162 1970 sua

57 2003 175 2067 Ariana
198 2013 232 2066 et
255 2002 296 2066 ab
320 2001 473 2066 Eudoxio
497 2001 649 2086 episcopo
675 1999 807 2064 CPtano
840 2001 1094 2084 circumventus,
1119 2003 1161 2068 ab

57 2101 143 2165 initio
168 2101 255 2164 favit
278 2099 421 2180 Arianis,
446 2098 636 2183 etquidem
659 2097 848 2179 Anomoeis,
872 2097 968 2163 aliter
989 2121 1068 2164 vero
1092 2123 1162 2165 sen-

57 2201 166 2264 tientes
189 2198 337 2283 graviter
357 2207 548 2283 persecutus
571 2206 629 2262 est.
674 2194 898 2261 Nihilominus
928 2199 990 2262 sub
1014 2200 1084 2285 ipso
1109 2199 1163 2265 Se-

56 2299 203 2362 miariani
235 2295 418 2382 complures
440 2297 543 2359 secuti
568 2304 644 2358 sunt
667 2294 853 2380 exemplum
869 2294 984 2360 Aeacii
1009 2307 1041 2360 et
1064 2299 1163 2363 socio-

56 2418 121 2460 rum
154 2396 246 2480 ejus,
280 2415 319 2458 ac
351 2415 467 2458 rocem
491 2391 768 2457 consubstantialis
800 2403 832 2456 et
858 2393 1040 2459 Nicaenam
1064 2395 1163 2459 fidem
1178 2425 1317 2468 mmm

56 2500 255 2580 receperunt.
303 2492 414 2572 Quum
437 2490 624 2555 videlicet
615 2492 677 2577 ipsi
706 2490 749 2554 ab
772 2489 906 2555 Arianis
929 2505 1163 2577 premerentur,
1173 2499 1312 2591 mufffgm
1287 2499 1333 2529 ¹²⁰¹·

55 2615 88 2654 ac
123 2591 249 2656 Valens
278 2591 461 2676 Imperator
489 2610 543 2654 eos
573 2588 615 2652 ad
643 2589 955 2654 communicandum
979 2614 1054 2656 cum
1077 2591 1164 2658 Ano·

57 2692 151 2754 mosis
176 2687 388 2774 compelleret
411 2707 589 2772 eorumque
612 2686 765 2752 ecclesias
789 2687 840 2750 his
862 2688 1022 2772 traderet3
1046 2689 1142 2754 illi
1117 2714 1164 2755 sio

57 2790 163 2852 vexati
187 2785 415 2873 persingulas
439 2786 589 2848 civitates
607 2783 731 2868 legatos
754 2785 838 2848 inter
860 2807 895 2849 se
918 2739 1086 2869 miserimt,
1110 2811 1165 2852 va-

56 2889 174 2973 riisque
199 2887 300 2948 etiam
323 2883 403 2948 locis
427 2881 567 2946 concilia
590 2881 806 2947 celebrarunt.
829 2883 997 2950 Postremo
1021 2887 1055 2948 in
1079 2884 1165 2950 hanc

54 2991 278 3049 convenerunt
301 2982 495 3046 sententiam
519 2980 658 3068 (Socrat.
682 2979 741 3045 IV.
768 2978 837 3067 12),
860 2985 1035 3046 accessorio
1058 2984 1165 3070 coassa-

52 3084 196 3168 p'eudam
220 3105 284 3145 esse
309 3091 372 3144 tam
393 3079 443 3143 'ad
463 3077 606 3164 fratrem
628 3079 832 3165 Imperatoris
855 3077 1164 3169 (Valentinianum),

55 3191 110 3243 tum
133 3181 182 3245 ad
204 3177 364 3244 Liberium
378 3179 540 3242 Roaraaae
559 3177 652 3241 Urbis
668 3177 866 3264 Episcopum,
891 3200 1052 3264 eomanqae
1066 3179 1166 3262 fidem

54 3279 301 3368 amplectendam
327 3277 447 3364 potius,
472 3299 564 3362 quom
592 3285 628 3339 ut
649 3299 717 3340 aum
739 3275 886 3340 Ersdooeio
911 3275 1064 3364 (Ariane)
1087 3301 1164 3342 com-

54 3381 254 3443 municarent.
286 3376 420 3439 Mittaat
446 3375 543 3460 ipitar
571 3375 769 3438 Eustathiom
802 3371 951 3438 Sebastos
978 3377 1164 3462 episcopam,

54 3523 120 3539 ...
147 3473 315 3540 &leonum
341 3473 436 3537 Tarsi
466 3469 610 3551 Oilics'ae,
635 3483 664 3536 et
689 3471 891 3558 Theophilum
917 3471 1165 3557 Castabalenses,

54 3597 125 3658 panc
150 3575 249 3638 etiam
275 3571 404 3637 Ciliciae
427 3569 579 3650 orbesat,
602 3570 822 3656 mandantque,
844 3594 884 3634 ae
907 3572 942 3633 ia
959 3571 1023 3656 fide
1047 3572 1165 3636 diesca-

55 3675 132 3736 tiant
155 3695 179 3735 a
203 3671 343 3748 Lites-io,
368 3669 423 3734 sed
445 3692 513 3732 cam
536 3666 666 3732 ecclesia
688 3669 834 3732 Romana
856 3671 1097 3733 commsmioasm
1117 3671 1162 3733 s'a·

53 3782 130 3848 eant,
146 3768 307 3855 fidemque
330 3765 607 3830 commutantium
628 3789 682 3829 sao
706 3788 856 3829 omiseram
879 3765 1065 3850 confirmaret.
1091 3817 1098 3831 .
1121 3816 1128 3830 .
1155 3817 1162 3831 .

57 3867 96 3930 Hi
126 3889 202 3952 erpo
232 3868 365 3930 Romam
393 3875 551 3929 sommant.
598 3863 641 3928 Et
663 3864 886 3950 Imperatorem
917 3866 1040 3950 quidem
1061 3867 1164 3952 ipsum

54 3965 139 4029 adi-rs
165 3965 212 4029 eis
235 3987 298 4028 aaa
322 3964 419 4042 licuit,
453 3963 567 4050 quippo
600 3963 654 4048 qai
685 3960 764 4026 bello
796 3973 907 4026 conca
929 3961 1094 4028 Somnatas
1118 3963 1165 4026 di-

54 4065 178 4128 strictus
201 4063 236 4126 s'a
262 4059 382 4126 Galliis
406 4071 570 4126 terreretur.
609 4059 734 4124 Liberis
758 4083 828 4123 vero
853 4057 974 4125 litteras
997 4083 1071 4126 amas
1089 4085 1166 4148 por-

54 4171 210 4228 raremat.
257 4159 317 4224 Ille
344 4161 435 4224 initio
460 4159 583 4245 quidem
611 4181 662 4222 eos
685 4157 847 4222 admittere
869 4158 1047 4237 remssabat,
1071 4158 1166 4224 Asia-

55 4287 163 4326 norum
182 4261 327 4348 partium
350 4279 402 4323 sas
425 4279 490 4322 asse
505 4257 620 4337 diceas,
636 4279 691 4319 aec
708 4255 747 4319 ab
761 4255 904 4321 Ecclesia
927 4258 1045 4344 amathi
1059 4279 1165 4343 posse,
