2876 4814
487 495 631 558 Doctrinae
650 499 783 559 Auctoris.
1140 503 1193 556 223

85 649 216 732 divinae,
241 669 347 736 quum
382 649 479 714 Noeti
503 649 604 712 errori
636 649 810 730 resisteret,
844 668 910 712 non
934 645 1013 711 satis
1035 667 1191 728 servasse,

83 761 110 810 et
138 751 323 830 censuisse,
358 746 506 812 Verbum
539 745 674 832 quidem
706 768 776 810 esse
808 745 957 832 ejusdem
988 755 1125 810 naturae
1157 757 1193 809 ut

84 846 212 928 Patrem,
228 847 290 911 sed
312 868 449 912 numero
473 844 658 909 distinctae.
703 843 867 908 Videmus
890 845 989 926 enim,
1014 865 1033 908 a
1058 841 1191 908 Callisto

83 967 148 1008 oum
179 945 342 1010 ditliem
373 953 564 1008 accusatam
597 942 698 1007 fuisse
731 951 802 1006 tnm
834 943 969 1007 vivente
992 941 1191 1027 Zephyrin0,

83 1061 142 1106 tam
164 1053 342 1130 postquam
368 1041 523 1107 Callistus
556 1043 625 1126 ipse
655 1061 843 1126 supremam
867 1039 1058 1104 cathedram
1081 1063 1192 1104 ascen·

84 1140 132 1204 dit.
184 1141 273 1206 Satis
312 1139 451 1204 obscure
488 1149 598 1204 autem
631 1140 768 1225 exponit
800 1138 926 1201 Auctor
962 1137 1003 1201 de
1035 1138 1192 1204 relatione

84 1237 177 1302 Patris
199 1249 233 1302 et
257 1237 365 1302 Verbi
389 1237 488 1302 fidem
512 1258 607 1301 suam
627 1236 666 1302 L.
682 1237 725 1302 X.
750 1260 782 1302 n.
806 1237 860 1301 33.
884 1234 965 1314 „Ille
988 1237 1086 1322 ipitur
1108 1237 1193 1302 eolus

84 1349 108 1398 rt
133 1337 303 1400 secundnm
340 1338 447 1400 omnia
476 1333 569 1418 (κατὰ
601 1333 743 1418 πάντων)
773 1334 861 1398 Deus
899 1333 1031 1398 Verbum
1054 1338 1194 1422 primam

85 1435 240 1521 copitaeido
272 1436 450 1523 propipnit,
488 1457 552 1497 nou
581 1433 713 1498 Verbum
751 1445 786 1497 ut
807 1456 923 1511 vocem,
960 1433 1015 1497 sed
1037 1435 1195 1500 intentam

87 1533 219 1597 {feteant
248 1535 408 1598 ratiortem
435 1529 638 1616 (ἐνδιάθετον
664 1535 721 1594 τοῦ
748 1529 878 1608 Παντὸς
904 1530 1077 1614 λογισμὸν).
1125 1533 1194 1597 Hoc

85 1629 171 1693 solum
194 1628 376 1718 (Verbum)
400 1627 434 1710 ἒξ
462 1627 563 1693 ὄντων
585 1631 769 1716 progenuit,
796 1627 835 1692 eb
862 1627 920 1715 γὰρ
947 1625 984 1692 bv
1006 1632 1075 1718 ipae
1098 1631 1194 1698 Pater

85 1739 154 1807 eat,
176 1752 216 1792 ac
239 1751 303 1816 quo
328 1739 398 1793 erat
426 1727 558 1792 Verbum
587 1727 669 1813 meod
692 1751 789 1791 cauea
813 1738 859 1792 eet
880 1751 985 1792 renem
1007 1741 1192 1808 creatarum,

85 1828 113 1888 in
132 1829 198 1914 ipeo
220 1827 379 1914 penitendo
400 1825 720 1911 uoluntatemferene,
744 1850 799 1889 nee
822 1827 1020 1912 inexpertem
1036 1839 1193 1914 paternae

84 1925 296 2010 conceptionis.
347 1922 448 1998 Qum
472 1926 553 1988 enim
576 1947 616 1988 eae
635 1926 774 2011 penitere
792 1921 948 2011 procedat
964 1927 1194 2012 primogenitus

86 2021 171 2098 illine,
187 2023 306 2110 sactum
329 2022 423 2086 amul
451 2045 522 2106 voa,
547 2022 638 2085 babet
660 2024 694 2086 ia
719 2045 749 2086 ee
773 2043 852 2108 qima
873 2024 909 2086 in
933 2023 1027 2086 Patre
1050 2045 1192 2110 concepe-

90 2131 133 2182 rat
154 2121 262 2202 ideae;
285 2121 368 2184 unde
384 2121 514 2211 jubente
530 2121 624 2184 Patre
640 2120 788 2183 mundium
801 2120 881 2205 fieri
896 2120 1034 2207 perfecit
1064 2121 1193 2186 Verbum

87 2219 113 2280 in
141 2219 276 2306 eradio
306 2218 375 2282 Deo
408 2219 656 2304 obtemperans!
701 2217 794 2282 Haec
827 2218 960 2304 quidem
984 2243 1043 2306 per
1065 2244 1099 2286 se
1125 2245 1192 2286 non

89 2315 229 2381 ridentur
263 2315 394 2380 obstare
426 2327 535 2380 rectae
558 2315 653 2399 fidei3
686 2326 825 2402 possunt
847 2316 936 2380 enim
964 2319 1122 2407 explicari
1147 2343 1192 2384 sc·

88 2413 218 2479 candum
243 2413 430 2480 doctrinam
454 2413 494 2478 de
508 2413 620 2477 Verbo
641 2410 821 2496 ἓνδιαθὲτῳ
836 2423 867 2478 et
891 2414 931 2479 de
956 2416 1066 2482 Verbo
1089 2439 1193 2503 προσ-

89 2507 212 2596 rpapinp,
238 2535 324 2600 quae
341 2512 430 2600 apud
454 2511 563 2599 plures
577 2512 691 2576 Patres
714 2513 893 2578 invenitur.
916 2514 1059 2581 Inferius
1082 2527 1191 2582 autem

89 2607 174 2675 dicit:
196 2612 296 2689 „Post
318 2636 356 2675 ea
379 2635 420 2675 ce:
442 2611 583 2674 omuibus
598 2611 777 2696 conmoeitie
799 2611 985 2677 substantiis
1004 2639 1109 2678 rerum
1131 2639 1193 2680 om-

91 2709 161 2770 niun
197 2711 425 2774 dominatorem
466 2707 598 2773 Creator
633 2709 788 2796 conflavit.
839 2711 914 2774 Non
950 2723 1054 2775 autem
1091 2714 1193 2777 Deum

90 2803 180 2870 colem
198 2808 313 2894 secere
342 2809 476 2887 mavit,
505 2829 560 2870 aec
588 2806 746 2894 eupolum,
769 2831 807 2872 ne
827 2809 950 2894 fallam
977 2807 1033 2896 (μὴ
1055 2809 1191 2898 alerci),

90 2903 135 2965 aa
154 2905 312 2970 bominem.
363 2906 497 2970 Namee'
520 2915 547 2968 te
571 2905 672 2969 Deum
695 2905 843 2970 volteieeet
867 2906 989 2992 secere,
1020 2911 1193 2994 potuissem
1266 2953 1269 2960 =

91 3003 249 3088 exemplum
273 3005 322 3067 rei
343 3003 436 3067 babeo
458 3003 588 3068 Verbum
603 2997 698 3085 (ἔχεις
712 3007 769 3066 τοῦ
785 3003 898 3086 Λόγοι·
913 3001 951 3068 τὰ
967 3003 1192 3090 παράδειγμα.)

92 3095 145 3162 Sed
163 3101 313 3166 bominem
336 3102 461 3181 vokra,
489 3102 640 3165 bomimm
664 3113 692 3165 te
707 3102 812 3187 fecit;
844 3105 873 3167 ei
895 3115 997 3167 autem
1024 3104 1072 3169 vie
1099 3107 1193 3168 etiam

92 3195 165 3260 Deae
177 3199 262 3284 fieri,
282 3197 427 3264 Creatori
449 3199 549 3279 obedi,
573 3222 669 3285 neque
685 3200 851 3264 adversare
874 3226 967 3280 aune,
990 3213 1025 3266 ut
1047 3204 1082 3266 in
1104 3205 1192 3266 mini-

93 3295 141 3357 nie
160 3299 282 3362 incanto
307 3299 367 3362 tibi
378 3297 475 3384 fideli
496 3321 611 3385 mapna
643 3298 787 3361 concredi
802 3301 938 3385 poeaint.
987 3301 1092 3391 Hujus
1120 3301 1192 3365 Ver-

92 3389 151 3456 bum
180 3396 278 3462 eclam
309 3420 350 3460 ec
372 3399 464 3482 ἐμω·
495 3397 565 3461 ideo
598 3397 693 3460 etiam
714 3397 812 3476 Deae,
835 3420 928 3483 quum
951 3399 993 3462 eit
1015 3399 1193 3463 substantia

93 3489 146 3552 Dei
165 3489 268 3574 (m’rria
291 3492 441 3580 ὑπάρχων
467 3495 570 3577 Θεοῦ).
619 3493 759 3557 ditandae
782 3505 885 3558 autem
908 3517 948 3558 ee
970 3496 1091 3577 attila·
1121 3497 1193 3561 ideo

94 3610 145 3650 noa
166 3590 271 3671 Deae;
303 3593 352 3656 bic
375 3595 470 3657 etiam
497 3593 694 3672 dieeolm‘tur,
718 3592 844 3677 quando
867 3593 934 3657 uult
956 3596 1011 3679 qui
1033 3618 1102 3657 eum
1124 3619 1193 3659 con-

93 3684 195 3752 didit.“
239 3689 293 3754 Ex
324 3688 376 3754 his
399 3689 494 3776 plura
524 3699 713 3776 suspectum
741 3690 884 3755 reddunt
908 3691 1114 3758 Auctorem..
1143 3693 1193 3757 Ne

94 3783 216 3851 terbum
240 3787 376 3874 quidem
409 3787 510 3854 babet
532 3789 574 3853 de
598 3789 769 3853 numerica
800 3790 926 3853 unitate
949 3797 1086 3854 naturae
1111 3790 1193 3855 divi·

95 3901 156 3962 nae,
178 3907 213 3948 ae
238 3885 330 3968 dicit,
347 3887 458 3950 Deum
481 3888 626 3973 potuisse
650 3888 751 3950 etiam
765 3885 933 3952 hominem
948 3888 1055 3952 facere
1072 3889 1192 3973 Deum,

95 3979 176 4044 sicuti
200 3982 357 4049 Verbum.
390 3985 464 4048 Hoc
487 3994 598 4048 autem
622 3985 713 4049 Deus
737 3995 795 4068 est,
820 3987 899 4072 quia
922 4008 989 4050 non
1012 4009 1055 4050 ex
1078 3987 1191 4072 nihilo,

96 4075 143 4140 sed
164 4101 202 4144 ex
224 4079 408 4147 substantie
431 4082 496 4146 Dei
526 4092 590 4166 est3
615 4082 759 4148 mundus
783 4105 861 4148 vero
886 4107 928 4148 ex
951 4083 1054 4150 nihilo
1078 4093 1136 4168 est,
1161 4095 1194 4150 et

96 4171 158 4239 ideo
180 4201 243 4244 non
267 4179 368 4246 Deus.
415 4181 509 4245 Haec
541 4180 645 4246 veluti
669 4203 729 4269 per
760 4205 794 4246 se
817 4205 891 4247 eam
914 4183 1081 4248 notionem
1105 4185 1193 4270 inge·

97 4286 170 4356 runt,
192 4275 338 4342 Verbum
371 4301 441 4344 esee
474 4277 612 4345 alterum
645 4279 766 4362 Deum,
799 4279 947 4367 ejusdem
976 4281 1111 4369 quidem
1134 4282 1193 4350 sed
