2836 4804
531 441 628 510 vigilii
646 447 734 511 geo.
1136 443 1190 498 ass

80 586 136 650 tria
159 583 312 670 Cepitule
335 583 565 670 promulgavit.
601 585 642 650 Id
664 607 763 670 aegre
785 585 861 650 tulit
884 588 1000 651 merito
1024 586 1187 668 Pontifex,

79 693 109 746 et
136 683 252 747 accitis
286 684 319 746 in
351 683 450 747 aedes
481 681 692 748 Placidianas
725 685 896 770 episcopis,
921 693 1120 770 protestatus
1142 693 1191 748 est

80 790 186 846 eontm
200 779 283 844 illud
299 780 511 865 Imperatoris
528 779 673 844 edictum
688 789 722 844 et
736 783 977 846 communionis
989 805 1068 847 suae
1083 784 1190 868 priva·

78 881 195 944 tionem
210 879 365 956 minatus,
380 879 407 942 si
418 877 628 963 Imperatoris
644 877 752 942 edicto
773 899 969 944 consensum
985 879 1189 966 praeberent.

78 975 138 1042 ded
171 975 365 1040 Theodorus
396 975 538 1040 Asoidas
571 997 647 1040 cum
679 976 753 1040 eliis
786 979 950 1064 episcopis
973 975 1190 1042 nihilominus

78 1073 206 1160 publice
233 1073 342 1138 edicto
367 1073 413 1138 illi
439 1073 669 1140 adhaeserunt.
713 1074 907 1142 Theodorus
932 1077 966 1140 in
991 1097 1029 1140 ee
1052 1075 1191 1140 basilica

80 1173 126 1236 cui
159 1172 307 1236 edictum
339 1173 480 1236 affixum
513 1182 583 1236 erat
605 1171 796 1237 solemniter
826 1196 919 1238 sacre
943 1173 1134 1256 celebravit,
1159 1183 1192 1237 ct

79 1271 300 1334 consentiente
323 1269 445 1335 Manna
468 1271 649 1354 ignavioris
672 1272 776 1334 animi
803 1273 886 1352 viro,
910 1271 1038 1336 Zoilum
1052 1272 1192 1336 Patrier-

80 1367 170 1432 obam
196 1366 465 1432 Alexandrinum
497 1367 606 1432 edicto
629 1366 845 1432 reluctantem
871 1392 889 1433 e
913 1369 1082 1456 diptychis
1105 1389 1193 1434 emo-

79 1467 133 1547 vit,
165 1468 202 1530 in
235 1466 372 1552 ejusque
402 1465 521 1546 locum,
546 1467 627 1551 quin
651 1465 763 1530 Zoilus
791 1467 888 1532 modo
912 1469 1072 1533 canonico
1096 1466 1193 1552 dspo-

79 1566 154 1628 situs
178 1575 274 1644 esset,
298 1563 525 1649 Apollinarem
549 1575 707 1650 tanquam
731 1565 802 1650 ejus
825 1587 1046 1630 successorem
1069 1563 1193 1650 procla·

80 1664 190 1727 mavit.
237 1662 315 1726 Jam
350 1663 481 1748 saepius
504 1661 648 1746 Vigilius
671 1661 892 1744 Theodorum,
920 1685 1091 1748 nunquam
1115 1659 1194 1726 an-

11 1836 15 1845 .
79 1781 188 1824 saraae
212 1759 348 1824 insede
380 1782 440 1824 sue
462 1759 671 1841 residentem,
695 1760 753 1824 sed
786 1761 942 1825 continuo
966 1762 1000 1824 in
1024 1759 1101 1824 aula
1124 1781 1194 1823 ver-

79 1869 214 1939 santem,
241 1857 281 1922 de
305 1857 424 1922 officiis
453 1859 520 1921 suis
548 1859 783 1940 admonuerst3
808 1879 910 1943 quum
934 1880 1013 1922 vero
1037 1857 1134 1922 modo
1159 1858 1193 1921 in

80 1956 267 2041 pontificiae
306 1957 511 2020 auctoritatis
551 1957 707 2042 injuriam
742 1954 915 2020 arbitrario
951 1955 1047 2020 modo
1083 1956 1194 2020 omnia

10 2083 15 2109 ι
80 2054 266 2140 disponeret
294 2052 474 2139 turbasque
506 2064 651 2139 augeret,
682 2053 837 2118 Pontifex
868 2076 943 2120 eum
971 2053 1080 2119 medio
1103 2052 1193 2119 Julio

80 2155 153 2218 anni
186 2151 251 2216 451
277 2153 589 2216 excommunicavit.
636 2152 818 2217 Justiniani
851 2153 935 2217 iram
959 2153 1074 2216 merito
1099 2153 1194 2237 perti·

82 2272 236 2333 mescens,
260 2249 406 2335 Vigilius
428 2251 462 2314 in
493 2249 664 2314 basilicam
689 2248 722 2316 S.
746 2251 834 2316 Petri
858 2252 893 2314 in
916 2249 1095 2316 Hormisda
1119 2273 1195 2315 oum

80 2347 149 2413 aliis
174 2351 341 2435 episcopis
373 2347 634 2414 occidentalibus
667 2350 810 2432 secessit,
843 2348 957 2435 ibique
986 2347 1197 2414 Theodorum
1316 2393 1335 2421 n

80 2447 239 2512 malorum
273 2456 442 2511 auctorem
475 2448 609 2511 omnino
643 2446 805 2532 deposuit,
836 2446 993 2510 Mennam
1023 2467 1101 2510 vero
1125 2445 1197 2511 reli-

80 2566 225 2631 quosque
249 2546 419 2630 episcopos
450 2543 537 2608 illius
567 2544 709 2608 asseclas
741 2567 761 2608 a
792 2546 1022 2609 communione
1047 2547 1196 2628 semovit,

8 2672 15 2721 ς
83 2643 185 2708 donee
210 2642 467 2707 satisfactionem
491 2642 644 2706 Pontifici
668 2644 915 2728 praestitissent.
962 2643 1062 2708 Haud
1087 2653 1198 2708 tamen

84 2743 192 2804 stetim
217 2739 442 2804 damnationis
465 2742 662 2804 sententiam
676 2740 871 2826 publicavit,
888 2739 945 2804 sed
969 2751 1117 2827 paratam
1142 2741 1198 2829 (ex

9 2884 14 2895 .
82 2837 132 2902 die
158 2840 199 2902 17
225 2837 382 2924 Augusti)
406 2839 551 2902 retinuit.
598 2838 748 2902 Eventus
779 2838 814 2903 hi
839 2836 1038 2921 colliguntur
1061 2860 1103 2902 ex
1127 2841 1198 2924 ipsa

81 2937 295 3000 Damnatione
318 2936 495 3017 Theodori,
511 2937 544 2999 in
565 2957 631 3020 que
646 2935 789 3020 Vigilius
803 2939 890 3001 inter
912 2935 977 3000 alia
1000 2936 1103 3000 dicit:
1128 2937 1199 3000 Nos

82 3034 348 3120 hispanimitutem
370 3045 512 3099 nomem
526 3034 638 3098 diuino
653 3033 801 3120 larpitote
819 3055 1002 3110 conoessum,
1028 3043 1092 3096 tum
1114 3034 1200 3096 circu

82 3143 106 3194 te
130 3155 225 3218 qssum
248 3134 333 3197 circa
357 3131 498 3196 sedrictoc
522 3131 579 3196 abs
612 3143 640 3195 te
668 3155 748 3217 perse
780 3133 834 3194 loc
856 3131 1066 3216 quinquennio
1090 3127 1199 3217 elapso

82 3231 329 3294 mauditum.
354 3230 493 3294 Primum
517 3231 640 3315 quidem
663 3231 698 3293 iu
720 3251 766 3307 eo,
790 3227 873 3314 quod
889 3250 954 3314 pro
977 3227 1130 3292 scandalo
1152 3251 1199 3292 re·

74 3325 261 3409 fruenoudo
286 3327 562 3392 amedeeoeodeutec
593 3326 798 3412 ponendam
829 3325 954 3404 animis,
985 3347 1061 3412 quos
1091 3325 1201 3411 aliquo

82 3423 317 3512 &perseam
341 3425 495 3489 credimus
519 3423 754 3512 temperandos,
781 3425 857 3510 quia
885 3435 917 3487 tu
932 3427 1005 3511 jorn
1027 3445 1078 3488 eos
1096 3423 1200 3510 pluri·

83 3519 136 3586 ὀιιι
158 3524 255 3588 came
277 3523 522 3609 inquietissimus
545 3520 725 3586 stimulator
743 3521 941 3602 accenderis,
966 3521 1120 3606 quaedam
1136 3543 1200 3606 pro

83 3629 217 3708 tempore
240 3620 470 3684 medicinaliter
502 3619 749 3684 eaeietimmraus
778 3619 974 3698 ordinanda,
1000 3616 1060 3682 tuli
1081 3617 1201 3682 calmet

82 3719 269 3798 conditione,
292 3728 328 3782 ut
352 3717 436 3782 omni
465 3719 501 3780 in
518 3728 680 3802 pectenem
704 3717 941 3803 perturbatione
973 3717 1093 3802 sopita,
1121 3713 1201 3778 nibil

82 3811 165 3880 altra
187 3837 244 3880 aee
266 3815 357 3880 oerlm
380 3837 436 3880 nec
459 3815 574 3880 litteris
596 3817 761 3902 quisquam
774 3815 887 3901 fucere
911 3837 951 3878 ea
972 3813 1081 3878 ecdem
1104 3835 1201 3877 cauca

77 3923 299 3998 praeuenerat.
346 3911 391 3976 At
426 3924 459 3976 tu
482 3935 606 3999 prauae
639 3914 873 3977 conaretudinis
901 3921 1019 3976 troctas
1050 3909 1199 3989 audacia,

82 4033 176 4096 aeque
200 4021 273 4074 tiore
296 4033 418 4074 cessare
449 4033 470 4074 a
502 4009 732 4074 emetiendis
761 4010 811 4074 uel
827 4007 1060 4096 praedicandis
1080 4009 1201 4072 novitu-

84 4107 163 4174 tibus
191 4109 336 4188 uoluisti,
369 4109 416 4172 ita
447 4119 482 4172 ot
512 4109 639 4193 saepiae
672 4107 787 4172 libellis
821 4109 1035 4193 episcoporum
1066 4105 1202 4170 redditis

82 4216 110 4268 et
131 4229 312 4270 ceurennum
336 4216 421 4270 teum
445 4228 513 4268 enm
535 4206 576 4268 iis
595 4207 735 4291 propria
764 4206 958 4291 consistione
981 4203 1200 4280 condemnans,
