2874 4812
462 479 599 540 Jndicium
616 477 747 542 criticum.
1112 483 1165 546 336

80 639 299 696 ssommentum.
344 627 397 693 Ita
426 649 453 693 e.
486 650 518 713 g.
547 629 658 710 sensit,
682 629 820 712 Mattes3
850 631 1005 716 opinatur
1027 641 1060 698 et
1083 633 1162 717 ipse,

78 728 331 792 mnfirmationem
354 725 397 790 ab
421 725 597 790 haereticis
621 725 774 791 collatam
788 747 855 792 non
878 749 949 792 asse
971 729 1162 817 validam1).
1251 751 1254 756 ·

78 826 229 890 Dumvero
253 827 326 910 ipsa
349 825 574 889 controversia
597 824 733 908 vigeret,
759 823 816 890 SS.
834 823 1023 911 Cyprianus
1047 837 1079 892 et
1094 829 1163 892 Fir-

77 922 202 986 niiisnus
216 922 342 1008 opinati
358 930 445 1004 sunt,
467 919 725 985 confirmationis
741 923 946 987 iterationem
960 946 980 987 a
995 924 1163 1010 Stephano
1203 952 1206 963 ·

77 1021 202 1104 permitti,
224 1017 369 1104 indeque
391 1019 611 1102 argumentati
635 1026 726 1100 sunt,
751 1020 851 1082 etiam
880 1018 1084 1105 baptismum
1107 1024 1163 1086 ite

76 1117 188 1181 randum
210 1138 291 1182 esse.
337 1115 389 1180 Ita
413 1114 600 1200 Cyprianus
624 1137 674 1201 ep.
701 1116 742 1179 73
767 1117 814 1180 sio
837 1116 998 1204 disputat:
1028 1117 1165 1192 'Quodsi
1198 1145 1202 1153 ’

76 1215 213 1279 madum
229 1236 368 1301 pavant
383 1213 483 1297 fldem
510 1213 669 1299 baptizari
696 1213 814 1299 aliquia
828 1214 926 1300 foris,
951 1227 981 1280 et
1002 1219 1165 1280 remissam

71 1323 241 1398 pcccatorum
263 1310 410 1396 consepta
426 1311 545 1396 potuit,
560 1311 728 1375 secandam
747 1311 885 1374 eamdem
899 1312 998 1395 fidem
1021 1315 1165 1398 cmraeqnt'

76 1407 202 1494 huna
217 1407 369 1474 Sanctum
384 1410 494 1495 potuit
502 1431 515 1487 ,·
537 1418 567 1471 et
582 1431 646 1474 non
664 1419 710 1472 est
731 1431 863 1488 necesse,
888 1411 1025 1473 venienti
1038 1432 1165 1472 manum

75 1508 178 1592 inparti,
199 1519 234 1571 nt
258 1505 414 1592 Spin-itm
446 1505 595 1570 Sanctam
624 1517 829 1591 consequatur
852 1517 882 1570 et
905 1508 1052 1593 sipnetar.
1100 1507 1165 1572 Ant

74 1615 207 1689 amnone
235 1606 321 1668 enim
343 1602 429 1686 fides
452 1603 541 1688 for-ia
566 1606 688 1689 pontit,
722 1613 779 1666 ant
807 1615 951 1668 neutum
980 1625 1085 1668 eornm
1111 1605 1166 1690 qni

68 1699 136 1784 foris
153 1701 264 1788 fimat
292 1703 421 1786 accepit.
468 1699 682 1765 Firmilianue
712 1701 747 1764 in
771 1721 829 1764 sua
852 1701 999 1787 epistola,
1024 1711 1056 1766 et
1078 1703 1163 1768 varii

74 1797 217 1862 Praesules
240 1800 277 1862 in
293 1797 432 1862 concilio
448 1794 702 1882 Carthaginensi
717 1797 840 1861 similia
863 1797 1020 1884 dicuin).
1043 1799 1164 1864 Paucis

74 1893 135 1958 haee
155 1895 390 1981 expendamus.

142 1993 190 2058 85.
214 1992 329 2072 Quum
358 1991 486 2055 litterae
509 1991 542 2056 S.
567 1990 726 2077 Stephani
755 1992 798 2057 ad
828 2014 887 2056 nos
917 2015 983 2057 non
1006 2013 1164 2080 pervene-
1196 1993 1315 2098 flffiffim

73 2089 131 2170 rint
156 2113 195 2153 ex
223 2087 347 2176 quibus
376 2110 455 2152 sane
487 2088 698 2154 statuendum
731 2089 772 2154 de
800 2090 871 2175 ejus
893 2090 1014 2175 agendi
1037 2093 1164 2157 ratione
1255 2069 1266 2108 ᾳ
1292 2085 1299 2100 ’

74 2185 145 2270 foret,
165 2187 199 2252 id
221 2185 328 2252 solum
353 2195 510 2268 remanet,
534 2195 571 2250 ut
593 2207 636 2249 ex
651 2207 847 2252 coaevorum
872 2187 1053 2252 aliorumve
1077 2199 1163 2252 vete-

74 2305 129 2346 rum
154 2287 347 2371 scriptorum
384 2284 441 2370 qui
480 2285 616 2369 propius
649 2283 692 2347 ad
724 2285 794 2370 ejus
824 2293 973 2371 tempora
1001 2285 1164 2352 accedunt

73 2383 178 2466 scriptis
199 2382 377 2463 discemus,
401 2383 475 2468 quis
498 2379 597 2445 fuerit
612 2380 682 2465 ejus
705 2379 871 2446 scribendi
896 2392 929 2446 et
952 2384 1071 2468 agendi
1096 2406 1162 2448 mo-

72 2475 127 2544 dus.
167 2479 290 2566 Utique
314 2479 340 2542 si
365 2479 398 2544 S.
427 2476 614 2564 Stephanus
644 2477 781 2564 indigne
804 2480 871 2542 suis
892 2479 1010 2544 litteris
1031 2490 1163 2546 tractas-

72 2585 108 2638 set
122 2576 151 2642 S.
165 2577 371 2663 Cyprianum
395 2575 449 2640 vol
464 2575 706 2658 Firmilianum,
730 2575 764 2640 id
780 2575 894 2641 saltam
910 2577 1021 2666 aliqua
1036 2579 1163 2642 ratione

71 2671 229 2739 indicatum
253 2673 463 2755 haberemus,
496 2676 567 2738 sive
599 2697 619 2738 a
643 2673 806 2757 Dionysio
830 2676 887 2762 qui
912 2674 968 2739 illa
990 2683 1096 2739 aetate
1118 2675 1162 2740 ad

70 2767 221 2836 Pontifices
245 2793 324 2838 enas
347 2771 385 2836 de
407 2769 572 2857 Baptistae
596 2769 748 2858 epistolas
772 2773 912 2858 scripsit,
936 2774 1007 2836 sive
1029 2769 1072 2836 ab
1096 2773 1162 2837 Au-

68 2871 176 2948 gustino
211 2872 269 2958 qui
303 2869 557 2955 propensissimo
594 2865 718 2954 ubique
750 2880 887 2954 apparet
917 2870 1028 2933 animo
1060 2872 1095 2934 in
1128 2871 1161 2936 S.

70 2962 269 3052 Cypriannm,
304 2968 374 3031 sive
397 2966 440 3030 ab
473 2965 678 3050 Hieronymo
702 2967 758 3051 qui
791 2987 870 3029 sane
893 2967 1004 3031 verbis
1027 2989 1162 3054 parcere

68 3083 120 3127 non
140 3075 205 3130 erat
227 3065 355 3147 solitus,
379 3065 450 3127 sive
464 3062 506 3128 ab
523 3063 587 3128 alio
603 3063 721 3149 quovis
746 3063 902 3149 scriptore
925 3065 1071 3152 antiquo.
1096 3065 1162 3130 Sed

68 3163 193 3244 apposite
216 3163 346 3228 Auctor
361 3181 563 3246 anonymus
586 3161 838 3226 Dissertationis
862 3159 1163 3248 historico-dogma-

67 3257 136 3322 ticae
157 3259 196 3324 de
219 3260 445 3325 controversia
468 3255 628 3345 nostra³):
656 3256 788 3323 Consule
811 3258 1001 3344 Dionysium
1023 3259 1163 3324 Alexan·-

67 3353 182 3436 drinam,
205 3357 376 3423 Erecthium
393 3353 661 3436 Caesarneenrem,
686 3355 921 3438 Hieronymum,
946 3357 1163 3442 sinqnstinnrn,

72 3449 246 3520 itomanam
270 3455 475 3534 Lis-inensem,
499 3455 682 3518 Facundum
706 3453 978 3533 Hermianenaens,
1008 3453 1082 3519 Ven.
1106 3453 1164 3520 Be-

66 3545 134 3632 clcn,
158 3553 369 3640 Nicephorum
396 3550 577 3630 cattarum,
606 3549 773 3638 Georpr'nm
796 3549 975 3630 Sincellnm,
999 3551 1166 3616 volvanttn·

66 3651 238 3734 ttiyrromm
261 3651 504 3714 Donatistarum
527 3649 656 3735 scripta,
681 3660 710 3712 et
733 3650 762 3712 ei
784 3649 839 3734 proi
861 3659 934 3712 runt
957 3649 1026 3730 alii,
1050 3651 1105 3736 qni
1126 3649 1164 3714 cte

67 3745 170 3828 ‘initote
201 3747 396 3834 Stephanum
424 3749 508 3811 inter
537 3758 567 3812 et
604 3744 798 3834 Cypriannm
830 3747 913 3810 circa
942 3748 1166 3812 haereticorum

67 3839 203 3928 ὁορὴζτπια
226 3847 410 3933 namatione
441 3845 535 3909 verba
559 3844 708 3933 fecerint.
755 3845 803 3910 Hi
819 3844 963 3932 profecto
996 3843 1073 3930 qnid
1095 3845 1165 3909 hino

70 3999 261 4018 *Quat—-

128 4093 146 4160 ¹)
162 4090 194 4147 V.
213 4091 323 4161 Μαῖα,
342 4091 393 4148 Die
410 4089 591 4148 Katrertanfe
608 4089 675 4146 Ttb.
694 4089 743 4158 Qu.
763 4088 836 4146 Schr.
857 4089 934 4144 1849.
954 4091 1031 4146 1850.

128 4171 149 4242 ²)
165 4172 236 4230 Vide
255 4173 396 4239 tentent,
416 4172 555 4242 Epistulae
574 4171 632 4229 th
650 4169 812 4226 Pontificum
830 4187 866 4228 cc.
886 4173 939 4224 238
956 4187 1012 4238 sqq.

125 4251 212 4324 'thu
232 4251 325 4324 liigne
343 4251 445 4310 Patrol.
466 4253 514 4310 tat.
535 4256 597 4308 tom.
617 4251 668 4308 III.
688 4250 736 4308 rol.
756 4251 834 4310 laea.
