2790 4812
236 478 289 532 422
519 479 560 532 De
578 479 730 532 Ananismo
749 495 780 533 ac
798 479 832 534 de
850 479 928 534 Cone.
947 481 1073 536 Nicasno.

239 622 299 685 alii
322 645 458 685 somnone
483 624 669 707 sapientiae,
694 623 755 686 alii
775 625 932 709 pravitate
954 626 1038 688 vitae
1062 637 1093 690 et
1115 625 1255 691 lalonsm
1277 628 1340 690 tolc-

237 720 347 782 rantia
379 719 564 797 eminebant,
597 721 659 784 alii
689 721 843 786 modestia
875 732 905 785 el
936 723 1080 786 comitate
1112 747 1232 789 mosum
1262 735 1341 788 aaut

239 819 355 894 ornati,
379 841 417 880 ac
439 817 587 880 nonnulli
609 818 733 902 quidem
755 840 860 882 eorum
874 819 911 882 ol
930 832 1111 936 provectam
1133 833 1269 886 aetatem
1288 845 1341 884 mo·
1383 831 1384 888 f

238 915 324 978 mmo
347 916 382 977 in
405 915 518 978 honore
542 926 651 994 crant,·
672 916 820 980 nonnulli
838 927 868 979 et
885 920 1027 1002 corporis
1049 930 1079 982 et
1102 921 1203 983 anima
1196 917 1343 1034 jvqcniii

239 1015 342 1098 viqore
367 1013 535 1090 enitebant,
560 1014 689 1098 qnidam
710 1037 816 1078 recens
839 1015 1007 1079 admodum
1028 1019 1199 1081 ministerii
1222 1019 1271 1081 sai
1291 1029 1342 1080 sta

240 1110 327 1175 disan
350 1120 442 1172 erant
464 1112 606 1195 inpressi.
657 1108 777 1182 Quibus
806 1112 948 1176 omnibvs
974 1114 1113 1199 quotidie
1140 1137 1285 1180 annonas
1305 1139 1343 1178 ro·

236 1210 327 1292 piose
345 1207 496 1292 praeberi
518 1209 694 1292 Imperator
716 1207 967 1294 mutaveras).

205 1363 211 1374 ,
331 1305 383 1369 83.
408 1303 463 1368 Ad
487 1307 736 1368 convocationem
760 1305 885 1390 Synodi
909 1307 1077 1372 Nicaenae
1109 1309 1199 1393 quod
1231 1311 1344 1387 attinet,

109 1396 154 1434 ⁰⁰¹
171 1395 209 1434 ⁰³⁸·
242 1425 307 1466 uon
330 1411 462 1465 exstant
486 1401 684 1466 documenta
707 1423 841 1484 coaeva,
857 1426 899 1467 ex
932 1404 1053 1490 quibus
1076 1415 1232 1470 accurate
1255 1406 1344 1470 deter-
1384 1437 1385 1448 ι

241 1501 360 1563 minari
384 1501 495 1584 possit,
519 1521 601 1584 quas
624 1509 733 1586 partes
763 1499 826 1564 hac
849 1502 884 1564 in
912 1501 1117 1567 rehabuerit
1140 1503 1174 1569 S.
1200 1503 1345 1569 Silvester

242 1597 334 1661 Rom.
358 1597 522 1662 Pontifex.
570 1596 666 1662 Certe
699 1599 732 1663 S.
764 1597 959 1664 silvestrum
992 1601 1027 1664 in
1051 1623 1151 1665 musa
1177 1600 1346 1666 Arianismi

242 1697 335 1758 varia
358 1695 527 1779 scripsisse
551 1705 583 1758 et
597 1697 703 1780 egisse
719 1695 971 1781 supponendum
991 1707 1049 1777 est,
1068 1701 1115 1762 uti
1140 1702 1265 1784 optime
1288 1699 1345 1762 ani·

241 1791 420 1857 madvertit
435 1790 603 1858 Constant
582 1802 661 1874 tius,
678 1813 937 1858 commemorans
952 1794 1122 1879 epistolam
1139 1796 1346 1881 encyclicam,
1385 1808 1386 1886 t

241 1912 340 1976 qnam
373 1889 565 1954 Alexander
595 1891 658 1975 Ep.
683 1889 930 1956 Alexandrinus
963 1893 1063 1956 etiam
1095 1893 1139 1958 ad
1162 1889 1386 1960 Silvestrum
1385 1929 1386 1960 i

241 1990 386 2053 miserat.
444 1986 537 2052 Circa
567 2012 684 2052 annum
713 1991 789 2068 319,
814 1988 944 2068 scribit,
975 2013 1043 2053 cum
1071 1989 1260 2055 Abscondat·
1287 1973 1386 2058 Alc-i

242 2087 423 2150 nandrinae
456 2086 602 2149 ecclesiae
634 2088 798 2200 episcopus
831 2087 944 2150 Arium
972 2098 1002 2150 et
1035 2089 1135 2152 socios
1166 2093 1236 2179 ejus
1257 2087 1349 2151 labdo

242 2185 374 2248 concilio
415 2185 613 2263 damnasset,
650 2186 755 2248 missis
794 2185 998 2270 undequaque
1035 2184 1200 2271 encyclicis
1237 2185 1349 2253 litteris

244 2283 404 2368 episcopos
425 2284 483 2346 isac
505 2283 543 2345 de
566 2306 600 2344 re
624 2284 770 2346 certiores
775 2282 867 2368 fecit.
901 2284 988 2346 Inter
1011 2282 1093 2346 alios
1116 2285 1246 2369 scripsit
1267 2293 1295 2345 et
1314 2279 1350 2342 al

246 2379 427 2443 Silvestrum
451 2380 582 2464 Papam,
607 2403 718 2465 easque
742 2379 865 2444 litteras
888 2379 1033 2444 liberius
1056 2383 1146 2466 epist.
1170 2383 1194 2444 4
1218 2381 1262 2444 ad
1287 2377 1351 2444 Con-
1386 2420 1387 2463 q

245 2479 395 2541 stantiam
411 2479 479 2540 ni
504 2477 617 2540 laudat
640 2480 674 2540 in
697 2478 776 2540 lunc
798 2477 942 2541 modum:
966 2479 1122 2556 „Manent
1142 2478 1271 2542 litterae
1291 2473 1351 2540 Ate-
1386 2467 1387 2518 i

244 2575 366 2638 mandri
389 2575 528 2660 episcopi
551 2574 626 2637 olim
649 2576 693 2637 ad
717 2573 900 2638 Silvestnsm
930 2586 1058 2639 satiatae
1079 2578 1248 2639 memoriae
1270 2575 1351 2638 desti·

245 2684 351 2748 natae,
374 2671 485 2756 quibus
500 2672 665 2757 siqnificat,
681 2683 754 2735 ante
771 2671 1003 2736 ordinationem
1016 2673 1198 2752 Athanasii,
1222 2671 1352 2736 undecim

247 2781 311 2834 tam
339 2768 540 2856 presbyteros
571 2791 664 2852 qnam
697 2770 792 2832 etiam
824 2767 983 2847 dioceseos,
1017 2772 1093 2855 quia
1115 2770 1192 2834 Arii
1213 2769 1353 2834 Macrin

247 2877 454 2953 sequerentur,
488 2890 519 2930 se
549 2866 692 2930 Ecclesia
725 2868 882 2954 ejecisse.“
906 2915 914 2930 .
940 2916 948 2931 .
982 2916 990 2931 .
1016 2867 1125 2953 Neque
1148 2865 1354 2953 amliqendum

246 2966 380 3042 videtur,
403 2965 480 3048 quin
502 2963 576 3026 laec
592 2963 775 3026 Aleaandri
793 2963 939 3049 epistola,
958 2987 1077 3028 nenton
1093 2966 1239 3030 Arianae
1261 2965 1354 3026 tvm·

248 3085 315 3127 scos
348 3085 445 3126 causa
477 3083 604 3146 eamque
636 3082 824 3145 consequens
857 3061 1005 3125 Nicaena
1028 3061 1185 3149 Synodus,
1214 3059 1354 3125 Silvestre

246 3161 355 3224 multis
377 3158 550 3223 scribendis
565 3158 791 3243 accipiendisve
808 3157 924 3222 litteris
937 3161 1129 3224 occasionem
1148 3157 1354 3244 machaeris

249 3259 374 3322 tametsi
395 3255 496 3332 nulla,
521 3255 632 3318 saltem
653 3257 800 3340 pennino,
825 3255 869 3318 ad
890 3278 948 3320 nos
965 3252 1187 3342 pervener-ild)
1221 3254 1266 3318 Et
1286 3271 1354 3316 sanc

248 3376 314 3420 non
338 3355 408 3417 sine
431 3354 625 3416 auctoritate
653 3350 802 3417 Silvestri
833 3352 1003 3418 Pontificis
1027 3351 1214 3419 Concilium
1248 3367 1355 3414 convo·

248 3461 358 3516 catum
382 3451 493 3531 fuisse,
517 3449 659 3535 plurima
681 3449 890 3535 persuadent.

338 3551 391 3614 84.
416 3547 548 3613 Certum
572 3550 660 3612 enim
684 3547 783 3633 hujus
810 3547 890 3612 facti
914 3545 1212 3612 animadvertimus
1236 3547 1270 3610 in
1294 3543 1355 3608 On'·

249 3657 324 3712 ente
348 3657 380 3710 et
403 3645 585 3712 Occidente
608 3645 829 3710 traditionem.
854 3645 904 3709 Ita
928 3647 963 3709 in
979 3643 1128 3708 Concilio
1151 3642 1354 3706 oecumenico

249 3744 298 3809 VI
322 3744 396 3808 Act.
421 3741 540 3807 XVIII
563 3742 683 3826 legitur
706 3745 740 3806 in
770 3763 920 3806 sermone
943 3741 1174 3805 acclamatorio
1198 3739 1242 3803 ad
1266 3741 1354 3822 impc-

249 3852 391 3907 ratorem
415 3842 683 3905 Constantinum:
711 3839 865 3904 Continuo
879 3837 1105 3904 Constantinus
1127 3859 1249 3922 semper
1262 3837 1354 3920 Aspi-

250 3951 316 4004 stus
339 3950 369 4003 ct
383 3938 532 4003 Silvester
556 3937 730 4001 laudabilis
745 3959 889 4023 maqssam
908 3947 999 4024 atqve
1013 3937 1166 4022 insiqnem
1188 3936 1225 3998 in
1242 3936 1356 4000 Nicaea

252 4090 459 4098 ῃ»...-

326 4169 346 4237 ¹)
364 4166 464 4220 Soorat.
483 4165 517 4220 Η.
536 4165 568 4220 Ε.
588 4165 604 4218 t
624 4165 645 4219 Ι.
665 4180 687 4220 c.
706 4166 736 4232 ὃς
754 4163 852 4218 Eussb.
870 4163 938 4219 Vita
956 4165 1046 4220 const.
1066 4166 1085 4221 t
1104 4161 1155 4218 III.
1175 4178 1198 4220 o.
1217 4165 1234 4218 6
1252 4177 1308 4230 sqq.

325 4245 343 4312 't
362 4244 450 4313 Epist.
469 4245 527 4300 RB.
547 4243 601 4300 ΡΡ.
621 4243 655 4298 ad
674 4244 839 4300 Silvestncm.
