2766 4836
387 473 514 528 Formati
530 471 684 530 Sirmiensis
702 473 793 528 tertia
1112 475 1148 530 tt

58 618 100 678 sio
119 615 250 694 mesta,
265 665 273 679 .
290 663 322 680 ..
346 615 586 702 impassibiliter
609 639 648 680 ea
661 617 731 682 Deo
753 618 924 704 penitam„
950 667 957 683 .
983 666 990 680 .
1015 616 1147 682 similem

57 713 132 776 Patri
150 737 203 778 sao
226 716 281 802 qni
302 715 406 802 ipsam
427 716 534 802 penait
557 714 724 784 secundam
746 713 939 801 desipiemus.
965 763 972 778 .
1006 763 1014 779 .
1040 763 1048 780 .
1081 716 1146 780 No·

56 835 109 874 nen
129 823 228 876 autem
251 811 445 876 substantiae
468 805 612 895 (οὐσίας),
635 812 718 900 qaod
750 811 923 900 simplicius
953 838 974 880 a
1001 814 1148 878 Patribus

52 911 168 993 positam
204 933 225 974 o
240 909 431 996 populisque
462 911 588 974 minime
620 909 810 976 intellectam
839 909 1021 994 offensionis
1052 935 1149 977 causo

54 1009 94 1086 sit,
114 1007 192 1092 prod
215 1002 310 1072 etiam
332 1010 367 1072 in
382 1006 555 1095 Sareptensis
577 1029 641 1072 non
655 1010 861 1086 contineatur,
885 1009 923 1072 de
945 1010 1046 1074 medio
1067 1010 1147 1090 tolli,

54 1115 76 1166 et
93 1103 206 1168 odiam
237 1105 362 1170 omnino
395 1106 590 1170 msbstamtiae
621 1107 806 1170 mentionem
836 1108 872 1170 in
902 1106 970 1170 Deo
1003 1107 1148 1192 deinceps

48 1201 213 1284 faciendam
236 1225 302 1266 esse
320 1201 455 1289 plamit,
478 1203 560 1288 qaod
582 1202 709 1268 divinae
728 1201 912 1290 Scripturas
935 1225 1088 1289 nusquam
1110 1203 1148 1268 de

53 1299 143 1362 Petris
164 1311 194 1363 et
218 1299 297 1364 Filii
328 1301 506 1366 nebstantio
537 1300 743 1366 meminerint.
790 1300 883 1366 Patri
905 1311 1009 1365 antem
1031 1300 1149 1384 Filium

52 1397 199 1462 noandum
224 1399 330 1464 onmia
353 1398 485 1464 similem
516 1399 662 1476 dicimus,
686 1398 942 1486 quemadmodum
965 1396 1148 1486 scripuras

51 1494 194 1561 desistet
218 1497 337 1560 docent.
385 1495 498 1578 Vides,
522 1495 585 1561 hoa
600 1495 786 1579 symbolum
809 1495 894 1562 nihil
917 1495 1051 1582 quidem
1075 1519 1149 1563 con·

51 1593 138 1656 tinere
161 1596 195 1658 in
220 1617 280 1658 sua
304 1595 515 1680 professione,
531 1593 619 1680 quod
634 1593 711 1661 fidei
735 1593 937 1660 orthodoxae
961 1596 1148 1680 oppositum

50 1691 90 1772 sit,
112 1693 174 1756 imo
198 1691 299 1756 obvio
332 1715 432 1758 sensu
466 1691 685 1758 orthodoxum
717 1692 834 1757 videri.
880 1691 1037 1758 Attamen
1066 1693 1148 1778 ejus-

51 1789 123 1852 modi
146 1801 205 1873 est,
231 1799 268 1856 ut
290 1791 408 1856 Ariani
431 1790 596 1876 ambiguis
624 1791 694 1876 ejus
725 1792 836 1856 verbis
859 1812 934 1854 suos
957 1811 1083 1856 errores
1105 1801 1148 1855 te

50 1907 112 1972 gere
125 1896 276 1974 possent3
299 1899 398 1976 atque
421 1888 598 1954 declaratio
623 1888 678 1954 illa
702 1911 767 1976 qua
790 1888 929 1954 verbum
944 1888 1148 1954 substantiae

51 1983 286 2069 admirabatur,
319 1985 559 2052 baereticorum
592 1986 737 2052 consiliis
769 2007 975 2072 summopere
1002 1986 1149 2051 favebat.

122 2085 175 2150 62.
198 2083 299 2150 Hane
321 2087 422 2170 igitur
444 2083 618 2150 formulam
633 2084 777 2148 Arimini
794 2071 917 2149 Valens
941 2093 973 2148 et
991 2083 1149 2172 Ursaoius
1182 2094 1294 2146 Baioar-

52 2181 186 2250 Patribus
210 2193 462 2270 proposuerunt.
494 2182 545 2248 Ita
564 2180 774 2266 Sozomenus,
798 2185 853 2247 cui
877 2181 1149 2248 consonatAtha·

52 2279 194 2370 naius·):
239 2277 313 2346 Ceam
346 2293 449 2348 comm
479 2282 591 2368 quaesi
612 2291 752 2368 coeptam
783 2293 862 2346 esset
883 2281 922 2345 de
936 2280 1014 2366 fide,
1032 2281 1149 2367 prode·

51 2393 124 2445 ostes
144 2384 179 2446 in
202 2379 339 2446 nsedinm
368 2379 483 2444 Valens
506 2389 535 2444 et
563 2379 725 2457 Ursaoins,
750 2378 973 2469 adjuvantibus
995 2401 1047 2444 eos
1073 2377 1150 2443 Ger-

51 2479 139 2558 ns'nio,
163 2479 337 2561 Auxentio,
358 2477 441 2542 Gaio
465 2488 495 2542 et
509 2477 704 2563 Demoptstto,
714 2477 930 2564 postularunt,
954 2489 989 2541 at
1010 2477 1150 2564 reliquae

51 2598 137 2642 orasses
147 2578 237 2662 fidei
243 2575 416 2664 formulae,
432 2599 510 2662 qnae
525 2577 765 2665 anmoscsiptae
781 2587 893 2654 essent,
909 2575 1150 2662 cmopetenter,-

51 2698 78 2738 ea
106 2699 173 2742 aero
208 2675 279 2742 soto
308 2686 384 2740 cata
415 2685 494 2740 esset
525 2697 618 2760 wem
648 2675 714 2758 ipsi
735 2697 798 2738 non
828 2675 876 2743 ito
899 2673 1016 2750 dudum
1040 2671 1150 2738 Sirmii

53 2771 148 2838 Latino
172 2797 314 2840 sermone
346 2774 615 2858 conscripserant,
639 2795 717 2858 quoe
748 2771 881 2839 similem
912 2771 1037 2856 qnidam
1058 2771 1151 2836 Patri

51 2871 150 2936 Filiam
180 2895 249 2938 esse
268 2875 369 2961 jsseta
400 2869 585 2956 Sosipturas
616 2869 756 2951 docebat,
786 2867 982 2937 substantioe
1012 2891 1084 2932 ceso
1114 2861 1152 2934 in

51 2967 104 3032 Deo
117 2971 240 3036 nullom
257 2971 380 3034 ommim
393 2969 579 3034 mentionem
601 2991 665 3034 esse
671 2968 870 3054 faciendam.
895 2967 1032 3033 Aiebant
1049 2989 1149 3054 porro

51 3067 136 3152 msam
158 3092 279 3156 ossaque
302 3069 525 3156 imperatorem
548 3089 616 3130 eom
631 3065 808 3153 formulam
841 3065 1042 3152 approbasse,
1067 3088 1146 3130 eam-

50 3187 94 3248 que
115 3192 134 3232 a
156 3167 291 3232 concilio
314 3167 409 3232 etiam
432 3166 613 3254 ¹necessario
645 3166 765 3251 erumpi
787 3175 938 3250 oportere,
961 3187 1017 3227 nec
1039 3165 1075 3228 in
1090 3186 1150 3249 po-

50 3275 148 3330 sterum
170 3266 327 3332 curiosius
350 3263 551 3348 sautandmn
581 3285 656 3341 esse,
686 3262 762 3350 qnid
791 3264 919 3348 quisque
948 3263 1087 3342 sentiret,
1110 3284 1149 3324 ne

50 3363 193 3429 roeobulis
222 3366 258 3429 in
287 3363 537 3453 disputationem,
564 3371 594 3424 et
626 3371 805 3446 cameratum
832 3383 964 3427 momen
996 3361 1150 3426 reuocatis

50 3457 170 3527 dissidia
195 3487 234 3527 aa
257 3463 421 3528 scissiones
443 3457 685 3546 moerentum)
733 3456 799 3524 Sed
820 3458 936 3524 Patres
964 3456 1150 3524 Ariminen·

50 3579 91 3622 ses
111 3583 185 3628 cum
210 3559 438 3644 indignatione
452 3566 646 3637 recusarunt
659 3555 871 3643 postulationi
887 3555 1015 3620 illorum
1039 3557 1149 3642 aequi-

50 3677 155 3724 escere.
201 3660 245 3726 Et
268 3683 335 3724 cam
358 3657 557 3744 captoratum
585 3655 653 3722 iltis
685 3667 777 3735 esset,
802 3654 916 3720 scribit
947 3653 980 3722 S.
1004 3653 1149 3718 Adrana-

50 3757 117 3837 sius,
147 3760 292 3846 mauros,
324 3757 450 3843 vafros,
482 3753 531 3819 oet
564 3755 674 3840 potins
705 3755 875 3818 mesaneos
907 3775 971 3818 esse
1002 3753 1148 3830 homines,

50 3875 139 3921 onnes
163 3856 342 3920 Nicoenam
365 3852 525 3940 Syssodm
548 3853 614 3916 sais
643 3850 807 3937 suffrapiis
828 3851 1059 3937 approbarant,
1083 3849 1148 3935 osef·

44 3951 181 4040 mucosa
205 3953 297 4018 illam
327 3951 468 4020 omnibus
496 3952 596 4014 oisnm
619 3961 683 4030 est,·
709 3949 894 4035 praedictos
916 3958 1030 4028 autem,
1058 3949 1150 4014 Ursa-

51 4131 250 4144 —a——nn-

113 4256 131 4326 ι)
148 4255 191 4310 De
210 4254 322 4323 Synodis
340 4255 410 4310 a&
627 4253 648 4324 ¹)
668 4251 769 4307 Soaom.
789 4251 819 4306 Ia
837 4247 886 4306 1v.
905 4268 927 4307 c.
947 4249 989 4310 18.
