2806 4848
260 472 310 526 164
673 471 715 525 De
731 471 802 527 tecto
820 468 948 528 Nectarii.

258 613 396 680 solutam
420 613 632 678 confessionis
661 617 897 698 necessitatem,
927 617 1097 702 qualisque
1121 619 1217 682 fuerit
1236 619 1341 682 ocules

258 713 358 775 sionis
381 733 458 775 usus
482 709 717 797 aliquantisper
739 713 946 778 illustremus.
1384 773 1385 794 ,

347 809 399 873 36.
424 807 478 872 Ad
507 809 731 874 remissionem
758 821 967 896 peccatorum
997 814 1097 895 igitur
1128 814 1341 877 confessionem

258 909 474 971 necessariam
506 907 603 992 plane
636 929 720 988 esse,
744 907 927 972 luculenter
948 911 1076 994 antiqui
1099 910 1211 975 Patres
1233 911 1342 977 docent.

258 1015 290 1070 et
312 1007 390 1090 quia
413 1005 528 1070 eadem
552 1003 737 1070 habebatur
770 1015 806 1068 ut
828 1025 904 1091 pars
927 1009 961 1070 in
984 1010 1186 1093 poenitentia
1209 1009 1342 1093 praeemi·
1384 1007 1385 1050 l

166 1098 218 1128 '¹¹¹³'
257 1125 354 1177 nens,
394 1102 517 1165 factum
551 1111 617 1183 est,
650 1113 686 1165 ut
717 1103 939 1190 ecomolopeeia
970 1103 1213 1192 (confessionis)
1242 1125 1342 1170 nomen

259 1203 356 1264 etiam
388 1202 447 1263 toti
479 1198 667 1285 poenitendi
704 1202 832 1284 negotio
862 1204 982 1286 passim
1013 1205 1242 1288 imponeretur.
1284 1203 1343 1266 Non

258 1298 361 1362 solum
385 1308 494 1360 autem
518 1297 559 1362 de
582 1296 715 1382 publica
743 1298 932 1381 graviorum
961 1301 1136 1364 criminum
1161 1301 1344 1364 confessione

258 1407 289 1460 et
312 1397 512 1482 poenitentia
521 1396 635 1458 Patres
658 1404 829 1476 testantur,
854 1397 911 1460 sed
939 1400 1038 1462 etiam
1061 1421 1103 1462 ex
1126 1400 1167 1464 iis
1191 1399 1345 1483 colligitur.

257 1497 420 1580 privatam
444 1515 572 1579 quoque
595 1493 695 1556 fuisse
724 1504 932 1578 peccatorum
962 1515 1071 1560 coram
1099 1495 1266 1560 sacerdote
1286 1517 1345 1560 con·

257 1591 442 1673 sessionem,
476 1593 509 1655 in
543 1613 607 1676 qua
631 1591 708 1656 dein
741 1591 1029 1674 determinabatur,
1063 1603 1174 1658 utrum
1202 1594 1345 1680 peccatori

257 1688 390 1775 publice
422 1689 581 1754 consessio
613 1688 766 1754 facienda
798 1700 891 1754 esset
943 1689 1122 1773 Praeclare,
1156 1693 1185 1756 si
1222 1691 1347 1778 Osipmis

258 1789 350 1852 varia
372 1789 556 1852 testimonia
581 1786 785 1871 colliguntur,
816 1797 961 1872 apparet,
985 1789 1090 1874 qualia
1112 1789 1214 1854 fuerit
1235 1787 1347 1854 saeculo
1384 1823 1385 1872 ,

257 1885 401 1950 secundo
426 1895 458 1948 et
479 1886 573 1948 tertio
599 1884 640 1948 de
660 1885 863 1952 confessione
883 1886 1040 1970 doctrina,
1065 1909 1104 1952 ac
1126 1897 1295 1976 propterea
1315 1907 1347 1950 ex
1384 1879 1385 1954 l

257 1983 319 2047 hoc
352 1984 507 2067 scriptore
541 1984 778 2068 praecaeteris
809 1983 985 2048 honorem
1010 1983 1176 2049 elucidare
1196 1987 1348 2050 convenit.
1384 1973 1385 2048 l

348 2081 398 2145 37.
422 2079 462 2144 In
475 2081 660 2144 Leviticum
679 2079 825 2144 Homilia
851 2081 896 2144 2⁶·
920 2104 952 2148 n.
976 2083 1006 2164 3,
1030 2079 1168 2168 loquens
1192 2083 1233 2148 de
1254 2085 1348 2168 expia·

257 2180 345 2241 tione
361 2180 481 2240 veteris
492 2176 648 2240 Foederis
663 2188 695 2240 et
718 2178 758 2240 de
778 2180 968 2242 remissione
990 2189 1203 2265 peccatorum
1227 2183 1259 2246 in
1274 2181 1349 2261 tege
1384 2181 1385 2260 l

258 2297 353 2357 nova,
365 2275 525 2357 Origenes
549 2273 677 2338 scribit:
702 2275 840 2354 Audisti,
856 2287 976 2362 quanta
991 2279 1055 2342 sint
1075 2279 1109 2341 in
1132 2278 1199 2365 lcpe
1214 2277 1351 2361 carnficio
1384 2261 1385 2322 l

253 2397 314 2460 pro
333 2375 487 2458 perantia·
512 2372 589 2436 andi
610 2397 701 2448 nanc,
718 2383 854 2458 quantae
869 2377 932 2438 sint
953 2377 1150 2440 remissiones
1167 2387 1351 2462 peccatoram

257 2473 292 2534 in
315 2471 505 2556 Evanpeliis.
552 2471 610 2534 Eat
631 2472 696 2535 ieta
722 2473 832 2556 prima
860 2474 999 2536 remissio
1022 2495 1085 2560 qnia
1107 2473 1307 2560 baptizantis
1325 2473 1350 2532 in
1384 2545 1385 2558 χ

257 2571 467 2633 remissionem
485 2579 692 2654 peccatoram.
739 2567 884 2632 demanda
905 2572 1046 2635 remissio
1080 2581 1126 2635 est
1158 2575 1194 2634 in
1217 2571 1351 2658 paccio-ee

257 2669 411 2753 martyrii.
451 2667 557 2729 Tertia
590 2675 636 2728 est
666 2689 744 2751 quae
772 2689 833 2751 pro
869 2667 1060 2753 eleemosyna
1089 2669 1196 2733 datm
1245 2666 1351 2740 Quarta
1384 2685 1385 2736 ξ

258 2766 347 2829 nodis
361 2765 404 2848 fit
419 2765 559 2828 remiseio
572 2775 769 2849 peccatoram
777 2785 839 2849 per
858 2765 922 2846 laec,
945 2766 1028 2851 qnod
1050 2777 1080 2830 et
1101 2787 1161 2830 noc
1184 2766 1352 2830 resecatam

255 2873 386 2950 peccata
401 2862 563 2949 fratribus
592 2863 716 2926 nostris.
752 2911 758 2925 .
793 2910 800 2925 .
833 2911 840 2926 .
868 2860 988 2934 Quinta
1006 2873 1207 2948 peccatos-mn
1229 2859 1352 2926 rescat
1384 2919 1385 2952 ζ

259 2973 313 3040 cat,
345 2985 411 3024 cnm
443 2961 627 3023 concrertem't
653 2971 847 3044 peccatorem
877 2959 916 3024 ab
946 2981 1049 3024 errore
1080 2962 1151 3024 viae
1182 2983 1266 3024 suae.
1290 3007 1296 3020 .
1318 3003 1350 3020 .·

259 3059 357 3123 Semta
380 3081 496 3145 qaoque
510 3058 553 3140 fit
574 3058 714 3120 remissio
733 3079 793 3143 pcc·
808 3057 1037 3121 abundantiam
1058 3058 1216 3123 caritatis.
1241 3107 1249 3122 .
1273 3108 1280 3121 .
1307 3055 1352 3120 tu
1384 3111 1385 3148 ,

258 3157 357 3220 adduc
381 3161 410 3220 et
432 3158 564 3242 septima
594 3154 665 3218 licet
696 3155 778 3218 dara
810 3165 839 3218 et
867 3153 1025 3220 laboriosa
1048 3177 1110 3240 per
1135 3157 1350 3242 poenitentium
1384 3159 1385 3224 l

257 3257 396 3318 remissio
416 3264 623 3340 pcccatorum,
648 3275 716 3316 cam
737 3252 825 3316 lacot
839 3263 986 3337 peccator
1006 3253 1042 3316 in
1065 3253 1216 3340 ῑαοιῃηιίε
1238 3263 1352 3318 metra
1384 3231 1385 3274 l

151 3375 154 3382 ⁴
258 3375 355 3430 uiant,
380 3361 409 3414 ct
427 3351 509 3436 fiunt
539 3352 569 3414 ei
592 3351 747 3435 lacrymae
771 3373 845 3414 mae
863 3365 968 3436 panea
989 3345 1040 3413 die
1064 3373 1103 3414 ac
1123 3363 1225 3430 nocte,
1249 3361 1277 3414 ct
1297 3369 1351 3410 eam

257 3473 321 3514 non
350 3449 500 3513 erubescit
532 3449 687 3512 sacerdoti
718 3449 849 3512 Domini
878 3448 1021 3512 indicare
1039 3459 1206 3534 peccatm
1229 3471 1311 3514 canna
1329 3455 1351 3505 et
1384 3473 1385 3520 i

257 3571 403 3636 quaerere
426 3547 621 3622 medicinam,
646 3545 812 3610 secandum
834 3567 901 3610 eam
928 3547 982 3631 qni
1004 3548 1066 3610 ait:
1113 3547 1208 3625 Dici,
1227 3567 1350 3633 pronan-
1384 3561 1385 3598 l

258 3646 342 3710 tiabo
367 3645 530 3708 adversum
552 3666 598 3706 me
620 3645 809 3732 injustitiam
827 3666 924 3707 meam
940 3644 1085 3720 Domino,
1109 3654 1139 3707 et
1161 3655 1197 3708 tre
1219 3640 1353 3708 amam

257 3743 448 3828 impietatem
470 3742 573 3805 cordis
595 3743 663 3804 mei.
695 3779 737 3786 —
764 3740 911 3804 Advorte
933 3751 1053 3819 autem,
1078 3741 1236 3806 hocloco
1259 3763 1295 3804 ea
1315 3759 1352 3800 ra-

258 3841 422 3904 missionis
445 3839 553 3902 media
574 3837 617 3902 xab
642 3835 784 3922 Origene
807 3837 957 3919 indicari,
989 3859 1074 3924 quae
1097 3861 1138 3902 ex
1162 3840 1353 3904 institutione
1384 3869 1385 3906 i

259 3937 372 4004 diarius
388 3938 563 4002 constituta
577 3937 611 3999 in
622 3935 798 4022 Scripturis
810 3937 910 4000 sacris
926 3937 1149 4002 inveniuntur.
1172 3935 1283 4024 Atque
1305 3954 1352 3996 sor

258 4036 313 4100 illa
336 4038 445 4120 priora
477 4034 677 4099 remissionis
707 4033 815 4098 media
848 4055 914 4098 non
942 4033 1145 4116 indicantur,
1177 4057 1218 4098 ac
1243 4033 1269 4098 si
1290 4053 1353 4118 poe

258 4134 395 4198 nitentia
419 4143 451 4196 et
483 4133 642 4198 confessio
674 4133 812 4216 septimo
844 4130 914 4198 loco
938 4133 1045 4216 posita
1067 4131 1156 4196 haud
1180 4131 1352 4196 necessario
1384 4181 1385 4254 ,

259 4241 351 4296 esset.
386 4229 451 4296 Sed
466 4252 524 4294 sex
538 4229 594 4294 illa
610 4228 718 4292 media
732 4230 911 4314 respiciunt
924 4239 1059 4316 peccata
1073 4227 1352 4316 antebaptismnm
1384 4261 1385 4310 3
