2874 4812
383 445 492 501 Veritas
509 445 638 500 historica
653 445 859 502 coutroversiae.
1126 449 1178 502 tut

84 593 253 678 episcopum
276 590 571 676 Carthaginensem
595 590 791 655 inducerent
813 613 888 655 cum
913 588 1079 677 Stephano
1104 613 1178 654 con-

84 689 262 754 tendentem.
308 687 425 774 Itaque
457 687 668 751 confecerunt
699 687 786 752 illius
814 693 947 757 nomine
970 689 1124 776 epistolas
1147 699 1179 752 et

84 790 189 872 pariter
208 795 281 850 acta
306 785 453 868 concilii3
485 785 585 872 idque
608 808 646 849 eo
674 785 814 870 facilius,
847 790 935 876 quod
963 799 1042 853 tunc
1066 809 1178 851 eorum

83 885 207 948 schisma
239 883 363 948 valeret
395 891 428 946 et
459 881 630 947 combusta
663 893 772 947 essent
807 908 827 948 a
860 884 1180 952 circumcellionibus

84 983 198 1046 Africae
220 979 426 1066 tabulariat).

159 1089 228 1154 106.
251 1089 329 1154 Jam
355 1088 459 1169 vides,
483 1095 633 1151 auctores
657 1088 729 1152 illos
752 1087 932 1154 admodum
957 1091 1122 1155 dissentiri
1146 1091 1180 1152 in

83 1189 138 1250 suis
158 1183 445 1274 suppositionibus,
478 1185 557 1248 dum
581 1187 754 1250 veritatem
782 1185 973 1252 historicam
997 1198 1181 1252 controver·
1205 1197 1341 1244 amnena.

84 1287 193 1348 versiae
216 1287 422 1370 impugnant.
469 1281 644 1348 Caeterum
675 1283 743 1347 fere
775 1284 893 1350 iisdem
917 1295 1055 1351 utuntur
1088 1307 1182 1370 argir-

84 1384 184 1446 mentis
207 1382 386 1445 intrinsecis
409 1391 440 1444 et
454 1382 648 1446 entrinsecit.
678 1379 883 1466 Argumenta
898 1383 1076 1448 intrinseca
1091 1405 1182 1469 prac-

84 1479 165 1564 cipue
187 1480 264 1544 inde
279 1487 446 1564 petuntur,
464 1477 553 1566 quod
569 1477 757 1563 Cyprianus
774 1488 806 1542 et
821 1479 1036 1544 Firmilianus
1059 1481 1183 1544 fuerint

85 1579 135 1640 viri
157 1600 275 1664 magna
305 1577 480 1640 sanctitate
509 1575 661 1662 praediti,
692 1576 825 1662 ingenio
856 1587 888 1641 et
912 1578 1062 1642 doctrina
1085 1579 1182 1662 insig-

84 1695 139 1739 nes.
165 1673 320 1740 Jamvero
344 1672 420 1738 illae
443 1673 599 1758 epistolae
613 1673 756 1758 plurima
772 1676 943 1739 continent
956 1675 1078 1740 talibus
1101 1677 1182 1739 viris

84 1769 165 1854 plane
179 1771 325 1858 indigna,
350 1793 426 1835 nam
451 1771 548 1835 modo
573 1770 729 1858 injurioso
754 1771 918 1837 invehunt
941 1775 975 1837 in
989 1773 1082 1837 Rom.
1099 1773 1181 1836 Pon-

84 1869 199 1952 tificem,
232 1868 313 1934 falso
347 1869 594 1950 ratiocinantur,
627 1867 709 1932 falso
734 1870 991 1956 interpretantur
1022 1869 1117 1954 plura
1141 1891 1182 1931 ex

85 1969 169 2031 acris
198 1967 334 2032 Litteris
365 1965 447 2048 loca,
481 1965 655 2030 manifeste
688 1966 750 2030 sibi
785 1967 1011 2047 contradiunt,
1044 1975 1106 2030 etc.
1139 2005 1182 2013 -

85 2063 137 2128 Sed
158 2063 244 2152 quod
268 2063 351 2128 baec
374 2063 501 2144 attinet,
530 2072 618 2126 recte
640 2063 726 2128 Illm.
756 2065 899 2150 Frcppel
927 2063 1039 2152 quoad
1063 2063 1094 2128 S.
1120 2061 1182 2147 Oy-

85 2163 219 2244 prienam
243 2162 300 2242 ait,
324 2161 479 2248 idemque
502 2160 696 2224 Firmiliano
721 2160 881 2248 applicari
905 2171 1027 2248 potest:
1072 2161 1183 2224 Verum

85 2259 147 2342 prid
170 2259 268 2324 inde?
300 2259 353 2322 An
384 2261 497 2322 mirram
528 2260 667 2344 cuipiam
698 2257 864 2337 videbitur,
898 2261 1080 2345 scriptorem
1111 2257 1185 2322 dant
1214 2282 1337 2323 urrunnu.

89 2358 173 2420 errori
186 2357 414 2444 patrocinatur
430 2367 636 2442 praepostere
665 2357 863 2436 ratiocinari,
887 2357 1076 2422 vehementer
1090 2357 1185 2444 falli,

87 2477 138 2518 nen
157 2455 217 2520 sibi
238 2455 405 2520 constare?
428 2451 615 2518 Mirandum
634 2453 743 2538 potius
764 2453 863 2540 foret,
888 2455 917 2518 ci
939 2479 1002 2520 non
1026 2458 1072 2520 ita
1097 2466 1183 2520 esset.

90 2552 144 2616 ,tec
163 2556 227 2618 viri
248 2555 344 2617 etiam
366 2549 539 2616 doctissimi
562 2550 601 2614 ab
624 2551 801 2642 hujusmodi
833 2549 902 2616 tabe
930 2564 1002 2617 arnt
1025 2555 1183 2616 immanes.

91 2647 237 2716 Qunam
267 2651 408 2715 rationes
440 2675 469 2713 a.
504 2647 537 2712 S.
572 2643 732 2736 Cypriane
758 2649 908 2738 prolatae
942 2649 1070 2713 multum
1100 2649 1187 2713 abest

88 2759 114 2810 ut
133 2749 208 2816 leves
226 2749 300 2827 sint,
317 2771 385 2812 carn
399 2747 431 2810 S.
449 2747 643 2832 Aupuetinus
658 2746 821 2833 fateatur,
832 2747 982 2834 perlectis
1005 2746 1120 2810 litteris
1144 2746 1187 2808 ad

87 2843 276 2938 dalajanam,
300 2847 417 2910 ittet-tun
441 2869 472 2908 se
486 2844 593 2931 fluisse
607 2844 642 2908 in
658 2845 796 2908 eamdem
819 2847 1014 2924 sententiam,
1038 2846 1103 2908 nisi
1120 2867 1187 2906 earn

89 2957 242 3010 recreasset
265 2954 358 3008 tanta
381 2939 594 3027 auctoritem).

164 3051 235 3116 107.
260 3049 359 3132 Quod
383 3071 461 3114 vero
486 3045 643 3135 epistolae
658 3047 733 3112 illae
750 3048 989 3112 vehementiori
1013 3047 1186 3112 acerbiori-

89 3168 141 3230 que
169 3148 252 3233 stylo
276 3150 418 3234 scriptae
450 3149 525 3228 sint,
558 3155 657 3232 atquc
690 3147 853 3210 immerito
887 3148 921 3210 in
952 3145 1068 3210 iisdem
1093 3144 1187 3230 plura

90 3243 226 3310 dicantur
247 3243 415 3332 Stephano
439 3245 608 3329 injuriosa,
643 3243 678 3306 id
701 3265 875 3328 possumus
898 3243 1033 3330 quidem
1056 3243 1110 3329 pie
1134 3265 1187 3304 ex-

90 3363 186 3408 cusare
218 3343 273 3408 illa
306 3342 533 3406 observatione
558 3341 693 3405 Beronii
726 3343 761 3406 in
785 3341 973 3405 Firmiliani
1001 3337 1186 3425 epistolam:

90 3439 196 3522 Dicant,
220 3442 338 3528 inquit,
363 3450 536 3526 opportune
564 3437 647 3502 illud
679 3436 826 3524 Greporii
853 3440 1071 3502 Nazianzeni:
1113 3438 1187 3500 Non

92 3537 153 3602 riter
174 3551 293 3604 tantum
315 3549 345 3602 et
361 3537 518 3624 plebeiae,
542 3535 597 3600 sed
620 3538 714 3600 etiam
737 3537 1032 3622 praestantissimos
1055 3558 1188 3622 quosque

91 3637 160 3700 circs
188 3638 312 3701 Mamers
343 3636 501 3700 interdum
532 3636 680 3722 attinpit,
712 3644 747 3696 at
783 3633 881 3697 salias
917 3634 980 3696 Dei
1011 3635 1072 3710 cit,
1105 3633 1190 3695 omni

88 3755 202 3814 prum
226 3745 359 3822 peccato
390 3745 482 3819 atque
515 3733 615 3797 animi
640 3731 881 3817 perturbatione
913 3729 1067 3815 occurrii).
1123 3729 1188 3794 Sed

94 3891 284 3906 ..ἦ-ιιι·-

151 3975 171 4038 ¹)
187 3973 217 4028 In
233 3989 255 4028 c.
273 3971 335 4026 un
355 3968 476 4038 mlh
495 3985 537 4038 ap.
556 3969 679 4024 Bollarffl.
697 3969 714 4024 t
733 3984 754 4023 a
773 3985 799 4023 n.
817 3969 862 4026 46.

137 4055 173 4142 ι’)
189 4053 227 4110 St.
255 4051 373 4121 cyprian
399 4055 429 4105 et
455 4049 567 4119 legun
595 4049 733 4116 d'Afrique
759 4065 794 4102 au
812 4049 867 4104 mr
888 4047 975 4112 siecle,
1003 4063 1028 4116 p
1055 4049 1109 4100 433
1133 4061 1188 4112 sqq.

94 4127 286 4280 militib&
304 4211 339 4266 ad
356 4228 382 4266 a
400 4212 461 4266 258.
480 4227 506 4265 n.
525 4209 624 4268 XLIV.

1032 4301 1082 4355 23*
