2936 4814
241 471 277 522 42
596 471 637 525 Dc
655 471 722 526 Sede
739 471 861 526 Romans
877 471 902 526 S.
921 471 1005 528 Petri

240 614 362 676 mamm
391 615 597 676 mensurantis
621 615 786 699 proditum
817 625 871 678 est.
922 613 1008 687 Quin
1038 619 1134 682 obem
1165 617 1302 704 iesipnis
1325 643 1364 684 uc

242 721 358 774 testata
380 711 468 774 Petri
499 721 529 774 et
551 711 648 775 Pauli
678 714 839 798 incoeptio,
864 735 943 798 qaae
969 714 1006 775 in
1028 717 1218 780 coeuoeteriis
1241 719 1363 782 Romae

241 809 285 872 ad
315 809 370 872 loc
402 831 496 894 usqae
521 819 641 894 tempas
662 820 777 888 memet,
810 810 902 898 bajas
932 811 982 874 rei
1011 821 1115 896 qestce
1135 812 1236 895 fldem
1259 815 1360 900 fecit.

240 904 322 968 Ram
346 905 424 970 dein
448 905 622 972 confirmat
643 907 829 970 testimonio
846 905 930 988 Caii,
955 907 997 971 de
1011 929 1075 992 quo
1100 909 1238 974 inferius
1253 933 1362 978 sermo

239 1012 395 1068 recurret.
419 1041 463 1050 —-
485 1003 538 1068 Dc
562 1004 710 1068 adventu
733 1004 822 1069 Petri
847 1005 882 1068 in
906 1004 988 1069 urbe
1007 1005 1112 1070 Roma
1135 1009 1236 1072 etiam
1259 1007 1300 1073 L.
1315 1009 1362 1074 Π.

240 1123 268 1166 c.
293 1101 376 1164 XIV
400 1101 531 1166 scribit:
560 1099 732 1189 Confestim
754 1101 842 1188 (post
865 1112 1034 1168 narratum
1049 1103 1240 1170 adventum
1255 1106 1362 1172 Simo-

239 1200 290 1262 nis
314 1197 418 1284 Magi)
452 1201 533 1262 emim
566 1201 646 1285 iprsie
683 1195 813 1264 blandii
835 1199 972 1287 Aapasti
1004 1203 1194 1288 temporibus
1226 1203 1364 1291 benique

239 1307 269 1360 et
292 1296 533 1361 damnatissima
566 1297 630 1360 Dei
655 1297 862 1382 prouidentia
885 1298 1100 1384 fhrtiesimmrs
1131 1310 1161 1363 et
1187 1302 1363 1366 mmmm

238 1397 322 1458 inter
344 1394 514 1480 Apostolos
537 1395 671 1476 Petram,
703 1395 832 1458 virtutis
862 1396 971 1458 merito
1003 1395 1194 1482 reliqueram
1223 1401 1363 1462 οπυιίιωη

233 1494 421 1578 principem,
447 1494 580 1556 Romam
603 1491 753 1554 adversas
775 1491 867 1554 illem
894 1493 1017 1579 pemeria
1045 1493 1174 1557 bomani
1197 1494 1299 1560 labem
1323 1521 1363 1560 ac

233 1601 354 1676 pestem
372 1591 530 1676 perducit.
576 1587 621 1652 Et
650 1589 815 1673 capitibus
847 1589 1060 1674 sequentibus
1083 1589 1179 1675 plura
1203 1592 1244 1656 dc
1267 1594 1360 1658 Petri

239 1689 495 1752 commoratione
518 1695 551 1750 et
574 1686 615 1750 de
639 1683 822 1776 Evangelio
842 1687 966 1752 Romae
989 1709 1010 1750 a
1033 1688 1146 1752 Marco
1171 1691 1362 1776 conscripta

239 1795 359 1851 narrat.
407 1784 506 1866 Quod
529 1806 607 1848 vero
631 1805 690 1868 pro
715 1805 750 1848 re
767 1791 879 1848 nostra
902 1793 1016 1848 notare
1039 1784 1119 1849 utile
1142 1794 1200 1867 cst,
1225 1786 1267 1850 de
1281 1787 1360 1852 Phi·

237 1881 311 1948 lone
343 1884 473 1950 Judaso
505 1882 651 1967 loquens,
685 1881 816 1945 scribit:
853 1879 950 1954 Quem
983 1883 1102 1946 Romae
1135 1883 1190 1946 aab
1227 1881 1363 1950 ίῖαιιάἰι·

237 1982 401 2046 domlrmta
416 1982 514 2067 fama
537 1991 583 2044 est
606 1976 715 2064 (subm
741 1973 822 2063 ἔχει)
845 1981 881 2042 im
903 1978 1090 2064 colloquium
1113 1979 1202 2044 Petri
1223 1983 1278 2066 qni
1293 1985 1360 2048 Ro·

237 2082 339 2144 memo's
362 2081 468 2144 coelem
491 2089 626 2164 tempore
649 2077 774 2140 cerbus
796 2077 860 2140 Dei
876 2076 1099 2162 praedicabat,
1122 2079 1252 2142 venisse.

325 2177 378 2242 20.
402 2177 517 2240 Tricas
546 2183 721 2242 moverunt
749 2175 878 2259 ineptas
907 2173 1091 2238 adversarii
1122 2175 1164 2240 de
1188 2174 1358 2242 Chronico

236 2273 372 2338 Eusebii
388 2295 426 2337 eo
450 2273 659 2360 quobtexms
668 2271 838 2356 originalis
848 2269 995 2336 Graecus
1006 2291 1073 2336 non
1096 2273 1360 2355 existatfficro-

236 2393 356 2455 nymus
388 2371 423 2435 in
455 2393 514 2435 sua
546 2369 738 2457 paraphrasi
763 2371 857 2434 varia
889 2391 923 2433 se
948 2378 1090 2434 mutasse
1113 2370 1297 2456 fateatsn¹),
1324 2383 1360 2438 at

235 2469 325 2554 apud
358 2469 549 2554 Syncellum
582 2467 680 2556 (saec.
715 2465 813 2553 v111)
846 2469 902 2552 qui
936 2469 972 2531 in
995 2489 1055 2531 sua
1078 2466 1359 2555 chronographia

238 2566 374 2632 Eusebii
399 2566 577 2631 chronicon
600 2565 766 2630 Graecum
790 2567 945 2647 servavit,
978 2564 1035 2628 illa
1066 2565 1169 2629 XXV
1190 2569 1358 2632 annornm

239 2665 396 2730 indicatio
420 2687 486 2730 non
509 2666 708 2730 inveniatur.
731 2699 775 2710 -—
799 2663 865 2728 Sed
889 2664 1061 2748 imprimis,
1085 2673 1215 2748 practer
1238 2665 1357 2730 Hiero·

236 2766 328 2848 nymi
352 2763 581 2851 paraphrasim
605 2764 717 2826 existit
740 2763 840 2825 etiam
864 2763 972 2826 versio
995 2759 1176 2826 Armenica
1195 2760 1356 2828 Chronici

235 2862 382 2928 Eusebii.
406 2863 446 2928 In
469 2862 586 2926 eadem
609 2861 743 2946 ponitur
763 2858 899 2944 quidem
912 2868 1023 2923 textus
1047 2861 1166 2924 citatus
1189 2859 1251 2924 sub
1267 2859 1356 2926 Cali-

233 2962 330 3047 gnlse
362 2983 479 3046 regno,
517 2957 552 3024 id
585 2981 664 3023 vcro
697 2957 774 3022 inde
807 2959 930 3042 optimc
964 2953 1169 3040 intelligitur,
1203 2958 1293 3043 quod
1317 2961 1354 3024 in

234 3060 288 3124 illo
299 3070 392 3124 textu
407 3079 512 3122 sermo
522 3057 559 3120 fit
574 3056 615 3121 de
629 3056 768 3121 fundata
781 3054 920 3119 ecclesia
930 3053 1150 3120 Antiochena.
1176 3053 1354 3122 Caeterum

234 3159 322 3222 enirn
346 3156 528 3222 Eusebium
558 3155 773 3235 existimasse,
798 3153 859 3216 snb
892 3151 1031 3218 Claudio
1061 3151 1196 3216 Petrum
1221 3156 1353 3220 venisse
1454 3195 1455 3200 κ

233 3255 382 3336 Romam,
406 3276 448 3318 ex
471 3255 542 3340 ejus
565 3252 703 3317 historia
726 3259 825 3336 patet.
854 3250 970 3314 Versio
995 3248 1143 3314 Armcna
1166 3251 1212 3314 ita
1235 3250 1354 3319 habet:
1454 3251 1455 3266 ¹

234 3355 345 3418 Petras
368 3353 530 3440 apostolos
559 3373 652 3438 qoem
675 3350 815 3434 primam
838 3347 1065 3412 Antiochenam
1094 3347 1256 3412 ccdesiam
1270 3350 1353 3435 fiso-

233 3453 354 3532 elaaeet,
389 3453 603 3515 Romanorum
634 3447 740 3512 urbem
766 3445 967 3532 profiscitur,
1000 3444 1103 3530 ibique
1143 3445 1353 3532 anupelinm

228 3551 407 3637 praedicat,
440 3559 470 3612 et
502 3556 709 3612 commoratur
740 3543 809 3607 illic
841 3545 974 3608 emmeles
997 3542 1156 3608 Ecclesiae
1188 3545 1285 3608 anais
1306 3549 1353 3610 oi-
1453 3559 1454 3611 t

231 3651 321 3736 picti.
368 3646 481 3726 Vides,
506 3641 615 3730 quoad
644 3643 691 3706 rei
720 3661 883 3706 summam
913 3640 1009 3725 plena
1040 3639 1240 3704 concordare
1274 3661 1353 3706 curn

231 3755 324 3811 textu
348 3746 380 3810 S.
406 3745 602 3827 Hieronymi
626 3741 713 3804 hanc
737 3739 932 3802 versionem.
967 3737 1066 3818 Quod
1090 3738 1169 3801 anni
1193 3735 1353 3802 dicantur

231 3846 353 3930 aipinti,
378 3842 592 3929 probabiliter
621 3839 721 3902 errori
754 3837 964 3900 librariorum
997 3833 1256 3898 adscribendum
1290 3845 1351 3900 est.

233 3943 352 4007 Utrum
389 3961 467 4004 vero
510 3941 544 4003 in
585 3947 678 4002 textu
719 3933 847 3999 Graeco
895 3931 1033 3998 Eusebii
1083 3931 1182 3994 fucrit
1224 3933 1350 3997 mentio

233 4039 288 4102 illa
311 4059 473 4102 annorum
497 4036 607 4118 XXV,
633 4056 699 4098 non
729 4031 886 4096 videntur
909 4030 1087 4094 convenire
1111 4027 1243 4094 eruditi.
1268 4029 1351 4095 San-

309 4172 329 4240 ¹)
348 4171 380 4224 In
399 4169 516 4239 Prologo
535 4169 569 4222 ad
581 4166 741 4222 Chronicnm
759 4163 812 4218 eit:
832 4167 972 4215 Scr'endum
992 4167 1083 4213 etenim
1103 4169 1148 4226 est,
1166 4179 1207 4212 nes
1224 4169 1251 4211 et
1268 4165 1351 4212 sister·

227 4255 314 4318 protes
332 4261 356 4302 et
373 4257 512 4315 scn'ptoris
530 4269 562 4300 ex
576 4259 657 4314 parte
675 4248 763 4316 efficto
783 4261 860 4296 mum
878 4261 939 4296 esse.
