2836 4804
478 431 591 486 eoncitii
607 430 758 486 celebratio.
1123 432 1175 484 989

79 573 159 638 Unde
181 575 393 638 samtissirnns
425 585 455 638 et
486 574 681 640 leuissimus
712 575 971 660 Aratispiscopus
992 597 1123 663 mapnae
1147 587 1177 639 et

74 673 197 736 senioris
229 673 347 738 Romae
379 673 459 751 Leo,
484 695 546 758 per
576 695 635 738 nos
664 685 694 737 et
718 697 780 759 per·
807 684 1003 758 praesentem
1035 684 1177 738 sanctam

76 769 235 854 timentium,
258 793 324 832 nna
347 793 414 834 curn
438 781 484 834 ter
500 771 676 836 beatissimo
690 782 720 835 et
744 773 828 834 omni
851 771 944 834 laude
968 770 1062 857 ‹lipno
1086 770 1175 836 beato

73 869 157 932 Petro
179 867 342 954 ApostalO,
366 871 420 954 qni
442 879 488 933 est
503 881 600 955 petra
623 881 653 932 et
675 869 800 954 crepido
824 868 994 932 catholicae
1017 868 1175 932 Ecclesiae

73 977 99 1030 et
127 977 226 1030 rectae
249 965 333 1050 fidei
355 965 609 1051 fiendamentum,
641 967 775 1030 nudauit
798 987 865 1030 eum
892 977 956 1030 tam
979 965 1176 1051 episcopatus

73 1063 235 1149 deputate,
267 1087 360 1148 quam
391 1066 487 1128 etiam
509 1075 539 1128 et
562 1063 602 1128 ab
626 1067 710 1128 omni
732 1062 924 1128 sacerdotali
947 1061 1099 1126 alienauit
1120 1063 1175 1125 mi·

73 1163 202 1226 musio.
241 1162 341 1246 Iyitnr
363 1173 473 1226 sancta
495 1163 570 1226 laec
593 1174 622 1226 et
644 1185 758 1247 mapna
783 1162 928 1244 Synodus
950 1183 1028 1244 quae
1046 1159 1176 1244 placent

72 1259 178 1344 sepelis
200 1282 295 1345 super
316 1271 483 1324 nummata
499 1261 652 1324 Dioscoro
667 1261 823 1324 decernat.
869 1258 1073 1325 Sententiam
1088 1256 1176 1320 Ana-

72 1357 160 1422 tolias
186 1355 340 1422 CPtenus
370 1357 542 1442 episcopus
571 1359 756 1443 caeterique
789 1357 903 1422 Patres
935 1357 1081 1420 universi
1105 1375 1176 1439 gre-

72 1455 207 1518 vissimis
230 1453 342 1517 verbis
365 1454 637 1540 comprobarunt,
671 1465 769 1540 atque
793 1455 985 1541 Imperatori
1010 1462 1042 1517 et
1064 1451 1175 1536 Augu-

71 1565 132 1616 sue
155 1553 395 1638 significavere,
428 1551 570 1638 publicis
605 1553 782 1636 vulgarunt
812 1553 939 1634 edictis,
972 1560 1004 1614 et
1033 1551 1177 1615 Alexan-

11 1635 13 1712 ἕ
71 1651 177 1716 drinse
201 1652 461 1736 perscripserunt
483 1650 650 1715 ecclesiae.

11 1727 13 1752 '
151 1749 205 1812 41.
229 1747 328 1811 Modo
347 1748 419 1833 jam
443 1750 616 1813 veniamne
629 1748 673 1813 ad
688 1749 852 1813 Actionem
874 1758 1028 1834 quartam,
1053 1749 1085 1811 in
1110 1760 1246 1833 quassae
1261 1763 1345 1812 oum·

11 1877 12 1920 3
69 1847 151 1910 locta
173 1857 223 1908 est
246 1845 384 1909 celebris
414 1845 469 1909 illa
500 1847 686 1910 retractatio
718 1857 751 1909 et
783 1846 986 1910 confirmatio
1020 1843 1175 1930 epistolae

68 1945 194 2024 Leonis,
226 1965 291 2028 qne
320 1953 489 2028 tantopere
519 1943 700 2008 abutuntur
723 1942 887 2007 Gallicani
917 1943 1039 2028 aliique
1061 1942 1175 2006 adver-

69 2044 140 2106 urii
165 2039 410 2106 infallibilitstis
432 2042 572 2107 Romani
603 2042 787 2122 Pontificis,
812 2053 847 2104 ut
870 2041 1054 2122 ostendant,
1078 2051 1176 2104 antee

68 2140 152 2204 illem
175 2139 254 2204 fidei
278 2141 515 2224 expositionem
531 2159 597 2203 non
613 2138 883 2205 irreformabilem
898 2139 1008 2220 fuisse,
1032 2138 1175 2225 plenam-

67 2261 125 2324 que
158 2240 188 2304 ei
222 2259 287 2302 non
319 2238 512 2302 convenisse
547 2240 784 2302 auctoritatem.
828 2275 871 2284 -
907 2237 1013 2322 Igitur
1035 2236 1175 2300 Actione

67 2347 179 2422 quarta
203 2335 256 2399 die
290 2337 348 2398 17⁰
375 2325 528 2400 Octobris
556 2335 682 2416 habits,
712 2357 814 2421 quum
841 2336 913 2421 jam
937 2337 1082 2420 quinque
1106 2335 1177 2398 dies

67 2436 272 2500 induciarum
289 2432 390 2518 elapsi
407 2443 523 2514 essent,
534 2434 665 2519 judices
680 2432 870 2519 imperiales
886 2433 1058 2496 dixerunt:
1083 2435 1175 2510 „Ma-

67 2535 223 2619 nifestatis
246 2533 294 2596 lais
327 2537 493 2620 quaejam
510 2531 638 2617 pridem
672 2533 827 2595 constitua
851 2543 936 2611 erent,
965 2530 1064 2616 (lecte
1087 2533 1174 2594 enim

68 2631 196 2694 luerunt
218 2639 341 2692 statuta
363 2628 515 2693 Actionis
541 2627 736 2715 secundae),
761 2630 844 2714 quael
862 2629 987 2714 placuit
1008 2629 1175 2692 reserenda

71 2727 209 2793 Concilio
237 2728 275 2790 de
308 2737 419 2790 sancta
437 2727 517 2810 fide,
542 2729 645 2812 iponem
675 2749 733 2791 nos
764 2727 875 2790 doceat
905 2727 1114 2790 Paschasinus
1146 2737 1177 2789 et

68 2828 234 2892 lucentius
265 2825 516 2890 reverendissimi
547 2827 686 2910 episcopi
718 2837 747 2889 at
778 2824 964 2908 Bonifatius
986 2823 1175 2886 reverendis

66 2927 158 2988 umus
178 2921 352 3008 presbyter,
375 2924 490 2987 vicarii
519 2921 611 2987 Sedis
635 2924 844 3008 Apostolicae.
884 2961 927 2970 -
970 2923 1055 2984 Tunc
1079 2921 1177 3008 lepati

62 3047 116 3106 per
156 3024 260 3085 virum
292 3021 582 3084 reverendissimum
616 3021 839 3084 Paschasinum
872 3021 1049 3106 episcopum
1087 3020 1175 3082 cline·

66 3131 155 3182 nant:
182 3116 302 3182 Sancta
326 3129 356 3181 et
378 3117 559 3182 beatissima
574 3116 808 3204 Spuodufielei
823 3116 964 3204 rapulam
986 3141 1064 3202 quae
1089 3117 1176 3203 apud

66 3219 220 3280 ⁴Vicaeam
255 3239 275 3278 a
310 3217 459 3280 Patribus
492 3227 538 3279 est
571 3218 742 3280 constituta
765 3218 903 3301 seqnitur
937 3225 967 3278 et
1001 3225 1095 3292 tenet,
1121 3213 1176 3278 secl
1263 3281 1265 3286 ,

65 3317 155 3378 etiam
188 3323 218 3378 et
246 3323 365 3376 centum
398 3316 624 3399 quinquaqinta
661 3315 748 3400 apud
783 3310 1086 3396 Constantinopolim
1118 3313 1175 3376 sub

63 3423 187 3478 sanctae
212 3411 441 3474 recordatiouis
477 3412 649 3474 llseodosio
679 3416 795 3500 majore
819 3419 1007 3496 conprepata
1030 3407 1176 3494 Quodne

63 3511 162 3594 ipsam
174 3509 277 3594 fidem
291 3509 499 3592 confirmauit3
528 3513 614 3597 cujus
630 3508 761 3594 symboli
776 3508 999 3593 expositionem
1023 3531 1043 3570 a
1067 3505 1174 3570 beatae

63 3607 290 3672 recordatiouis
312 3609 379 3670 ciro
403 3605 521 3692 Cpr-illo
546 3607 634 3692 apud
648 3607 801 3692 Ephesum
824 3607 1009 3692 sepontum
1033 3603 1175 3688 (mando

64 3707 231 3770 Nestorius
263 3717 307 3770 est
339 3727 403 3790 pro
435 3707 486 3768 sui
516 3705 695 3768 calliditate
719 3703 918 3788 damnatas),
942 3701 1087 3765 similiter
1111 3723 1174 3764 am-

58 3803 216 3886 plectitur.
269 3803 372 3866 Tertio
405 3825 476 3865 oeno
509 3801 681 3866 beatissimi
710 3812 800 3886 atque
831 3799 999 3886 apostolici
1020 3799 1083 3861 uiri
1105 3801 1174 3863 uni-

61 3898 192 3964 versalis
206 3899 366 3966 Εοείεεὶαε
384 3923 494 3986 papae
512 3900 625 3963 Leonis
639 3896 767 3985 (πόσων
788 3901 852 3960 τῶν
874 3890 1046 3982 ἒκκλησίων
1069 3892 1173 3976 ἀρχιε-

11 4041 12 4084 ,
61 3994 226 4059 assumant·
250 3995 408 4082 Aetna)
434 3998 577 4062 Nestorii
600 4007 630 4059 et
648 3997 827 4083 Eutpclcctis
849 3994 1031 4058 damnantis
1054 3995 1173 4058 directa

11 4089 12 4100 ¹
61 4096 189 4179 scripta,
216 4095 292 4178 qssid
312 4117 389 4157 uera
411 4095 496 4179 fides
527 4095 638 4158 lubeat
660 4105 877 4179 seposueram,
925 4091 1078 4155 Similiter
1099 4115 1172 4156 uero

60 4203 87 4253 et
110 4204 222 4256 sancta
246 4191 390 4278 Syriam
412 4193 491 4256 hanc
504 4192 603 4275 fidem
620 4203 709 4269 tenet,
732 4193 811 4254 lana
834 4192 980 4276 septima,
1003 4189 1085 4251 nillil
1108 4213 1171 4252 am-

11 4315 12 4336 ¹
111 4325 240 4376 sangrum,
256 4321 428 4364 cunemannus.
460 4321 517 4362 Tam.
534 4320 560 4361 11.
1032 4295 1065 4348 19
