2936 4814
497 420 613 494 'inopus
629 420 732 482 nortia
1149 424 1184 480 ⁷8

170 565 218 632 50.
238 564 303 632 iste
333 587 441 632 annus
472 568 571 632 etiam
604 567 727 653 optime
760 575 969 658 computatur
1000 568 1182 634 secundum

101 663 292 728 montionem
314 666 458 730 auctoris
480 665 650 751 operisDe
673 665 797 730 excidio
821 665 1110 753 Hieoeolpnamm
1128 669 1182 759 (L.

100 757 147 822 IIL
167 781 191 825 c
206 760 250 847 1),
264 763 353 848 qnod
366 765 452 828 inter
465 783 565 848 opere
579 762 612 828 S.
627 761 793 827 Ambrosii
809 771 926 829 exstat.
949 765 1003 828 Ex
1016 765 1079 831 hac
1093 771 1181 834 enim

100 859 257 924 moratione
278 869 378 944 patet,
397 859 562 924 Neronem
586 861 621 923 iu
642 857 773 924 Achaia
795 859 907 942 fuisse,
931 863 1063 947 quaudo
1087 866 1184 949 jussit

99 953 185 1018 occidi
205 954 384 1042 Apostolos.
430 956 625 1022 Msudatum
655 955 747 1022 dedit
776 977 831 1020 eos
857 958 1009 1042 necandi,
1033 985 1101 1026 mm
1123 964 1182 1028 Ja-

99 1047 221 1116 doecnaa
243 1052 320 1118 dello
345 1052 501 1140 afflictum
521 1053 664 1118 validam
690 1075 817 1118 monam
839 1055 1053 1121 Romame
1075 1081 1182 1148 coppo·

100 1147 180 1212 ma
226 1148 343 1216 Clades
375 1150 459 1216 haec
489 1150 612 1216 accidit
645 1149 699 1216 die
727 1150 968 1216 8Novembris
999 1175 1028 1220 a.
1059 1155 1102 1220 66
1125 1157 1182 1246 (V

98 1242 151 1310 Jos.
162 1245 209 1310 De
229 1247 313 1314 bello
327 1249 409 1314 Jud.
433 1246 538 1314 1.111.
562 1269 591 1314 c.
617 1246 683 1334 10),
707 1257 740 1312 et
762 1247 856 1312 illum
879 1251 1032 1316 nuntium
1054 1258 1183 1341 accepit

99 1341 165 1406 Nero
185 1344 218 1410 in
238 1345 378 1412 Achaia.
424 1346 474 1412 Eo
498 1354 703 1410 concesserat
731 1344 898 1411 mediante
927 1345 991 1411 hoc
1017 1371 1104 1415 anuo
1128 1353 1181 1438 66,

97 1438 177 1504 stibi
198 1445 316 1510 mansit
338 1465 444 1529 usque
472 1442 516 1508 ad
538 1452 755 1508 auctumnum
791 1464 823 1508 a.
846 1441 898 1508 67.
928 1441 1045 1531 Imque
1066 1448 1183 1514 Petrus

98 1542 264 1622 martynum
293 1563 362 1606 non
392 1539 496 1610 subiit
517 1549 594 1605 ante
621 1549 840 1604 auctumnnm
869 1561 899 1606 a.
931 1541 989 1625 66,
1020 1565 1082 1610 nec
1111 1558 1184 1633 post

97 1649 209 1704 nortem
221 1638 362 1704 Nemnis
384 1659 443 1704 sen
466 1637 612 1704 medium
625 1637 765 1704 Juninm
788 1659 818 1702 a.
834 1637 886 1721 68,
910 1639 1059 1727 adeoque
1081 1665 1184 1728 quum

97 1747 198 1800 comet
224 1735 312 1802 diem
345 1737 496 1821 martyrii
525 1735 627 1802 fuisse
657 1735 689 1801 d.
719 1735 763 1802 29
794 1735 903 1817 danii,
932 1759 999 1802 uon
1022 1737 1106 1804 alius
1129 1763 1183 1806 an·

96 1853 143 1896 ons
162 1835 218 1899 nisi
241 1833 282 1898 67
306 1844 458 1921 superest
481 1835 534 1898 oui
558 1833 755 1917 martyrium
778 1831 921 1897 adscribi
946 1837 1058 1919 possit.

164 1931 212 1996 51.
235 1929 492 1998 Consideremus
516 1930 614 1996 modo
637 1952 723 2016 quae
746 1939 860 1994 contra
883 1932 1109 2018 episcopatum
1124 1934 1184 2000 Ro·
1203 1947 1344 2000 obiecim-

96 2048 206 2092 uanum
235 2029 340 2096 XXV
372 2051 534 2095 annorum
565 2028 605 2094 Β.
628 2028 726 2094 Petro
755 2027 959 2113 adscriptum
983 2028 1186 2116 objiciuntur

95 2122 127 2186 ab
146 2126 189 2208 iis,
211 2129 266 2213 qui
290 2127 506 2213 caeteroquin
529 2125 562 2192 S.
585 2125 722 2190 Petrum
744 2124 883 2190 Romam
915 2128 1046 2192 venisse
1068 2128 1185 2194 admit·

94 2231 158 2288 tant.
205 2224 389 2310 Praecipue
426 2223 564 2310 quidam
600 2224 812 2309 antiquorum
843 2224 1040 2309 scriptorum
1076 2235 1185 2292 textus

94 2317 222 2404 citantur,
259 2321 385 2409 quibus
425 2321 604 2406 significari
637 2321 780 2414 videtur,
820 2320 856 2386 S.
887 2322 1021 2389 Petrum
1053 2327 1184 2391 nonnisi

94 2425 216 2502 tenpore
246 2419 391 2486 Neronis
422 2419 561 2484 Romam
594 2419 734 2484 venisse.
788 2417 844 2482 Ex
875 2417 1020 2504 Origene
1052 2432 1188 2507 urgetur

93 2509 166 2580 locus
185 2515 225 2582 ab
247 2517 396 2584 Eusebio
420 2515 478 2604 (H.
501 2516 541 2582 E.
564 2515 586 2582 l.
608 2515 671 2580 ΠΙ.
703 2537 732 2581 c.
757 2515 791 2602 1)
813 2515 935 2582 relatus
957 2537 1001 2580 ex
1022 2527 1111 2583 tomo
1134 2518 1186 2584 111

93 2614 314 2698 expositionum
346 2617 381 2680 in
403 2614 571 2680 Genesim.
616 2614 728 2679 Petras
752 2637 814 2701 per
835 2614 978 2692 Pontum,
1010 2613 1186 2698 Galatiam,

94 2707 261 2798 Bidamas,
295 2711 534 2801 Cappadociam
563 2723 655 2798 otpae
684 2711 797 2776 Asiam
818 2710 956 2778 Jadoeia
983 2714 1039 2799 poi
1066 2715 1102 2778 io
1123 2715 1187 2780 dia·

90 2811 214 2890 peso..
244 2812 571 2898 emopraeseam
603 2811 812 2876 ammam.
862 2805 1188 2882 &udaeam

93 2901 147 2968 seu·
166 2907 256 2992 τέλει)
280 2913 416 2976 &mom
437 2911 566 2974 caraem
587 2909 673 2972 esaei
694 2905 832 2994 suffinae
854 2917 909 2972 m.
933 2943 977 2956 —
995 2905 1187 2976 Generatim

93 3003 373 3072 animadvertimus
405 3007 577 3094 imprimis,
610 3005 690 3071 dum
722 3003 824 3070 XXV
856 3006 936 3070 anui
967 3005 1188 3094 Episcopatus

93 3099 212 3170 Romani
234 3105 274 3172 B.
300 3105 397 3170 Petro
420 3105 641 3189 assignantur,
664 3125 744 3190 prae
767 3101 871 3168 oculis
893 3102 1084 3170 habendum
1107 3127 1188 3190 esse,

93 3199 167 3282 qnod
191 3203 262 3288 jam
298 3202 489 3268 observavit
519 3203 691 3285 Baronins,
723 3223 789 3266 oon
820 3211 925 3266 tunsa
955 3203 1040 3289 qaod
1070 3225 1189 3292 serpes

92 3297 194 3366 am
210 3303 435 3388 peramaserit,
459 3301 573 3388 qnippe
596 3302 651 3387 pai
672 3301 811 3364 urdoerai
832 3323 935 3388 W
957 3323 1034 3365 esau
1057 3300 1188 3366 amase

91 3405 140 3474 tas,
166 3409 199 3464 ai
220 3399 365 3464 omnibus
390 3400 597 3486 promineret,
621 3396 737 3484 officiis
767 3408 799 3462 et
820 3397 962 3464 consibiis
982 3421 1047 3464 swa
1068 3398 1187 3464 deeroa

91 3489 246 3576 Suada,
271 3498 398 3562 Petnsm
425 3498 474 3562 dia
503 3495 691 3584 temporibus
718 3495 1189 3582 nanpnumfmaodemloco

92 3594 252 3675 cuddae,
268 3595 324 3660 sed
346 3606 381 3658 at
403 3617 483 3682 opas
505 3617 570 3658 esse
591 3593 722 3672 videret,
735 3613 911 3679 peroptare
927 3595 1122 3680 provincias,
1140 3595 1189 3658 io-

92 3689 176 3754 τίκτε
196 3693 344 3758 miccina
366 3703 396 3757 et
412 3691 577 3778 postorali
598 3690 811 3756 sollicitissime
838 3691 992 3777 amm).
1039 3689 1095 3756 Ad
1121 3699 1189 3754 tex·

92 3796 150 3852 tom
163 3789 316 3876 Origenis
338 3791 441 3875 igitur
457 3788 703 3876 respondemus,
718 3809 762 3852 ex
784 3788 855 3874 ejus
878 3787 989 3853 verbis
1003 3785 1190 3854 nullsteuus

93 3889 187 3972 sequi,
218 3890 331 3974 negari
364 3887 407 3954 ab
432 3890 502 3980 ipso
525 3889 667 3974 priorem
690 3886 873 3952 adveutum
895 3886 996 3952 Petri.
1041 3885 1190 3953 Summa·

93 3983 142 4048 tim
163 3984 208 4050 ibi
230 3987 274 4052 ab
288 3985 435 4071 Origene
456 3987 723 4072 perstringuntur
744 4006 830 4070 quae
852 3983 897 4048 ab
910 3982 1077 4070 Apostolis
1098 3995 1191 4069 geue

92 4093 167 4166 anna
195 4085 399 4170 praedicatio
431 4106 551 4171 uempe
582 4083 625 4149 ab
648 4084 689 4148 iis
711 4083 800 4148 facia
832 4091 866 4147 et
887 4083 922 4148 in
945 4081 1067 4169 quibus
1088 4083 1190 4167 regio·

94 4181 289 4278 ΤΗΙ-11.
306 4209 343 4267 ad
359 4226 385 4268 a.
403 4209 448 4268 89.
