2836 4804
251 437 304 492 326
581 425 585 430 ’
659 437 699 491 De
717 437 805 492 tribus
823 437 964 506 Capitulis.

251 603 315 664 sus,
340 601 394 644 eos
418 601 477 643 ceu
502 579 670 666 superbos,
685 590 835 644 veterum
859 583 1092 648 auctoritatum
1116 593 1348 672 contemptores,

251 701 477 765 novarumque
502 679 731 763 quaestionum
755 677 927 763 studiosos,
952 682 1110 766 coarguit.
1138 681 1259 746 Eorum
1279 703 1346 746 vero

251 780 507 864 propositionem
547 775 731 863 approbare
773 776 896 860 noluit,
937 778 1015 866 quia
1052 800 1117 842 non
1150 789 1219 843 erat
1252 801 1346 844 neces·

251 877 337 939 saria
370 875 412 941 ad
436 875 535 941 fidem
560 873 727 956 tuendam,
762 883 794 938 et
817 878 895 960 quia
924 875 966 941 ob
991 876 1169 964 quamdam
1193 899 1264 942 cum
1284 877 1348 942 hac·

250 975 313 1036 resi
338 973 425 1038 Petri
443 975 592 1040 Fullonia
615 971 787 1036 affinitatis
810 973 953 1060 speciem
977 997 996 1037 a
1020 973 1219 1061 quibusdam
1241 977 1274 1040 iu
1293 997 1346 1040 ma·

248 1069 315 1134 lam
345 1081 472 1157 partem
505 1073 590 1136 verti
623 1077 655 1134 et
686 1067 1002 1155 lionophysitismus
1032 1094 1071 1135 ea
1103 1074 1170 1156 tegi
1198 1075 1346 1159 potuisset.

250 1167 383 1233 Nullam
406 1181 516 1234 autem
542 1170 739 1233 sententiam
756 1166 962 1232 definitivam
982 1167 1138 1233 Pontifex
1163 1169 1203 1234 de
1226 1167 1346 1236 formula

249 1265 334 1332 tulit.
380 1267 504 1332 Verum
538 1275 611 1355 post
643 1263 767 1352 aliquot
804 1287 907 1330 annos
939 1265 1092 1330 monachi
1128 1266 1252 1332 OPtani
1281 1268 1345 1332 dicti

250 1363 447 1428 Acoemotae
478 1389 535 1432 sou
567 1359 787 1450 insomnes¹),
821 1363 917 1426 istam
950 1365 1209 1450 propositionem
1240 1367 1350 1452 impug-

250 1472 375 1541 nantes,
399 1462 618 1550 prodidorunt
640 1483 772 1526 sensum
789 1459 1021 1526 Nestorianum
1052 1485 1091 1527 ac
1114 1464 1347 1543 contenderunt,

251 1555 418 1624 Christum
443 1584 507 1626 non
533 1582 627 1648 posse
660 1559 726 1623 dici
759 1579 862 1622 unum
891 1559 1106 1643 oTriuitate,
1133 1585 1238 1650 neque
1259 1561 1294 1626 B.
1315 1559 1348 1624 l’.

251 1657 391 1721 Mariam
424 1661 535 1722 vocari
568 1680 664 1746 posse
687 1655 878 1742 Deiparam.
925 1657 1020 1721 Tunc
1043 1658 1192 1725 Joannes
1224 1659 1256 1723 Π
1276 1681 1350 1745 papa

249 1777 269 1818 a
298 1755 486 1822 Justiniano
519 1757 720 1842 Imperatore
757 1753 982 1839 interpellatus
1020 1769 1235 1822 memoratam
1265 1779 1349 1843 supra

249 1856 503 1941 propositionem
537 1851 745 1940 approbavit,
779 1861 812 1915 et
843 1851 1022 1918 monachos
1046 1855 1243 1920 Acoemetas
1270 1854 1350 1919 aliter

250 1953 426 2016 sentientes
454 1952 636 2016 damnavit.
660 1950 835 2014 Manifesta
851 1971 929 2014 vero
953 1951 1072 2015 falsum
1096 1964 1156 2036 est,
1180 1953 1266 2040 quod
1287 1973 1348 2016 eon·

249 2047 354 2114 tendit
386 2047 595 2136 Forbcsius2)
628 2045 751 2134 aliique
783 2045 986 2130 heterodoxi,
1020 2072 1140 2136 nempe
1170 2049 1348 2115 Hormisdas

208 2142 211 2152 '
250 2155 282 2210 ct
304 2147 445 2212 loannis
468 2147 502 2211 II
526 2148 704 2210 sententias
728 2147 763 2208 in
787 2167 886 2209 causa
910 2144 1148 2211 monachorum
1166 2147 1346 2234 Scytharum

249 2245 335 2308 inter
357 2267 391 2308 se
415 2267 572 2330 pugnare,
618 2241 813 2307 Hormisdas
845 2243 933 2306 enim
966 2265 1079 2308 eorum
1107 2248 1345 2332 propositionem

249 2363 314 2404 uon
346 2340 526 2423 damnavit,
560 2341 618 2406 sed
649 2340 833 2426 approbare
866 2340 988 2424 noluit,
1021 2363 1063 2407 ne
1095 2342 1292 2428 Eutychiani
1316 2362 1347 2404 ea

249 2437 462 2503 abuterentur
475 2449 507 2502 et
523 2439 596 2503 lites
607 2447 814 2522 augerentur.
862 2437 979 2502 Postea
993 2461 1081 2522 vero,
1108 2444 1243 2506 mutatis
1256 2461 1347 2504 rerum

249 2535 424 2622 adjunctis,
457 2537 604 2602 Joannes
635 2535 670 2600 ΙΙ
695 2533 782 2600 illam
813 2537 1068 2622 propositionem
1091 2539 1126 2601 in
1149 2562 1243 2603 semu
1263 2537 1348 2600 catio·

250 2633 310 2698 lico
334 2635 542 2722 approbavit,
569 2657 611 2700 ne
633 2633 821 2698 Nestoriani
846 2631 1012 2698 silentium
1036 2633 1131 2699 Sedis
1157 2635 1349 2722 Apostolicee

250 2731 334 2796 male
358 2734 659 2820 interpretarentur.

206 2859 230 2887 u
340 2830 391 2896 19.
415 2831 621 2896 Justt'aiacuc
654 2830 738 2916 Imp.
774 2853 803 2893 a.
836 2829 900 2893 527
935 2832 1090 2895 successit
1122 2831 1272 2910 Justino‚
1302 2829 1347 2914 qui

145 2920 185 2950 '²'
251 2926 362 2990 morbo
387 2937 419 2990 et
442 2929 532 2993 senio
557 2928 725 2991 confectus
746 2926 837 2991 obiit.
884 2927 1025 2991 Multum
1048 2927 1186 3014 quidem
1211 2930 1349 2995 diuturno

250 3035 394 3110 tempore
417 3027 511 3112 regni
535 3027 585 3090 sui
609 3025 818 3089 Justiuianus
851 3026 884 3088 in
908 3023 1078 3090 Ecclesiae
1101 3037 1133 3090 et
1158 3027 1283 3114 imperii
1305 3025 1348 3087 bo·

250 3144 329 3186 num
354 3123 501 3188 contulit.
549 3121 633 3205 Sed,
665 3124 843 3206 instigante
875 3125 1068 3208 praesertim
1090 3124 1265 3190 Theodora
1294 3123 1348 3188 An·

248 3231 343 3304 gusta
377 3221 502 3284 sentina
532 3221 800 3306 imperiosissima
835 3229 867 3284 et
899 3219 1098 3285 factionibus
1130 3222 1253 3304 dedita,
1275 3234 1349 3306 pote-

249 3319 340 3382 statis
364 3341 442 3383 suae
464 3319 584 3383 limites
608 3321 730 3406 passim
753 3317 918 3400 transiliit,
943 3318 1192 3405 quaestionibus
1215 3319 1347 3384 ecclesia-

249 3417 339 3480 sticis
372 3417 471 3480 nimis
504 3439 537 3482 se
562 3417 703 3498 miscuit,
738 3426 770 3479 et
792 3437 844 3479 res
866 3415 1036 3482 Ecclesiae
1059 3439 1117 3481 suo
1141 3417 1274 3481 arbitrio
1296 3413 1347 3478 dis·

248 3535 369 3601 ponere
393 3517 485 3579 nisus
508 3523 567 3580 est.
613 3513 738 3577 Verum
752 3511 816 3577 hac
830 3511 917 3577 dere
932 3515 1067 3578 inferius
1082 3513 1178 3600 plura
1202 3514 1346 3579 dicentur.

338 3613 391 3677 20.
415 3611 514 3676 Modo
538 3621 651 3692 restat,
675 3621 712 3674 ut
735 3612 850 3696 paucis
874 3633 1164 3677 commemoremus
1189 3611 1347 3696 Pontifices,

249 3711 305 3798 qui
341 3710 418 3774 inde
451 3734 471 3775 a
501 3709 536 3774 S.
569 3709 681 3774 Leone
713 3707 883 3772 Ecclesiae
914 3709 1147 3796 praefuerunt,
1185 3728 1347 3792 eorumque

247 3819 339 3892 gesta
371 3808 559 3894 praecipua.
607 3805 718 3887 Quum
751 3803 784 3870 S.
817 3805 884 3870 Leo
921 3809 1039 3892 viginti
1070 3809 1166 3872 annis
1198 3823 1346 3871 summum

325 4043 342 4114 ¹)
362 4043 407 4098 Ita
425 4043 639 4114 appellabantur,
658 4043 722 4115 quia
749 4045 777 4098 iu
809 4061 900 4100 eorum
918 4043 1080 4100 monasterio
1098 4061 1145 4113 per
1163 4045 1252 4099 sarim
1269 4053 1346 4097 mons·

248 4123 355 4178 chorum
375 4131 477 4178 turmas
495 4123 539 4178 die
557 4129 690 4194 noctuque
709 4125 836 4180 continuo
855 4127 912 4180 Deo
931 4125 1023 4182 laudm
1041 4125 1258 4180 decantabantm.

323 4205 343 4272 ¹)
364 4203 456 4260 Instit.
476 4203 538 4259 hist„
559 4203 638 4258 theol.
657 4203 688 4259 L.
708 4205 759 4261 ΠΙ.
779 4221 800 4260 e
821 4207 863 4262 16.
