2900 4800
411 463 523 518 Honorii
542 463 671 533 epistolae
691 463 888 532 expenduntur.
1156 463 1210 517 419

88 631 173 672 num.
221 609 322 696 luitur
352 619 388 672 ut
420 617 525 672 verua
547 607 723 692 beaipnitoe
750 631 878 674 oausam
901 618 997 672 totam
1020 611 1069 675 rei
1090 609 1209 676 discere

84 708 202 791 possit,
225 704 431 771 amatorum
454 707 585 770 ueritate
608 729 686 792 quoe
720 717 796 770 onte
821 706 921 770 breuis
943 708 1210 794 intercapedinem

91 805 241 892 temporis
255 815 343 890 qesta
365 815 439 868 sunt
461 805 626 868 enarrabo.
644 841 687 852 -·
697 805 864 870 Maximus
879 825 958 868 vero
975 804 1018 868 ad
1030 805 1208 888 Marinum,

90 911 265 988 postquam
298 902 518 968 orthodoxum
550 923 680 966 sensum
714 904 952 966 sententiarum
975 903 1113 967 Honorii
1139 905 1211 967 vin·

89 1000 236 1082 dicavit,
260 1000 393 1066 scribit:
421 1000 590 1066 Certiorem
607 1011 711 1064 auum
733 1001 810 1064 miti
831 1001 911 1064 inne
933 999 1094 1088 (sensum)
1119 1025 1209 1066 eonc-

90 1100 231 1164 tissimus
245 1098 329 1184 feeit
353 1099 539 1185 presbyter,
563 1099 707 1162 dominus
729 1098 875 1162 uidelicet
897 1098 1089 1163 Anastasius
1112 1099 1211 1164 obbas

89 1220 111 1258 o
134 1198 254 1260 maiori
276 1199 379 1261 Roma
400 1219 555 1275 reomaus,
579 1198 629 1260 cir
644 1194 763 1260 scilicet
785 1195 1061 1282 incomparabilis,
1084 1199 1209 1262 uirtute·

89 1317 148 1379 oue
173 1295 285 1360 divina
307 1305 337 1360 et
355 1295 531 1381 pnodenmo
552 1306 752 1376 venustatem
775 1297 829 1380 oroi
852 1317 1004 1376 assuens,
1028 1295 1111 1380 quod
1133 1295 1210 1358 mul-

89 1403 156 1456 tam
178 1415 349 1458 aerumnam
370 1395 500 1458 mooerit
522 1393 566 1458 od
589 1394 819 1458 sacratissimos
844 1415 975 1479 mapnoe
998 1392 1089 1457 illius
1116 1393 1206 1458 eoele-

88 1491 158 1554 siae
180 1489 285 1568 siros,
312 1501 447 1577 propter
475 1491 642 1577 epistotam
672 1513 751 1576 quoe
782 1491 822 1556 ab
846 1513 881 1554 eo
904 1489 1080 1578 (Honorio)
1096 1493 1211 1578 fuerat

87 1586 134 1650 ad
158 1585 301 1674 Qum
324 1590 443 1674 scripta
455 1639 464 1668 ,
483 1600 691 1674 percontans,
723 1591 811 1678 cujus
833 1591 882 1654 rei
907 1591 1015 1676 pratia
1037 1587 1086 1654 oei
1108 1589 1200 1674 quoii

89 1695 138 1748 ter
159 1687 196 1749 in
219 1707 257 1750 eo
280 1689 402 1750 insum
413 1686 521 1773 fuerit
543 1709 609 1750 uno
630 1687 796 1763 voluntas,
827 1695 858 1752 et
879 1688 1000 1750 invenit
1021 1688 1212 1753 haesitantes

86 1784 124 1846 in
146 1785 202 1847 ltoc
226 1795 256 1848 et
277 1787 431 1848 rationem
444 1785 620 1850 reddentes.
666 1787 800 1870 Insuper
814 1796 844 1849 et
867 1808 953 1862 enm,
978 1785 1032 1872 qui
1054 1786 1134 1849 tono
1147 1809 1210 1870 per

79 1883 259 1970 jussionem
282 1887 349 1971 ejus
380 1881 493 1947 latinis
515 1882 683 1948 dictaverit
705 1883 915 1959 dictionibus,
946 1882 1105 1946 dominum
1127 1883 1210 1946 oide-

87 1977 163 2043 lieet
185 1979 344 2044 ¹loannem
367 1981 510 2044 ateana
531 1983 762 2046 samartinum
784 2003 966 2068 symponum
989 1978 1210 2065 affirmantem,

88 2077 174 2161 quod
196 2075 284 2142 nullo
307 2079 398 2143 modo
421 2081 607 2144 mendorum
621 2081 656 2144 in
670 2101 708 2142 eo
719 2103 780 2165 per
801 2101 961 2143 nummum
975 2078 1095 2164 feeerit
1117 2079 1213 2143 unius

88 2173 277 2239 omnimodis
298 2176 489 2243 uoluntatis:
523 2177 595 2242 lieet
617 2179 672 2242 ltoe
702 2201 785 2242 nunc
817 2179 859 2242 sit
872 2177 984 2262 fiotum
1016 2176 1056 2240 ab
1084 2177 1132 2240 lois
1156 2177 1212 2262 qui

86 2273 170 2336 tom
196 2274 231 2335 in
258 2297 403 2358 praecem
429 2297 531 2340 uocem
554 2278 758 2362 interpretati
780 2285 852 2340 eunt
876 2283 938 2339 etc.
976 2311 1020 2322 --
1056 2274 1143 2340 Satis
1166 2295 1210 2338 ex

87 2369 143 2435 his
166 2381 322 2458 apparet,
346 2394 413 2438 noa
437 2375 500 2438 nisi
515 2383 588 2459 post
611 2383 749 2438 mortem
764 2373 903 2438 Honorii
927 2383 960 2437 et
974 2373 1080 2457 Sergii
1104 2379 1207 2438 atten-

89 2469 217 2534 tionem
249 2471 293 2536 ad
322 2470 395 2536 illas
418 2471 543 2536 litteras
573 2472 675 2536 fuisse
708 2471 883 2552 directam,
917 2482 951 2535 et
982 2492 1125 2557 eoasque
1155 2493 1211 2535 eas

90 2566 198 2631 velati
222 2567 433 2634 absconditas
452 2570 607 2655 jacuisse.

183 2667 236 2732 49.
261 2667 335 2732 Hoc
366 2667 438 2732 loco
465 2689 545 2732 vero
576 2667 655 2732 utile
679 2670 741 2732 erit
772 2667 1053 2749 animadvertere,
1076 2665 1211 2747 Romae,

90 2785 197 2850 quum
220 2764 345 2830 ibidem
369 2763 565 2830 Anastasius
589 2764 692 2830 abbae
716 2775 887 2852 quaereret
910 2764 951 2828 de
975 2786 1072 2829 sensu
1097 2763 1206 2828 Hono·

90 2864 149 2944 rii,
174 2871 207 2926 et
228 2863 376 2928 loannes
391 2863 440 2928 IV
463 2884 550 2928 anno
575 2864 637 2928 641
664 2864 821 2929 scriberet
842 2862 967 2928 litteras
989 2861 1212 2948 apologeticae

90 2981 152 3045 pro
167 2961 336 3043 Honorio,
362 2971 521 3048 quantam
535 2985 577 3026 ex
600 2964 701 3026 variis
720 2962 923 3048 argumentis
946 2960 1120 3044 colligitur,
1135 2981 1212 3045 pro-

89 3058 241 3124 babiliter
263 3061 349 3124 laud
372 3059 514 3146 adficisse
538 3061 753 3146 opoprapltnm
776 3058 982 3146 epistolarum
1005 3057 1144 3121 Honorii
1167 3055 1212 3120 ad

91 3157 246 3244 Serqium
282 3158 356 3223 Hoc
374 3159 446 3244 jam
469 3158 616 3223 breviter
638 3157 859 3224 ostendamus.
892 3155 1090 3242 Apologiam
1114 3157 1211 3218 istam

90 3256 228 3319 nomine
259 3256 400 3320 Joannis
433 3255 482 3320 IV
514 3256 604 3321 idem
636 3258 767 3342 scripsit
801 3256 948 3321 ioannes
982 3252 1106 3334 abbas,
1142 3252 1206 3318 Ho-

91 3353 179 3416 norii
198 3355 270 3439 jam
295 3356 508 3436 secretarius,
533 3355 590 3440 qui
614 3354 712 3440 hujus
735 3352 905 3418 Pontifiois
928 3353 1053 3418 litteras
1075 3351 1118 3416 ad
1142 3351 1213 3416 Ser·

1239 2683 1271 2724 Aa
1292 2683 1367 2726 Romu

1241 2743 1364 2794 amansii.

89 3452 186 3534 giam
210 3451 405 3517 confecerat.
453 3453 527 3518 Hoc
550 3461 641 3537 patet
663 3471 706 3515 ex
729 3451 839 3516 verbis
863 3451 897 3518 S.
913 3451 1052 3516 Maximi
1077 3451 1112 3513 in
1136 3449 1213 3512 Dis·
1296 3522 1299 3530 ,

90 3550 264 3635 putatione
289 3573 364 3616 cum
384 3550 521 3635 Pyrrho.
569 3551 628 3614 Ait
650 3550 806 3615 videlicet
830 3549 1016 3614 Maximus:
1044 3545 1123 3620 Quis
1138 3547 1213 3634 fue·

90 3649 137 3710 rit
149 3646 220 3731 fide
252 3659 282 3712 et
303 3651 492 3713 auctoritate
515 3649 646 3735 dianus,
671 3647 824 3734 epistolae
855 3649 947 3740 iujos
969 3650 1134 3732 interpres,
1159 3648 1214 3730 qui

91 3767 164 3810 eom
187 3767 227 3808 ea
246 3767 386 3831 persona
408 3748 548 3810 Honorii
570 3748 699 3832 scripsit
721 3745 822 3810 aditur.
845 3757 1016 3832 superstes,
1040 3755 1070 3808 et
1092 3745 1146 3830 qui
1170 3753 1214 3806 to·

91 3853 158 3906 mem
195 3843 391 3908 Occidentem
420 3865 488 3909 cum
517 3844 593 3908 aliis
622 3844 790 3909 virtutibus
822 3855 886 3908 tum
918 3843 1114 3927 dogmatibus
1128 3839 1214 3924 fidei

92 3943 285 4006 christianae
317 3941 510 4021 iilusmamt,
544 3967 588 4007 on
619 3944 646 4006 ii
672 3944 726 4028 qui
757 3941 1033 4027 Constantinopoli
1063 3961 1142 4025 quoe
1174 3961 1215 4002 ec

92 4039 187 4104 eorde
210 4051 303 4104 mont
317 4039 544 4128 loquebantur?
559 4077 603 4090 -
618 4041 773 4127 lymbus:
800 4039 862 4114 Qui
876 4041 956 4103 lanc
971 4040 1152 4124 composuit.
1171 4073 1214 4084 -

94 4135 272 4202 Matrinus:
300 4140 334 4205 Is
360 4141 458 4226 ipitur
480 4141 559 4226 epse,
583 4161 676 4225 quum
703 4139 747 4202 od
769 4139 876 4202 diuum
888 4136 1129 4204 Constantinum
1151 4137 1213 4200 Im·

88 4247 271 4321 peratorem
293 4259 333 4302 ec
349 4259 493 4325 persona
513 4239 618 4302 sancti
637 4238 746 4324 Papae
768 4237 908 4303 Joannis
935 4235 973 4300 de
995 4233 1054 4298 loc
1076 4232 1213 4319 epistola

1056 4339 1107 4394 27*
