2836 4804
498 451 595 521 Vigilii
614 459 701 523 gesa.
1104 449 1154 501 an

51 591 139 658 cham
152 591 334 672 eranum,
347 592 436 679 quod
448 594 557 680 plures
571 598 741 683 episcopos
756 596 799 660 ad
814 593 1088 660 subscribendum
1095 591 1157 656 Im·

52 693 200 776 peratoris
211 691 298 756 dicto
316 700 430 756 contra
441 695 504 757 tria
517 692 671 780 Capitula
688 692 913 780 compulisset,
926 692 1157 755 communione

52 811 103 852 sua
111 790 273 874 privavit3
296 790 485 876 pariterque
502 789 583 856 alios
595 792 766 858 Praesules
780 793 835 879 qui
854 789 961 854 edicto
977 787 1023 854 illi
1039 787 1158 852 adhae-

52 895 161 952 serant.
207 887 347 951 Mennas
370 907 448 951 vero
472 887 588 972 Vigilii
603 911 724 954 nomen
749 911 767 954 e
791 887 959 975 diptychis
983 886 1158 971 expunxit.

53 983 120 1047 Post
149 983 278 1070 aliquot
314 1005 443 1048 menses
475 994 586 1050 tamen
624 1007 724 1072 opera
755 985 948 1052 Theodorae
983 981 1160 1048 concordia

9 1057 11 1198 l
52 1083 193 1146 restituta
217 1091 275 1147 est.
300 1083 363 1146 His
376 1082 417 1147 de
430 1083 529 1148 rebus
544 1083 762 1170 Theophanes
777 1087 812 1150 in
836 1083 1019 1149 Chronico:
1048 1081 1160 1146 Tantis

9 1201 10 1240 r
50 1180 192 1245 lanarum
208 1191 238 1244 et
252 1181 352 1246 etalem
375 1181 504 1246 indiciis
527 1182 567 1246 ah
584 1184 777 1268 Imperatore
797 1183 962 1247 demeatus
978 1180 1023 1268 (V
1024 1177 1159 1265 igilius),

53 1277 123 1340 odeo
158 1279 319 1342 animatus
353 1289 409 1357 est,
442 1291 477 1343 at
510 1303 530 1343 α
562 1283 772 1345 communione
805 1281 1012 1345 enolamonem
1043 1297 1161 1340 annam

53 1387 178 1460 caemar
207 1377 424 1440 matioendam
453 1378 589 1441 Menace
626 1377 751 1443 CPtano
785 1381 929 1464 episcopo
962 1380 996 1440 in
1022 1397 1161 1464 poenam

53 1475 225 1559 imponeret.
250 1521 258 1538 .
284 1523 292 1538 .
317 1523 324 1537 .
356 1471 489 1560 Vigiliaa
512 1477 641 1560 pariter
671 1499 691 1539 a
719 1475 883 1540 Ilteodora
906 1475 1050 1562 Aapasta
1071 1496 1160 1560 ropa-

54 1581 95 1634 oo
121 1571 221 1635 Iunii
248 1571 300 1634 die
327 1572 472 1656 niperim
500 1593 601 1652 nono,
635 1574 689 1658 qai
719 1575 838 1636 sanetis
869 1571 1031 1659 Apostolis
1063 1593 1160 1650 socer,

55 1667 251 1732 Patriae-chae
278 1663 403 1732 CPtano
428 1671 563 1733 Menace
581 1693 693 1757 pacem
715 1672 861 1736 nstituit.

131 1767 188 1830 42.
213 1766 293 1829 Mox
315 1775 425 1831 tamen
443 1767 586 1852 Vigilius
601 1777 755 1854 expertus
771 1778 819 1832 cst
840 1767 1040 1853 multiplices
1063 1787 1162 1830 vexa·

54 1865 150 1927 tiones
174 1873 274 1949 atque
298 1867 475 1948 angustias,
510 1887 611 1951 quum
635 1865 818 1952 Imperator
847 1876 879 1930 et
902 1863 1086 1931 Orientales
1109 1883 1163 1928 ve-

56 1959 218 2026 hementer
247 1963 348 2026 trium
382 1961 609 2049 Capitulorum
648 1964 955 2028 condemnationem
1000 1970 1163 2045 urgerent,

56 2059 94 2121 ita
115 2069 151 2122 ut
176 2058 319 2123 schisma
343 2059 527 2124 timendum
551 2061 734 2143 videretur,
758 2063 822 2126 nisi
846 2059 1000 2126 Pontifex
1023 2057 1164 2123 cederet.

55 2155 85 2220 Si
112 2157 196 2222 fides
218 2156 373 2222 habenda
406 2167 455 2222 est
486 2159 643 2244 epistolae
679 2181 777 2246 quam
811 2179 925 2223 versus
952 2179 1077 2221 annum
1101 2155 1166 2221 553

56 2253 157 2318 clerici
183 2254 258 2320 Itali
283 2255 446 2321 dederunt
468 2257 511 2320 ad
540 2256 664 2341 legatos
688 2257 902 2338 Francorum,
928 2257 983 2341 qui
1009 2253 1166 2319 Constan-

55 2352 221 2439 tinopolim
260 2353 569 2438 proficiscebantur,
605 2354 677 2440 jam
719 2364 799 2418 tuno
843 2352 1001 2419 violentia
1040 2354 1075 2416 in
1109 2352 1166 2416 Vi-

55 2449 164 2529 gilium
189 2459 300 2514 actum
324 2473 394 2515 esse
418 2451 551 2517 dixeris.
598 2451 756 2518 Scribant
778 2455 886 2517 enim:
925 2451 1059 2515 Veniens
1087 2451 1169 2514 enim

55 2548 95 2610 ihi
124 2559 200 2612 ante
232 2571 289 2614 sec
318 2571 419 2614 annos
450 2551 528 2614 istor
560 2550 758 2614 beatimimas
775 2573 869 2638 papa
899 2547 1044 2636 ls'ipilt'as,
1068 2549 1167 2633 napis

57 2657 162 2726 autem,
187 2657 223 2711 at
245 2647 328 2734 quod
349 2650 454 2712 cerias
477 2659 523 2712 est
552 2647 687 2730 dicotur,
706 2671 810 2735 prope
833 2646 985 2710 molenter
1008 2645 1168 2722 deductus,

10 2743 11 2788 ἶ
56 2757 218 2831 coeperant
249 2746 295 2809 ibi
325 2747 429 2833 ipsam
461 2757 656 2833 exspectare,
679 2758 715 2810 at
737 2746 971 2810 damnationem
994 2740 1170 2828 aliquorum

56 2841 261 2928 copiosiorum
275 2843 416 2930 faceret,
434 2867 497 2930 per
520 2867 612 2929 quum
634 2841 914 2929 sancta'lSynodas
941 2839 1166 2904 Chalcedonen-

56 2941 94 3002 sis
117 2989 125 3004 .
151 2989 159 3004 .
186 2989 194 3004 .
218 2941 320 3006 modis
342 2941 484 3006 omnibus
507 2939 685 3005 solveretur.
732 2939 796 3004 Sed
827 2961 894 3004 cam
918 2961 1008 3024 papa
1037 2935 1171 3020 Vicilins

56 3039 86 3100 in
107 3040 165 3102 hac
183 3049 280 3124 parte
312 3061 376 3103 non
409 3038 502 3102 vallet
525 3039 671 3103 wilhere
699 3059 888 3120 consensum,
905 3041 977 3127 jam
1001 3047 1073 3099 tanc
1096 3032 1172 3096 talis

57 3135 204 3201 nolentia
227 3137 324 3224 facta
356 3145 416 3217 est,
440 3147 475 3200 at
495 3135 624 3222 publice
650 3138 686 3199 in
709 3145 858 3200 conventu
881 3133 1044 3198 clamarit:
1094 3129 1171 3196 Con·

11 3275 13 3322 ἶ
58 3243 157 3313 testor,
183 3236 258 3320 qaia
281 3236 341 3298 etsi
362 3257 409 3297 me
433 3236 590 3321 captiuam
614 3235 733 3312 tenetis,
758 3233 880 3297 bactram
899 3233 1023 3296 Petram
1038 3229 1171 3316 Aposto-

11 3327 12 3410 J
57 3327 115 3394 lum
138 3333 297 3419 captivam
311 3332 424 3419 facere
446 3353 511 3396 non
528 3333 705 3417 potestir¹).

141 3431 197 3494 43.
220 3429 345 3494 Taedio
379 3431 481 3514 igitur
512 3429 649 3494 affectus
671 3427 827 3493 Pontifex
859 3447 971 3490 secum
995 3425 1170 3509 reputavit,

58 3526 235 3592 Iustiniani
261 3528 406 3592 edictum
431 3529 465 3591 in
489 3527 553 3590 tria
577 3525 731 3612 Capitula
761 3526 795 3589 in
819 3547 854 3590 se
877 3523 967 3587 haud
991 3543 1060 3586 esse
1083 3520 1171 3584 hete-

60 3625 227 3706 rodoxum‚
253 3625 310 3690 illa
335 3625 503 3711 Capitula,
528 3624 692 3711 plerisque
723 3624 884 3709 episcopis
908 3619 1078 3685 catholicis
1102 3616 1173 3683 Ori-

60 3725 141 3788 entis
165 3745 274 3803 exosa,
299 3717 451 3788 damnari
481 3743 586 3809 posse,
620 3719 797 3786 dummodo
831 3720 1007 3783 auctoritas
1032 3714 1173 3781 Concilii

61 3817 336 3886 Chalcedonensis
369 3829 536 3903 servetur-3
574 3842 614 3884 ac
638 3819 678 3884 de
702 3841 736 3883 re
769 3826 845 3902 apte
869 3813 1096 3901 componenda
1120 3813 1173 3878 de-

11 3947 12 3952 *
60 3916 220 3984 liberavit.
267 3917 409 3983 Videtur
440 3927 520 3982 tunc
549 3918 707 4004 privatim
739 3915 934 4000 Imperatori
969 3913 1085 3977 litteris
1119 3911 1173 3976 vel

133 4139 152 4202 ¹)
171 4138 294 4207 Epistola
321 4138 420 4208 legatis
448 4139 619 4202 Francorum,
654 4137 700 4204 qui
728 4134 836 4190 CPolim
864 4132 1111 4204 proficiscebantur,
1140 4131 1174 4184 ab

63 4217 158 4272 Italiae
175 4220 276 4274 clericis
295 4219 404 4273 directa.
443 4217 533 4272 Labbe
551 4217 580 4271 T.
600 4219 633 4270 V.
652 4233 677 4284 p.
696 4217 757 4274 407.
