2924 4818
513 489 639 560 Catelogi
658 489 771 558 antiqui.
1151 497 1203 552 109

103 632 211 698 neculi
232 634 458 716 tractabimus,
482 655 587 720 eaque
610 633 745 719 speciali
769 634 867 700 modo
890 637 1109 722 attendemus,
1133 644 1202 728 qni·

103 731 156 796 bns
176 731 226 796 rel
248 733 283 798 in
306 733 539 796 controversiis
563 730 768 815 dirimendis,
798 733 851 798 vel
874 732 948 798 aliis
970 735 1077 802 modis
1100 737 1201 804 iidem

100 851 182 894 suam
209 831 437 896 auctoritatem
473 829 693 896 universalem
730 831 936 896 manifestius
972 847 1201 906 exercuerunt.

99 927 199 1008 Quum
229 949 306 992 vero
337 929 516 1014 praecipua
551 930 775 994 controversia
804 929 926 997 saeculi
959 929 994 994 Π
1023 954 1062 1000 ea
1091 934 1200 1018 fucrit,

97 1049 172 1110 qnae
194 1025 233 1090 de
256 1026 464 1092 almum
488 1027 652 1092 Paecltotio
675 1025 789 1092 habita
812 1039 870 1110 est,
895 1029 1075 1102 decadem
1100 1035 1199 1100 etiam

94 1123 250 1210 aliqunto
273 1123 380 1188 fimitis
403 1145 548 1208 agemus.

174 1223 203 1286 2.
226 1222 319 1287 Inter
341 1231 512 1288 auctorum
543 1223 754 1308 antiquorum
765 1239 989 1312 monumenta,
1014 1227 1135 1314 quibus
1158 1229 1199 1294 de

92 1319 280 1385 Pontificum
296 1319 507 1404 chronologia
529 1341 570 1384 ac
592 1322 693 1404 gestis
716 1319 902 1408 edocemur,
918 1327 1197 1392 commemorandi

91 1427 162 1482 sunt
183 1421 397 1482 Rornanorum
426 1417 610 1495 Pontificum
636 1415 791 1505 Cotolopi,
816 1431 849 1484 et
872 1423 966 1488 Liber
990 1425 1195 1510 Pontlflcolia.

88 1517 162 1582 Jam
183 1513 348 1598 diximus,'
369 1516 636 1601 antiquissimum
667 1513 899 1602 catalogorum
929 1545 998 1588 csse
1029 1545 1114 1606 eum,
1140 1527 1197 1610 qui

89 1615 204 1680 dicitur
225 1615 441 1696 Liberianus,
472 1615 550 1699 quia
579 1622 727 1698 tempore
750 1615 876 1682 Liberii
906 1619 969 1686 fuit
992 1624 1197 1708 conscriptus

87 1713 322 1800 Pontificeeque
337 1735 441 1798 usque
464 1711 507 1776 ad
531 1731 607 1776 eum
630 1723 787 1777 recenset.
823 1715 1051 1786 Bucherianus
1066 1743 1196 1806 quoque

85 1809 272 1896 appellatur,
297 1813 376 1898 quia
391 1809 553 1894 Aegidius
567 1809 751 1874 Bucherius
766 1811 799 1878 S.
814 1813 847 1879 J.
862 1837 938 1880 eum
961 1817 1004 1882 ad
1028 1817 1198 1903 exemplar

86 1913 342 1996 manuscriptum
374 1911 516 1994 primum
550 1906 735 1992 publicavit
756 1931 786 1976 a.
812 1912 909 1994 1664,
942 1915 977 1980 in
1006 1936 1066 1980 suo
1099 1937 1196 2001 opere

85 2007 130 2070 Dc
155 2007 298 2072 doctrino
327 2020 497 2094 temporum
523 2003 770 2070 Convenarum
799 2011 834 2073 io
871 2012 1041 2078 Victor-ium
1064 2014 1195 2099 Aquita·

84 2129 164 2170 rauna
207 2105 273 2172 Hic
307 2103 484 2188 Catulogns
506 2102 644 2186 Romae,
678 2104 892 2189 probabiliter
923 2131 952 2174 a.
986 2111 1051 2175 354
1088 2110 1196 2176 editus

84 2215 129 2268 est
144 2227 162 2268 a
177 2204 278 2268 Furio
288 2203 452 2287 Dionysio
464 2199 642 2283 Philoealo,
668 2203 725 2287 qui
748 2213 863 2288 postea
873 2205 905 2272 S.
930 2207 1068 2274 Damasi
1092 2232 1195 2274 secre-

83 2305 180 2366 tarius
203 2303 275 2368 fuit.
284 2301 309 2386 ¹)
355 2298 588 2366 Henschenius
606 2300 748 2384 primam
762 2300 850 2366 illius
872 2313 1000 2388 partem
1024 2329 1128 2394 usque
1150 2309 1195 2374 od

85 2401 251 2466 l'rbanum
275 2421 398 2486 papam
421 2397 581 2462 adscribit
604 2397 637 2464 S.
661 2395 821 2482 Anthero,
852 2401 1006 2488 idemque
1030 2407 1194 2470 existima·

83 2501 126 2562 rit
147 2497 406 2585 Papebrochius.
458 2495 556 2560 Modo
587 2516 666 2560 vero
697 2497 887 2564 existimant
917 2500 1048 2584 eruditi,
1081 2503 1194 2568 solidis

81 2597 280 2682 argumentis
303 2597 378 2676 nisi,
403 2611 476 2658 eam
500 2603 627 2678 partem
643 2593 852 2680 desumptam
876 2619 947 2664 esee
971 2621 1013 2664 ex
1037 2600 1192 2666 chronico

81 2694 251 2782 llippolyti
276 2689 496 2780 deperdito²);
527 2701 604 2756 ante
627 2692 736 2776 ipsum
759 2703 869 2760 autem
888 2695 960 2780 jam
984 2697 1193 2786 Hegesippus

80 2796 301 2858 sucessionem
344 2791 568 2856 Romanorum
615 2789 816 2854 Pontificum
865 2793 1091 2880 descripserat.
1149 2837 1192 2846 -

79 2891 208 2956 Praeter
240 2891 457 2956 Liberianum
491 2886 622 2952 celeber
648 2899 698 2951 est
724 2884 894 2977 Catadupos
925 2891 1116 2976 Feliciones,
1149 2896 1191 2962 ab

80 2989 288 3056 llenschenio
313 2999 345 3052 et
367 2984 594 3072 Papebrochio
622 2987 767 3072 primum
791 2987 899 3052 editus
921 3011 964 3054 ex
986 2994 1190 3079 autographo

144 3225 166 3292 ι)
185 3222 218 3276 V.
238 3219 357 3286 Sobrodl,
384 3217 543 3272 Geschicbte
569 3215 617 3272 der
635 3216 735 3285 Ptpete
763 3222 814 3272 etc.
831 3217 948 3274 Zweites
966 3219 1086 3292 Kapitel.
1104 3221 1130 3278 a
1149 3225 1191 3280 te.

76 3313 135 3360 nota
155 3307 180 3359 1.
192 3333 225 3344 -
234 3303 277 3358 Dc
286 3299 445 3356 suadeat
458 3298 560 3354 Introd
569 3315 595 3368 p.
613 3300 667 3354 202
685 3314 749 3366 sqq„
766 3328 797 3338 -
817 3299 925 3368 Lipsius
943 3301 1121 3374 Chronologie
1140 3309 1190 3360 etc

142 3471 164 3534 ¹)
185 3467 217 3520 Id
235 3463 349 3533 probare
366 3461 442 3516 nisus
460 3466 502 3515 est
520 3459 665 3515 Mommsen
694 3459 721 3513 in
741 3457 880 3527 opusculo:
899 3459 987 3518 Ueber
1004 3463 1055 3518 den
1074 3464 1190 3521 Obrono-

76 3549 194 3618 mpbsn
212 3561 276 3600 rom
293 3543 379 3600 saure
396 3545 449 3596 eet
467 3540 594 3610 (Leipzig
623 3541 710 3609 1850),
739 3539 817 3608 eique
844 3541 1028 3612 adstipuletur
1045 3546 1086 3600 De
1103 3547 1190 3614 Bessi,

76 3629 154 3684 Eum
171 3627 353 3682 mutemus
370 3629 434 3678 tom
453 3621 475 3678 1.
493 3639 519 3692 p.
541 3623 599 3676 117.
619 3649 652 3660 -
672 3621 731 3675 Hac
748 3621 782 3674 de
799 3636 829 3676 re
846 3621 967 3690 apprime
985 3623 1016 3678 P.
1035 3625 1189 3682 DeSmedt:

77 3705 343 3776 enumerationis
361 3704 508 3760 Mommsen
526 3717 630 3758 summa
647 3699 682 3754 ad
704 3699 754 3754 hoc
772 3701 916 3767 reducitur,
935 3706 1005 3772 quod
1022 3706 1095 3762 inter
1112 3724 1189 3776 opus·

75 3789 129 3842 culs
145 3805 209 3844 cum
218 3785 353 3854 catalogo
371 3787 465 3840 nostro
483 3781 627 3838 aFilocalo
645 3780 779 3848 descripte
797 3782 932 3849 reperitur
943 3785 1100 3852 Cbronwon,
1118 3787 1188 3856 quod

75 3869 110 3922 ita
127 3869 208 3924 rebus
226 3872 256 3922 et
274 3865 391 3934 siugulis
409 3863 553 3920 sententiis
580 3861 668 3916 simile
685 3866 729 3916 est
746 3861 826 3916 altari
846 3861 976 3918 Chronico
1003 3865 1089 3922 latino
1106 3869 1188 3937 (qnod

75 3963 104 4002 es
120 3947 273 4012 Galluudia
300 3962 359 4002 com
387 3945 467 4014 hujus
493 3942 690 4013 prolegomenis
714 3941 800 3996 edidit
826 3942 921 4012 lligne
944 3943 975 4000 P.
993 3943 1024 4000 1..
1052 3947 1143 4004 tIH.
1161 3965 1187 4020 p.

75 4031 140 4098 851.)
167 4027 259 4084 verbis
277 4033 369 4082 antem
387 4026 547 4094 discrepans,
565 4029 598 4078 ut
616 4021 759 4078 manifeste
781 4021 824 4078 hie
842 4021 985 4082 habeamus
1003 4025 1070 4082 duos
1089 4029 1188 4086 versio·

76 4123 116 4162 ues
132 4109 252 4178 ejualem
271 4113 363 4162 textus
382 4106 482 4176 graeci,
509 4105 579 4174 qnod
598 4109 626 4158 et
644 4103 803 4158 confirmant
830 4119 907 4160 voces
926 4111 955 4160 et
972 4107 1043 4162 modi
1061 4108 1187 4176 loquendi

75 4205 195 4254 gnemm
214 4189 313 4245 idionu
340 4187 483 4244 manifeste
509 4186 654 4256 sapientes.
689 4183 753 4240 Jom
777 4200 841 4240 vero
859 4185 975 4242 numm
993 4187 1087 4244 borum
1105 4189 1187 4245 Ohro

75 4269 186 4328 nicomm
204 4271 342 4326 indicatur
359 4271 388 4325 in
407 4269 464 4338 ipso
483 4275 562 4324 textu
581 4267 732 4322 osteum
749 4280 807 4322 ease
825 4267 1013 4324 nonodecimo
1033 4271 1115 4326 lartio
1132 4271 1185 4329 Im-
