2810 4846
245 450 295 507 192
630 449 671 507 De
689 449 807 509 Concilio
825 449 969 524 Ephesius.

244 617 341 660 mano
366 595 401 659 in
424 615 499 660 suas
522 604 630 680 partes
654 601 822 683 pertraxit.
859 599 913 662 Ex
937 621 1001 685 quo
1024 609 1119 665 atrox
1142 596 1260 665 seditio
1283 607 1345 663 orta

245 701 302 776 est,
336 714 541 779 magnaeque
577 694 693 760 turbae
725 698 760 760 in
792 697 872 762 urbe
894 697 1009 779 Roma,
1039 700 1086 761 ita
1109 697 1245 784 quidem
1268 699 1344 760 atsi

245 791 421 857 Ammiano
453 792 644 858 Marcellino
686 794 768 858 fides
800 794 972 877 habenda,
997 797 1031 858 in
1061 795 1208 860 Basilica
1240 795 1345 861 Sicinii

244 911 310 954 uno
344 890 397 955 die
430 899 562 955 centum
594 892 729 976 triginta
753 903 785 956 et
807 901 932 979 septem
961 895 1051 958 cives
1074 895 1177 958 occisi
1201 894 1276 957 sint
1318 893 1347 956 S.
1389 895 1390 914 ¹

244 989 426 1054 Damasum
449 997 559 1052 autem
582 987 719 1054 hiscein
735 990 833 1055 rebus
848 991 980 1054 omnino
996 988 1094 1076 culpa
1118 1012 1266 1072 vacasse,
1289 993 1347 1054 exi·

246 1087 312 1150 mia
336 1086 442 1171 elogia
464 1087 674 1171 antiquorum
698 1096 867 1152 testantur.
916 1087 1027 1168 Quum
1051 1109 1130 1152 vero
1154 1088 1348 1152 schismatici

245 1184 425 1268 legitimam
448 1184 585 1248 Damasi
616 1184 807 1251 electionem
841 1185 1024 1251 convellere
1057 1207 1123 1250 non
1147 1197 1289 1272 possent,
1312 1184 1348 1248 ad
1389 1197 1390 1270 J

246 1282 427 1346 calumnias
452 1284 600 1346 conversi
624 1282 776 1348 adulterii
796 1293 993 1348 accusarunt
1016 1286 1262 1348 sanctissimum
1277 1285 1349 1348 Pau·

246 1379 378 1463 tiliccm,
403 1401 500 1465 quem
525 1380 556 1444 S.
577 1380 800 1466 Hieronymus
823 1381 956 1471 epistola
981 1382 1025 1445 ad
1040 1383 1274 1446 Pammaclsiam
1295 1383 1349 1443 sir·
1389 1407 1390 1472 ζ

246 1481 367 1563 ginem,
391 1477 627 1564 Ecclesiaeque
659 1480 799 1563 virginis
829 1478 996 1544 doctorem
1028 1478 1184 1565 appellat,
1211 1489 1244 1542 et
1266 1479 1350 1564 cujus

247 1577 474 1660 integerrimos
506 1597 611 1640 mores
643 1577 809 1641 Historiae
841 1577 1080 1642 ecclesiasticae
1104 1579 1281 1663 scriptores
1302 1575 1349 1640 so·
1389 1579 1390 1656 i

248 1683 371 1756 crates,
405 1673 614 1755 Soaomenus,
648 1675 893 1756 Theodoram,
931 1677 1133 1740 unanimiter
1165 1683 1349 1760 agnoscunt
1389 1659 1390 1712 l

246 1771 496 1857 Exstingucndo
526 1771 693 1836 schismati
726 1781 796 1836 tum
825 1773 992 1838 Damasus
1022 1782 1055 1837 et
1082 1771 1228 1838 concilia
1256 1771 1295 1836 ab
1317 1791 1349 1833 eo

249 1880 455 1954 congregata,
479 1871 672 1933 tumeliam
696 1870 912 1956 Imperatores
931 1870 1179 1938 adlaborarunt.
1204 1870 1348 1934 Attamen
1389 1827 1390 1912 l

248 1977 314 2033 toto
338 1968 531 2053 pontificatu
553 1968 690 2032 Damasi
715 1967 836 2032 multae
865 1967 1076 2033 difficultates
1100 1991 1142 2034 ex
1166 1969 1240 2034 istis
1262 1967 1349 2032 achis·

248 2066 377 2130 maticis
401 2073 490 2130 ortae
514 2075 599 2144 sunt,
624 2067 689 2130 imo
714 2067 811 2130 etiam
836 2065 868 2132 S.
894 2066 1031 2132 Siricius
1055 2088 1226 2132 successor
1248 2065 1279 2130 S.
1294 2063 1350 2127 Do·

249 2165 332 2228 masi
355 2184 422 2227 non
445 2165 514 2228 sine
536 2162 681 2227 tumultu
704 2163 745 2227 ab
770 2165 923 2229 Ursicino
952 2167 1107 2247 excitato,
1130 2164 1284 2230 Pontifici
1305 2161 1350 2224 de

249 2262 361 2326 functo
386 2261 540 2326 suffectus
564 2271 622 2325 est.

15 2431 16 2456 ἶ
90 2369 236 2474 &illim
337 2359 369 2424 ὃ.
394 2359 566 2439 Quaenam
589 2359 688 2424 fuerit
701 2358 799 2445 hujus
814 2359 999 2424 schismatis
1014 2358 1131 2424 ultima
1153 2362 1249 2440 ratio,
1272 2353 1349 2422 haud

250 2459 382 2523 omnino
407 2458 524 2540 claret3
548 2457 706 2543 adjuncta
726 2459 814 2522 enim
830 2468 1014 2544 temporum
1027 2459 1196 2543 profunda
1220 2455 1348 2543 quadam

251 2556 391 2641 caligine
422 2555 571 2620 involuta
603 2553 718 2643 sunt1).
766 2553 940 2640 Colligitur
970 2564 1081 2620 tamen
1106 2577 1146 2619 ex
1172 2553 1349 2620 auctoribus

251 2655 362 2737 variis,
395 2653 575 2718 discordias
607 2662 752 2738 tempore
784 2653 910 2718 Liberii
940 2676 979 2717 ac
1003 2652 1124 2718 Felicis
1156 2652 1212 2718 his
1235 2669 1348 2739 quoque
1389 2675 1390 2694 ¹

251 2752 356 2817 turbis
379 2753 583 2815 occasionem
599 2750 738 2816 dedisse.
777 2750 871 2832 Quae
894 2753 929 2816 in
938 2751 1146 2837 praefatione
1171 2750 1273 2815 libelli
1289 2769 1349 2834 prt-

251 2873 318 2914 cam
352 2849 535 2914 Marcellini
575 2859 605 2914 et
638 2850 787 2914 Faustini
816 2859 991 2914 narrantur
1021 2849 1061 2914 de
1100 2848 1180 2934 fuga
1215 2843 1349 2913 Damasi.

252 2947 434 3012 recedentis
473 2970 493 3010 a
522 2946 654 3012 Liberio
697 2969 798 3032 quum
840 2948 874 3010 in
912 2947 1048 3010 exilium
1090 2946 1350 3032 proficisceretur,

252 3067 291 3110 ac
314 3045 356 3110 de
378 3045 520 3130 perjurio
555 3042 651 3126 illius,
687 3047 802 3109 merito
837 3053 874 3108 ut
896 3046 1026 3110 sectarii
1050 3044 1238 3109 calumniae
1260 3041 1351 3127 rejici·
1389 3033 1390 3038 ’

253 3141 392 3228 untur2).
451 3141 624 3206 Censorem
656 3151 784 3223 tamen,
818 3164 972 3226 magnam
1004 3153 1131 3229 partem
1166 3141 1247 3206 cleri
1281 3149 1352 3225 post·
1389 3191 1390 3218 p

253 3263 351 3326 quam
383 3239 478 3304 Felix
506 3239 541 3304 II
564 3239 733 3304 ordinatus
766 3249 814 3304 est
845 3242 946 3306 satius
970 3240 1119 3324 duxisse,
1151 3248 1190 3304 ut
1219 3259 1286 3303 ram
1315 3245 1351 3298 to·
1389 3269 1390 3284 .

253 3338 393 3403 lerarent
416 3348 448 3402 et
470 3337 511 3402 ab
536 3338 607 3424 ejus
631 3339 860 3403 communione
875 3360 941 3404 non
964 3339 1164 3405 recederent
1214 3337 1271 3402 Uti
1292 3353 1351 3420 pro·

254 3437 412 3501 visorium
442 3436 601 3522 ejusmodi
634 3444 754 3500 statum
787 3458 897 3501 rerum
932 3436 1139 3502 considerare
1170 3428 1350 3522 poterantil.

328 3595 348 3667 ¹)
367 3594 421 3649 Cir.
441 3625 475 3635 -
493 3595 533 3649 De
551 3593 637 3661 Rossi,
656 3593 741 3650 Roma
758 3599 928 3650 satterranes
945 3595 983 3651 11.
1002 3596 1063 3650 ala.

327 3677 350 3744 ⁸)
368 3675 422 3730 ca.
442 3674 595 3741 Tillemont
613 3675 691 3729 Mem.
711 3680 731 3728 t.
749 3675 827 3730 VIII.
846 3677 906 3732 Art.
928 3679 955 3728 S.
977 3677 1103 3729 Dar-iaaac.

327 3757 349 3827 ')
368 3755 487 3810 Solemus
505 3755 611 3822 aliquod
627 3754 809 3824 juramentum
827 3772 844 3809 a
862 3755 932 3810 clero
952 3755 1072 3809 Romana
1090 3753 1194 3808 factum
1212 3765 1269 3808 esse
1286 3746 1350 3802 Libe·
1389 3765 1390 3814 i

254 3837 294 3892 rio
312 3850 343 3892 co
361 3836 404 3890 dic
423 3851 474 3903 quo
492 3835 627 3904 proiectas
654 3839 696 3890 est
720 3835 749 3889 in
776 3835 894 3901 exilium,
927 3835 969 3890 uti
988 3835 1059 3888 dixit
1076 3840 1171 3889 auctor
1187 3825 1351 3902 praefationis
1389 3835 1390 3840 ’

255 3918 334 3972 citati
361 3916 456 3983 libelli,
484 3916 563 3970 valde
585 3916 694 3970 dubium
713 3917 828 3970 videtur.
848 3915 984 3970 Sectarius
1011 3915 1083 3970 euim
1102 3914 1216 3970 hicnon
1236 3917 1275 3966 sst
1292 3905 1350 3960 veri·

255 3995 337 4062 dicus
365 3997 484 4065 pluribus
511 3995 645 4051 decenniis
671 4001 733 4064 post
751 3995 811 4050 illos
843 4002 957 4050 eventus
975 3995 1092 4063 scripsit,
1112 3995 1180 4049 satis
1198 3989 1311 4047 ostenda
1326 3999 1349 4036 sc
1389 3991 1390 4020 ³

255 4075 326 4131 hand
344 4081 467 4131 accurate
484 4091 561 4131 nossa
579 4076 713 4144 adjuncta,
732 4075 844 4131 etiacta
862 4091 909 4143 pro
928 4091 975 4130 suo
995 4091 1073 4142 scopo
1091 4073 1240 4142 detorquet.
1274 4068 1345 4154 Siga·

255 4155 436 4211 versationis
454 4163 483 4211 et
501 4155 713 4210 amorisLibcrio
731 4155 960 4210 aclerc'exhibita
978 4161 1125 4223 potuerunt
1143 4159 1235 4222 postes
1253 4151 1345 4201 sartis
1389 4181 1390 4198 .

256 4235 376 4290 factiosis
395 4236 422 4291 in
441 4237 569 4308 ejusmodi
584 4238 774 4308 juramentum
1273 4307 1278 4316 .
