2836 4804
228 409 284 462 286
584 409 623 463 De
641 407 758 462 Concilio
777 407 991 462 Omlcedonensi.

231 555 317 618 ciunt
350 575 428 638 qaue
463 553 610 638 exposito
644 562 726 631 sam,
761 551 896 616 durum
930 551 1157 638 sepositimwm
1188 574 1248 618 noa
1269 552 1332 618 licet
1388 564 1389 638 l

221 651 307 733 fieri.
354 649 492 716 ludices
525 659 635 714 tamen
668 647 845 729 instabant,
879 657 916 712 ut
938 650 984 712 ita
1009 651 1218 716 manifestum
1241 649 1332 725 fieret,

232 750 258 812 si
292 750 350 834 qui
382 747 477 812 aliter
508 755 680 812 censerent
712 769 752 812 ac
774 746 903 832 reliqui.
947 746 1118 812 Postulata
1155 747 1272 814 deinde
1293 759 1335 810 cst

231 846 378 910 recitatio
403 843 637 928 Symbolorum
660 844 800 908 Nicaeni
833 854 865 909 ct
889 843 1024 926 OPtani,
1049 847 1258 931 epistolarum
1280 845 1335 928 Cy·
1389 871 1390 898 ι

232 941 306 1023 rilli,
320 942 394 1029 (2⁴¹⁸
419 941 462 1006 ad
476 942 665 1008 Nestorium
680 952 713 1006 et
727 942 884 1027 epistolae
898 941 942 1006 ad
956 942 978 1007 J
980 964 1121 1008 oannem
1145 944 1187 1010 de
1201 941 1334 1028 unione),

232 1049 331 1125 atque
354 1040 477 1104 Leonis
500 1038 543 1104 ad
576 1039 786 1104 Flavianum.
830 1040 910 1104 Post
931 1039 1051 1104 lectam
1075 1041 1245 1126 epistolam
1267 1041 1337 1104 Leo-

233 1140 284 1202 nis
302 1139 554 1204 reverendissimi
568 1139 708 1223 episcopi
730 1137 965 1204 clamaverunt:
999 1139 1087 1202 Hace
1109 1139 1241 1204 Petrum
1253 1137 1337 1222 fidos.

232 1238 308 1300 llaec
331 1233 554 1320 Apostolorum
577 1235 671 1320 fides.
706 1284 713 1301 .
747 1284 754 1300 .
785 1236 896 1300 Petrus
912 1259 976 1321 per
1005 1237 1138 1300 Leonem
1161 1239 1210 1301 ita
1231 1236 1339 1300 loeutus

234 1345 288 1398 est.
323 1383 330 1398 .
363 1381 371 1396 .
406 1382 413 1396 .
448 1333 509 1396 Leo
543 1344 573 1398 et
599 1329 737 1420 Cysillua
759 1332 904 1398 similiter
926 1333 1108 1410 domaerunt,
1133 1333 1296 1398 anathem
1315 1332 1340 1394 ei

234 1433 288 1518 qui
310 1433 354 1496 sic
376 1454 440 1494 noe
463 1431 572 1496 credit.

322 1530 376 1594 37.
400 1527 558 1594 Attamen
590 1527 700 1614 quoad
731 1527 902 1614 epistolam
933 1529 1055 1592 Leonis
1087 1549 1229 1592 examen
1251 1524 1341 1612 quod·

118 1680 184 1710 aare.
235 1627 312 1690 dam
344 1625 408 1690 sibi
440 1627 596 1711 permitti,
628 1634 787 1709 rogarunt
817 1625 966 1692 nonnulli
1000 1627 1164 1713 episeopi3
1189 1637 1285 1710 atque
1306 1645 1341 1688 ex

235 1725 464 1788 retractatione
494 1733 526 1788 et
555 1725 708 1788 examine
741 1722 828 1787 illius
860 1722 1026 1809 epistolae,
1059 1721 1226 1788 Gallicani
1258 1743 1342 1805 argu·

236 1831 383 1886 mentum
414 1821 543 1904 insigne
577 1841 635 1905 pro
675 1842 734 1884 sua
771 1841 871 1886 carisa
907 1819 1017 1906 colligi
1053 1843 1149 1906 posse
1187 1828 1342 1908 putarunt.

237 1919 435 1984 Accuratius
465 1919 565 2002 igitur
597 1917 683 1982 hano
714 1939 785 1982 rem
813 1918 1066 1984 consideremus.
1092 1956 1136 1966 -
1159 1917 1251 1982 Inter
1272 1918 1343 2002 epis·

236 2039 335 2102 oopos
358 2025 530 2082 sexcentos
553 2018 588 2082 iu
612 2013 760 2082 Concilio
784 2025 986 2100 praesentes,
1010 2016 1185 2082 Praesides
1199 2015 1342 2100 Aegypti,

236 2115 442 2180 Palaestinae
471 2123 503 2178 et
525 2113 666 2196 lllyrici,
700 2136 802 2200 quum
835 2115 870 2178 in
902 2115 1032 2198 negotio
1065 2113 1342 2198 Monophysitismi

237 2213 367 2296 longius
389 2213 552 2298 progressi
572 2220 690 2292 essent,
705 2210 864 2276 tardiores
897 2221 992 2278 erant
1014 2221 1050 2276 ut
1072 2214 1166 2297 prius
1189 2223 1278 2296 gesta
1300 2230 1343 2294 po·

238 2312 328 2376 nitus
350 2310 532 2394 rejicerent.
564 2309 805 2374 Excusationes
821 2311 929 2396 potius
952 2311 1176 2396 quaesierunt,
1201 2319 1234 2374 et
1256 2309 1343 2372 etiam

239 2407 349 2494 quoad
372 2406 556 2472 doctrinam
587 2405 827 2492 aliquantisper
857 2406 1068 2472 haesitabant
1098 2417 1131 2471 et
1156 2405 1342 2472 titubabant.

240 2507 364 2572 Omnes
396 2504 444 2570 illi
474 2503 572 2570 simul
603 2506 829 2569 connumerati
862 2527 999 2570 numero
1030 2506 1164 2570 circiter
1197 2505 1345 2590 quinqua·

240 2606 332 2688 ginta
364 2603 589 2668 inveniuntur.
635 2602 703 2688 Ipsi
727 2604 827 2666 etiam
862 2604 897 2666 in
930 2603 1036 2688 prima
1069 2603 1222 2685 Actione,
1256 2619 1345 2687 quum

240 2701 466 2766 Theodorctus
489 2702 523 2764 in
547 2698 721 2783 Synodum
744 2699 986 2781 admitteretur,
1019 2699 1234 2764 vehementer
1260 2694 1346 2762 mola·

241 2809 383 2880 marunt,
407 2799 638 2863 Nestorianum
663 2799 698 2862 in
722 2795 907 2862 Concilium
930 2797 1071 2864 admitti.

332 2898 384 2962 38.
429 2895 484 2959 Ex
513 2895 603 2960 hisce
627 2897 728 2980 igitur
750 2897 912 2980 episcopis
940 2893 1123 2976 illyriciani
1148 2905 1183 2958 et
1206 2889 1346 2956 Palaesti-

243 3017 369 3077 nenses,
394 3015 496 3080 quum
519 2992 705 3078 legerentur
727 2992 854 3057 litterae
877 2993 1014 3074 Leonis,
1038 2991 1082 3057 ad
1105 2991 1266 3078 quasdam
1289 3008 1346 3050 seu·

243 3093 362 3158 tentius
394 3090 631 3176 explicationes
668 3092 852 3176 petierunt,
890 3099 989 3174 atque
1022 3091 1122 3154 etiam
1155 3093 1346 3174 receperunt

242 3191 346 3256 Lecta
369 3211 446 3254 vcro
470 3186 608 3275 epistola
639 3200 671 3252 et
694 3187 971 3273 explicationibus
1002 3187 1097 3268 datis,
1121 3183 1346 3274 magnificentu-

243 3289 316 3352 simi
331 3289 457 3376 judices
479 3298 509 3350 et
532 3286 743 3373 ampliasimas
765 3296 892 3351 sanctam
915 3285 1083 3349 deicerent:
1106 3285 1182 3350 Poct
1204 3285 1276 3348 laec
1297 3301 1346 3344 orn-

243 3387 301 3450 uia
325 3386 424 3450 edituo
446 3386 516 3469 quis
539 3383 685 3448 dubitat?
722 3385 797 3447 Rmi
819 3383 960 3469 episcopi
990 3382 1222 3448 olcncacerunt:
1261 3378 1346 3444 Nem

243 3483 377 3548 dumtot
402 3519 445 3528 -
469 3479 535 3546 Sed
567 3480 699 3546 Atticus
731 3483 905 3566 episeopus
933 3479 1101 3564 Nicopolis
1133 3479 1272 3564 rogavit,
1295 3471 1346 3558 ipsi

244 3581 407 3666 sociisque
437 3578 508 3664 ejus
540 3579 763 3644 concedantur
795 3577 920 3664 aliquot
944 3577 1025 3658 dies,
1058 3588 1094 3642 ut
1117 3575 1271 3664 epistolas
1293 3571 1346 3652 Cy·

245 3677 310 3742 rilli
344 3701 383 3742 ac
418 3677 539 3742 Leonis
574 3687 606 3742 et
640 3687 828 3742 sanctorum
858 3677 995 3742 Patrum
1029 3677 1151 3762 scripta
1186 3665 1347 3756 uunquills

248 3783 355 3841 mente
391 3775 598 3839 considerare
633 3785 780 3859 possent,
815 3785 850 3838 at
884 3776 919 3838 ia
954 3785 1089 3860 tempore
1123 3765 1349 3858 coaptationis

241 3875 356 3962 pcrcti
377 3875 584 3938 inveniamur.
631 3873 725 3938 Tunc
744 3872 876 3958 judices
900 3871 1076 3936 dixerunt:
1104 3869 1282 3957 afferatur
1302 3885 1348 3924 aa·

247 3973 370 4036 danda
392 3994 487 4057 usque
511 3971 554 4034 ad
578 3973 710 4057 quinque
733 3971 811 4048 dies,
830 3981 865 4034 ut
888 3971 976 4034 intra
997 3971 1052 4034 loos
1073 3969 1237 4032 conveniat
1259 3969 1349 4026 casira

246 4071 402 4134 sauctitas
425 4069 469 4132 ud
492 4071 722 4133 sanctissimum
737 4069 1003 4155 arehiepiscopum
1016 4066 1210 4140 Anatolium,
1234 4071 1262 4124 et
1282 4077 1348 4122 coa·

248 4169 383 4232 macter
406 4167 515 4250 deflde
531 4169 681 4244 ιναοιεειζι,
696 4177 730 4230 ut
745 4167 799 4252 qui
812 4165 959 4230 debitunt
983 4165 1161 4236 domantur.
1181 4197 1226 4208 -
1238 4157 1348 4222 Parum
