<?xml version="1.0" encoding="UTF-8"?>
<!DOCTYPE html PUBLIC "-//W3C//DTD XHTML 1.0 Transitional//EN"
    "http://www.w3.org/TR/xhtml1/DTD/xhtml1-transitional.dtd">
<html xmlns="http://www.w3.org/1999/xhtml" xml:lang="en" lang="en">
 <head>
  <title>
</title>
<meta http-equiv="Content-Type" content="text/html;charset=utf-8" />
  <meta name='ocr-system' content='tesseract 3.04.00' />
  <meta name='ocr-capabilities' content='ocr_page ocr_carea ocr_par ocr_line ocrx_word'/>
</head>
<body>
  <div class='ocr_page' id='page_1' title='image "./dissertationess02junggoog_0107.png"; bbox 0 0 2924 4818; ppageno 0'>
   <div class='ocr_carea' id='block_1_1' title="bbox 123 623 224 665">
    <p class='ocr_par' dir='ltr' id='par_1_1' title="bbox 123 623 224 665">
     <span class='ocr_line' id='line_1_1' title="bbox 123 623 224 665; baseline 0 0"><span class='ocrx_word' id='word_1_1' title='bbox 123 623 224 665; x_wconf 82' lang='lat' dir='ltr'>Pericdus</span> 
     </span>
    </p>
   </div>
   <div class='ocr_carea' id='block_1_2' title="bbox 124 685 216 726">
    <p class='ocr_par' dir='ltr' id='par_1_2' title="bbox 124 685 216 726">
     <span class='ocr_line' id='line_1_2' title="bbox 124 685 216 726; baseline -0.022 0"><span class='ocrx_word' id='word_1_2' title='bbox 124 685 216 726; x_wconf 71' lang='lat' dir='ltr'>iuliane.</span> 
     </span>
    </p>
   </div>
   <div class='ocr_carea' id='block_1_3' title="bbox 262 457 1025 516">
    <p class='ocr_par' dir='ltr' id='par_1_3' title="bbox 262 457 1025 516">
     <span class='ocr_line' id='line_1_3' title="bbox 262 457 1025 516; baseline -0.003 0"><span class='ocrx_word' id='word_1_3' title='bbox 262 461 298 516; x_wconf 80' lang='grc'>94</span> <span class='ocrx_word' id='word_1_4' title='bbox 613 459 653 516; x_wconf 91' lang='lat' dir='ltr'>De</span> <span class='ocrx_word' id='word_1_5' title='bbox 671 457 738 516; x_wconf 83' lang='lat' dir='ltr'>Sede</span> <span class='ocrx_word' id='word_1_6' title='bbox 756 459 878 514; x_wconf 64' lang='lat' dir='ltr'>Muses</span> <span class='ocrx_word' id='word_1_7' title='bbox 896 457 921 513; x_wconf 84' lang='grc'>9.</span> <span class='ocrx_word' id='word_1_8' title='bbox 940 457 1025 515; x_wconf 87' lang='lat' dir='ltr'>Petri</span> 
     </span>
    </p>
   </div>
   <div class='ocr_carea' id='block_1_4' title="bbox 259 605 1456 2657">
    <p class='ocr_par' dir='ltr' id='par_1_4' title="bbox 259 605 1456 2657">
     <span class='ocr_line' id='line_1_4' title="bbox 262 605 1391 692; baseline -0.007 -18"><span class='ocrx_word' id='word_1_9' title='bbox 262 608 367 674; x_wconf 81' lang='lat' dir='ltr'>initia.</span> <span class='ocrx_word' id='word_1_10' title='bbox 422 607 526 671; x_wconf 87' lang='lat' dir='ltr'>Nemo</span> <span class='ocrx_word' id='word_1_11' title='bbox 564 615 674 670; x_wconf 88' lang='lat' dir='ltr'>autem</span> <span class='ocrx_word' id='word_1_12' title='bbox 707 607 969 692; x_wconf 89' lang='lat' dir='ltr'>computationes</span> <span class='ocrx_word' id='word_1_13' title='bbox 1005 605 1103 670; x_wconf 85' lang='lat' dir='ltr'>facile</span> <span class='ocrx_word' id='word_1_14' title='bbox 1135 611 1280 690; x_wconf 81' lang='lat' dir='ltr'>peraget,</span> <span class='ocrx_word' id='word_1_15' title='bbox 1316 605 1391 667; x_wconf 90' lang='lat' dir='ltr'>nisi</span> 
     </span>
     <span class='ocr_line' id='line_1_5' title="bbox 262 705 1392 797; baseline -0.011 -19"><span class='ocrx_word' id='word_1_16' title='bbox 262 712 373 797; x_wconf 80' lang='lat' dir='ltr'>aliqua</span> <span class='ocrx_word' id='word_1_17' title='bbox 396 705 522 793; x_wconf 82' lang='lat' dir='ltr'>epocha</span> <span class='ocrx_word' id='word_1_18' title='bbox 551 705 602 787; x_wconf 90' lang='lat' dir='ltr'>sit,</span> <span class='ocrx_word' id='word_1_19' title='bbox 636 727 778 792; x_wconf 74' lang='lat' dir='ltr'>quaeum</span> <span class='ocrx_word' id='word_1_20' title='bbox 812 714 956 771; x_wconf 80' lang='lat' dir='ltr'>caeteras</span> <span class='ocrx_word' id='word_1_21' title='bbox 989 726 1179 790; x_wconf 82' lang='lat' dir='ltr'>comparare</span> <span class='ocrx_word' id='word_1_22' title='bbox 1212 711 1326 788; x_wconf 83' lang='lat' dir='ltr'>quest,</span> <span class='ocrx_word' id='word_1_23' title='bbox 1355 713 1392 766; x_wconf 89' lang='lat' dir='ltr'>et</span> 
     </span>
     <span class='ocr_line' id='line_1_6' title="bbox 261 803 1391 894; baseline -0.003 -20"><span class='ocrx_word' id='word_1_24' title='bbox 261 809 425 894; x_wconf 78' lang='lat' dir='ltr'>adquam</span> <span class='ocrx_word' id='word_1_25' title='bbox 448 825 562 870; x_wconf 88' lang='lat' dir='ltr'>omnes</span> <span class='ocrx_word' id='word_1_26' title='bbox 584 803 730 892; x_wconf 83' lang='lat' dir='ltr'>reliques</span> <span class='ocrx_word' id='word_1_27' title='bbox 753 808 901 872; x_wconf 84' lang='lat' dir='ltr'>revocari</span> <span class='ocrx_word' id='word_1_28' title='bbox 925 808 1060 892; x_wconf 80' lang='lat' dir='ltr'>possint.</span> <span class='ocrx_word' id='word_1_29' title='bbox 1106 806 1307 892; x_wconf 87' lang='lat' dir='ltr'>Hujusmodi</span> <span class='ocrx_word' id='word_1_30' title='bbox 1335 818 1391 871; x_wconf 86' lang='lat' dir='ltr'>est</span> 
     </span>
     <span class='ocr_line' id='line_1_7' title="bbox 262 905 1388 993; baseline -0.005 -19"><span class='ocrx_word' id='word_1_31' title='bbox 262 907 415 974; x_wconf 75' lang='lat' dir='ltr'>Periodns</span> <span class='ocrx_word' id='word_1_32' title='bbox 436 905 587 982; x_wconf 79' lang='lat' dir='ltr'>Juliana,</span> <span class='ocrx_word' id='word_1_33' title='bbox 610 913 724 990; x_wconf 80' lang='lat' dir='ltr'><strong>utpote</strong></span> <span class='ocrx_word' id='word_1_34' title='bbox 747 927 832 991; x_wconf 85' lang='lat' dir='ltr'>quse</span> <span class='ocrx_word' id='word_1_35' title='bbox 856 915 984 970; x_wconf 88' lang='lat' dir='ltr'>constat</span> <span class='ocrx_word' id='word_1_36' title='bbox 1006 907 1103 970; x_wconf 84' lang='lat' dir='ltr'>annis</span> <span class='ocrx_word' id='word_1_37' title='bbox 1125 905 1269 971; x_wconf 85' lang='lat' dir='ltr'>Julianis</span> <span class='ocrx_word' id='word_1_38' title='bbox 1293 905 1388 993; x_wconf 85' lang='lat' dir='ltr'>(vul-</span> 
     </span>
     <span class='ocr_line' id='line_1_8' title="bbox 261 1002 1387 1092; baseline -0.002 -21"><span class='ocrx_word' id='word_1_39' title='bbox 261 1003 420 1092; x_wconf 77' lang='lat' dir='ltr'>garibus),</span> <span class='ocrx_word' id='word_1_40' title='bbox 445 1002 565 1090; x_wconf 89' lang='lat' dir='ltr'>quibus</span> <span class='ocrx_word' id='word_1_41' title='bbox 588 1004 659 1088; x_wconf 84' lang='lat' dir='ltr'>ipse</span> <span class='ocrx_word' id='word_1_42' title='bbox 682 1013 831 1090; x_wconf 78' lang='lat' dir='ltr'>tempora</span> <span class='ocrx_word' id='word_1_43' title='bbox 854 1003 1089 1089; x_wconf 79' lang='lat' dir='ltr'>distinguimus</span> <span class='ocrx_word' id='word_1_44' title='bbox 1119 1013 1151 1070; x_wconf 88' lang='lat' dir='ltr'>et</span> <span class='ocrx_word' id='word_1_45' title='bbox 1175 1004 1387 1082; x_wconf 83' lang='lat' dir='ltr'>dimetimur,</span> 
     </span>
     <span class='ocr_line' id='line_1_9' title="bbox 261 1100 1387 1190; baseline -0.002 -18"><span class='ocrx_word' id='word_1_46' title='bbox 261 1102 423 1190; x_wconf 89' lang='lat' dir='ltr'>simulque</span> <span class='ocrx_word' id='word_1_47' title='bbox 446 1102 553 1167; x_wconf 83' lang='lat' dir='ltr'>omnic</span> <span class='ocrx_word' id='word_1_48' title='bbox 575 1100 787 1167; x_wconf 70' lang='lat' dir='ltr'>etrocncncn</span> <span class='ocrx_word' id='word_1_49' title='bbox 810 1104 955 1180; x_wconf 63' lang='lat' dir='ltr'>omnum,</span> <span class='ocrx_word' id='word_1_50' title='bbox 978 1125 1057 1188; x_wconf 78' lang='lat' dir='ltr'>qnae</span> <span class='ocrx_word' id='word_1_51' title='bbox 1080 1103 1204 1188; x_wconf 78' lang='lat' dir='ltr'>quidem</span> <span class='ocrx_word' id='word_1_52' title='bbox 1226 1126 1266 1168; x_wconf 74' lang='lat' dir='ltr'>cn</span> <span class='ocrx_word' id='word_1_53' title='bbox 1291 1105 1387 1170; x_wconf 85' lang='lat' dir='ltr'>Lati-</span> 
     </span>
     <span class='ocr_line' id='line_1_10' title="bbox 261 1199 1387 1288; baseline -0.001 -20"><span class='ocrx_word' id='word_1_54' title='bbox 261 1225 372 1268; x_wconf 79' lang='lat' dir='ltr'>nomm</span> <span class='ocrx_word' id='word_1_55' title='bbox 394 1200 524 1266; x_wconf 73' lang='lat' dir='ltr'>winilis</span> <span class='ocrx_word' id='word_1_56' title='bbox 546 1199 694 1264; x_wconf 81' lang='lat' dir='ltr'>instituta</span> <span class='ocrx_word' id='word_1_57' title='bbox 717 1211 790 1264; x_wconf 84' lang='lat' dir='ltr'>sunt</span> <span class='ocrx_word' id='word_1_58' title='bbox 803 1200 959 1266; x_wconf 85' lang='lat' dir='ltr'>antecedit</span> <span class='ocrx_word' id='word_1_59' title='bbox 981 1201 1088 1279; x_wconf 85' lang='lat' dir='ltr'>initia,</span> <span class='ocrx_word' id='word_1_60' title='bbox 1112 1199 1249 1288; x_wconf 78' lang='lat' dir='ltr'>cdecpne</span> <span class='ocrx_word' id='word_1_61' title='bbox 1272 1225 1387 1288; x_wconf 66' lang='lat' dir='ltr'>pum·</span> 
     </span>
     <span class='ocr_line' id='line_1_11' title="bbox 262 1297 1392 1384; baseline 0 -18"><span class='ocrx_word' id='word_1_62' title='bbox 262 1301 337 1366; x_wconf 82' lang='lat' dir='ltr'>libet</span> <span class='ocrx_word' id='word_1_63' title='bbox 359 1301 573 1383; x_wconf 73' lang='lat' dir='ltr'>discrepantes</span> <span class='ocrx_word' id='word_1_64' title='bbox 595 1297 706 1362; x_wconf 84' lang='lat' dir='ltr'>mnndi</span> <span class='ocrx_word' id='word_1_65' title='bbox 728 1299 859 1383; x_wconf 72' lang='lat' dir='ltr'>epcclm</span> <span class='ocrx_word' id='word_1_66' title='bbox 877 1321 966 1363; x_wconf 73' lang='lat' dir='ltr'>mum</span> <span class='ocrx_word' id='word_1_67' title='bbox 988 1301 1024 1363; x_wconf 85' lang='lat' dir='ltr'>in</span> <span class='ocrx_word' id='word_1_68' title='bbox 1046 1298 1108 1363; x_wconf 79' lang='lat' dir='ltr'>iila</span> <span class='ocrx_word' id='word_1_69' title='bbox 1125 1299 1260 1384; x_wconf 77' lang='lat' dir='ltr'>periodo</span> <span class='ocrx_word' id='word_1_70' title='bbox 1285 1303 1392 1366; x_wconf 66' lang='lat' dir='ltr'>situm‘</span> 
     </span>
     <span class='ocr_line' id='line_1_12' title="bbox 262 1394 1385 1482; baseline 0.001 -19"><span class='ocrx_word' id='word_1_71' title='bbox 262 1399 409 1466; x_wconf 83' lang='lat' dir='ltr'>obtinent.</span> <span class='ocrx_word' id='word_1_72' title='bbox 418 1396 445 1482; x_wconf 90' lang='lat'>¹)</span> <span class='ocrx_word' id='word_1_73' title='bbox 468 1394 529 1460; x_wconf 87' lang='lat' dir='ltr'>Est</span> <span class='ocrx_word' id='word_1_74' title='bbox 551 1402 662 1460; x_wconf 86' lang='lat' dir='ltr'>autem</span> <span class='ocrx_word' id='word_1_75' title='bbox 676 1395 835 1461; x_wconf 87' lang='lat' dir='ltr'>Periodus</span> <span class='ocrx_word' id='word_1_76' title='bbox 848 1397 871 1462; x_wconf 87' lang='lat' dir='ltr'>J</span> <span class='ocrx_word' id='word_1_77' title='bbox 872 1395 986 1460; x_wconf 83' lang='lat' dir='ltr'>uliana</span> <span class='ocrx_word' id='word_1_78' title='bbox 1000 1395 1088 1462; x_wconf 90' lang='lat' dir='ltr'>orbis</span> <span class='ocrx_word' id='word_1_79' title='bbox 1112 1396 1199 1461; x_wconf 74' lang='lat'>7980</span> <span class='ocrx_word' id='word_1_80' title='bbox 1213 1418 1385 1464; x_wconf 87' lang='lat' dir='ltr'>annorum</span> 
     </span>
     <span class='ocr_line' id='line_1_13' title="bbox 261 1491 1386 1580; baseline -0.001 -17"><span class='ocrx_word' id='word_1_81' title='bbox 261 1495 481 1576; x_wconf 85' lang='lat' dir='ltr'>Julianorum,</span> <span class='ocrx_word' id='word_1_82' title='bbox 506 1494 562 1579; x_wconf 89' lang='lat' dir='ltr'>qui</span> <span class='ocrx_word' id='word_1_83' title='bbox 586 1491 760 1558; x_wconf 89' lang='lat' dir='ltr'>coniicitur</span> <span class='ocrx_word' id='word_1_84' title='bbox 789 1516 831 1558; x_wconf 82' lang='lat' dir='ltr'>ex</span> <span class='ocrx_word' id='word_1_85' title='bbox 858 1493 1085 1580; x_wconf 82' lang='lat' dir='ltr'>multiplicetis</span> <span class='ocrx_word' id='word_1_86' title='bbox 1108 1494 1194 1560; x_wconf 89' lang='lat' dir='ltr'>inter</span> <span class='ocrx_word' id='word_1_87' title='bbox 1216 1517 1251 1560; x_wconf 88' lang='lat' dir='ltr'>se</span> <span class='ocrx_word' id='word_1_88' title='bbox 1275 1496 1386 1580; x_wconf 80' lang='lat' dir='ltr'>cyclis</span> 
     </span>
     <span class='ocr_line' id='line_1_14' title="bbox 262 1591 1384 1676; baseline 0.002 -18"><span class='ocrx_word' id='word_1_89' title='bbox 262 1592 348 1673; x_wconf 83' lang='lat' dir='ltr'>sciis,</span> <span class='ocrx_word' id='word_1_90' title='bbox 372 1592 476 1670; x_wconf 78' lang='lat' dir='ltr'>imsce,</span> <span class='ocrx_word' id='word_1_91' title='bbox 499 1597 599 1676; x_wconf 88' lang='lat' dir='ltr'>atque</span> <span class='ocrx_word' id='word_1_92' title='bbox 622 1591 817 1670; x_wconf 72' lang='lat' dir='ltr'>indictionis,</span> <span class='ocrx_word' id='word_1_93' title='bbox 850 1593 996 1658; x_wconf 86' lang='lat' dir='ltr'>numeris</span> <span class='ocrx_word' id='word_1_94' title='bbox 1022 1591 1179 1657; x_wconf 87' lang='lat' dir='ltr'>videlicet</span> <span class='ocrx_word' id='word_1_95' title='bbox 1201 1593 1254 1674; x_wconf 79' lang='grc'>29,</span> <span class='ocrx_word' id='word_1_96' title='bbox 1281 1595 1324 1659; x_wconf 91' lang='grc'>19</span> <span class='ocrx_word' id='word_1_97' title='bbox 1350 1605 1384 1660; x_wconf 89' lang='lat' dir='ltr'>et</span> 
     </span>
     <span class='ocr_line' id='line_1_15' title="bbox 264 1688 1382 1775; baseline 0.001 -19"><span class='ocrx_word' id='word_1_98' title='bbox 264 1693 314 1758; x_wconf 82' lang='lat'>15.</span> <span class='ocrx_word' id='word_1_99' title='bbox 361 1690 408 1758; x_wconf 87' lang='lat' dir='ltr'>Ut</span> <span class='ocrx_word' id='word_1_100' title='bbox 435 1688 519 1754; x_wconf 88' lang='lat' dir='ltr'>haec</span> <span class='ocrx_word' id='word_1_101' title='bbox 550 1688 706 1774; x_wconf 87' lang='lat' dir='ltr'>periodus</span> <span class='ocrx_word' id='word_1_102' title='bbox 738 1700 844 1755; x_wconf 90' lang='lat' dir='ltr'>certos</span> <span class='ocrx_word' id='word_1_103' title='bbox 875 1689 1025 1775; x_wconf 80' lang='lat' dir='ltr'>fixosque</span> <span class='ocrx_word' id='word_1_104' title='bbox 1056 1690 1213 1756; x_wconf 81' lang='lat' dir='ltr'>terminos</span> <span class='ocrx_word' id='word_1_105' title='bbox 1244 1689 1382 1772; x_wconf 83' lang='lat' dir='ltr'>habeat,</span> 
     </span>
     <span class='ocr_line' id='line_1_16' title="bbox 261 1786 1456 1874; baseline -0.001 -18"><span class='ocrx_word' id='word_1_106' title='bbox 261 1791 329 1856; x_wconf 82' lang='lat' dir='ltr'>lixa</span> <span class='ocrx_word' id='word_1_107' title='bbox 359 1797 512 1874; x_wconf 82' lang='lat' dir='ltr'>certeque</span> <span class='ocrx_word' id='word_1_108' title='bbox 541 1787 608 1851; x_wconf 92' lang='lat' dir='ltr'>sint</span> <span class='ocrx_word' id='word_1_109' title='bbox 636 1797 764 1872; x_wconf 83' lang='lat' dir='ltr'>oportet</span> <span class='ocrx_word' id='word_1_110' title='bbox 796 1786 926 1854; x_wconf 88' lang='lat' dir='ltr'>illorum</span> <span class='ocrx_word' id='word_1_111' title='bbox 948 1789 1049 1854; x_wconf 86' lang='lat' dir='ltr'>trium</span> <span class='ocrx_word' id='word_1_112' title='bbox 1073 1788 1241 1873; x_wconf 79' lang='lat' dir='ltr'>cyclorum</span> <span class='ocrx_word' id='word_1_113' title='bbox 1265 1791 1381 1870; x_wconf 83' lang='lat' dir='ltr'>initis3</span> <span class='ocrx_word' id='word_1_114' title='bbox 1455 1841 1456 1846; x_wconf 18' lang='grc' dir='ltr'>η</span> 
     </span>
     <span class='ocr_line' id='line_1_17' title="bbox 261 1884 1456 1973; baseline -0.002 -19"><span class='ocrx_word' id='word_1_115' title='bbox 261 1909 339 1954; x_wconf 81' lang='lat' dir='ltr'>nem</span> <span class='ocrx_word' id='word_1_116' title='bbox 362 1889 397 1954; x_wconf 94' lang='lat' dir='ltr'>in</span> <span class='ocrx_word' id='word_1_117' title='bbox 420 1884 472 1951; x_wconf 90' lang='lat' dir='ltr'>his</span> <span class='ocrx_word' id='word_1_118' title='bbox 495 1885 733 1952; x_wconf 83' lang='lat' dir='ltr'>constituendis</span> <span class='ocrx_word' id='word_1_119' title='bbox 747 1885 867 1952; x_wconf 79' lang='lat' dir='ltr'>Graeci</span> <span class='ocrx_word' id='word_1_120' title='bbox 891 1887 1069 1973; x_wconf 73' lang='lat' dir='ltr'>Latinique</span> <span class='ocrx_word' id='word_1_121' title='bbox 1092 1888 1178 1952; x_wconf 90' lang='lat' dir='ltr'>inter</span> <span class='ocrx_word' id='word_1_122' title='bbox 1200 1909 1234 1951; x_wconf 92' lang='lat' dir='ltr'>se</span> <span class='ocrx_word' id='word_1_123' title='bbox 1257 1886 1382 1954; x_wconf 87' lang='lat' dir='ltr'>discre—</span> <span class='ocrx_word' id='word_1_124' title='bbox 1455 1941 1456 1968; x_wconf 57' lang='lat'>,</span> 
     </span>
     <span class='ocr_line' id='line_1_18' title="bbox 261 1975 1456 2073; baseline -0.002 -21"><span class='ocrx_word' id='word_1_125' title='bbox 261 1996 351 2073; x_wconf 86' lang='lat' dir='ltr'>pant.</span> <span class='ocrx_word' id='word_1_126' title='bbox 397 1983 553 2071; x_wconf 77' lang='lat' dir='ltr'>Jcscpbas</span> <span class='ocrx_word' id='word_1_127' title='bbox 585 1982 744 2070; x_wconf 64' lang='lat' dir='ltr'>Scaliger,</span> <span class='ocrx_word' id='word_1_128' title='bbox 783 1987 840 2070; x_wconf 90' lang='lat' dir='ltr'>qui</span> <span class='ocrx_word' id='word_1_129' title='bbox 871 1982 960 2051; x_wconf 77' lang='lat' dir='ltr'>huuc</span> <span class='ocrx_word' id='word_1_130' title='bbox 992 1983 1165 2070; x_wconf 89' lang='lat' dir='ltr'>periodum</span> <span class='ocrx_word' id='word_1_131' title='bbox 1197 1985 1380 2066; x_wconf 78' lang='lat' dir='ltr'>ordinavit,</span> <span class='ocrx_word' id='word_1_132' title='bbox 1455 1975 1456 2050; x_wconf 65' lang='lat' dir='ltr'>l</span> 
     </span>
     <span class='ocr_line' id='line_1_19' title="bbox 261 2067 1456 2173; baseline -0.002 -23"><span class='ocrx_word' id='word_1_133' title='bbox 261 2084 428 2173; x_wconf 86' lang='lat' dir='ltr'>(quamvis</span> <span class='ocrx_word' id='word_1_134' title='bbox 442 2101 508 2146; x_wconf 90' lang='lat' dir='ltr'>non</span> <span class='ocrx_word' id='word_1_135' title='bbox 522 2082 667 2166; x_wconf 90' lang='lat' dir='ltr'>primum</span> <span class='ocrx_word' id='word_1_136' title='bbox 690 2081 878 2170; x_wconf 83' lang='lat' dir='ltr'>invenerit),</span> <span class='ocrx_word' id='word_1_137' title='bbox 902 2103 975 2148; x_wconf 82' lang='lat' dir='ltr'>cem</span> <span class='ocrx_word' id='word_1_138' title='bbox 999 2083 1110 2167; x_wconf 84' lang='lat' dir='ltr'>exegit</span> <span class='ocrx_word' id='word_1_139' title='bbox 1123 2082 1167 2148; x_wconf 86' lang='lat' dir='ltr'>ad</span> <span class='ocrx_word' id='word_1_140' title='bbox 1181 2084 1379 2150; x_wconf 88' lang='lat' dir='ltr'>Latinorum</span> <span class='ocrx_word' id='word_1_141' title='bbox 1455 2067 1456 2138; x_wconf 62' lang='lat' dir='ltr'>l</span> 
     </span>
     <span class='ocr_line' id='line_1_20' title="bbox 260 2178 1456 2268; baseline -0.002 -20"><span class='ocrx_word' id='word_1_142' title='bbox 260 2182 443 2262; x_wconf 82' lang='lat' dir='ltr'>ratiocinia,</span> <span class='ocrx_word' id='word_1_143' title='bbox 477 2178 598 2265; x_wconf 87' lang='lat' dir='ltr'>quibus</span> <span class='ocrx_word' id='word_1_144' title='bbox 628 2180 779 2264; x_wconf 83' lang='lat' dir='ltr'>efficitur,</span> <span class='ocrx_word' id='word_1_145' title='bbox 804 2182 948 2268; x_wconf 87' lang='lat' dir='ltr'>primum</span> <span class='ocrx_word' id='word_1_146' title='bbox 979 2180 1113 2246; x_wconf 91' lang='lat' dir='ltr'>Pericdi</span> <span class='ocrx_word' id='word_1_147' title='bbox 1144 2202 1279 2263; x_wconf 80' lang='lat' dir='ltr'>annum,</span> <span class='ocrx_word' id='word_1_148' title='bbox 1312 2203 1379 2267; x_wconf 90' lang='lat' dir='ltr'>quo</span> <span class='ocrx_word' id='word_1_149' title='bbox 1455 2187 1456 2222; x_wconf 62' lang='lat' dir='ltr'>l</span> 
     </span>
     <span class='ocr_line' id='line_1_21' title="bbox 260 2276 1456 2365; baseline -0.001 -20"><span class='ocrx_word' id='word_1_150' title='bbox 260 2279 417 2345; x_wconf 87' lang='lat' dir='ltr'>videlieet</span> <span class='ocrx_word' id='word_1_151' title='bbox 448 2285 514 2342; x_wconf 85' lang='lat' dir='ltr'>tres</span> <span class='ocrx_word' id='word_1_152' title='bbox 546 2276 631 2361; x_wconf 87' lang='lat' dir='ltr'>cycli</span> <span class='ocrx_word' id='word_1_153' title='bbox 663 2277 761 2343; x_wconf 88' lang='lat' dir='ltr'>simul</span> <span class='ocrx_word' id='word_1_154' title='bbox 794 2280 997 2365; x_wconf 87' lang='lat' dir='ltr'>inceperunt,</span> <span class='ocrx_word' id='word_1_155' title='bbox 1031 2277 1095 2344; x_wconf 91' lang='lat' dir='ltr'>hoc</span> <span class='ocrx_word' id='word_1_156' title='bbox 1127 2287 1176 2344; x_wconf 90' lang='lat' dir='ltr'>est</span> <span class='ocrx_word' id='word_1_157' title='bbox 1199 2281 1252 2344; x_wconf 92' lang='lat' dir='ltr'>cui</span> <span class='ocrx_word' id='word_1_158' title='bbox 1276 2281 1378 2364; x_wconf 86' lang='lat' dir='ltr'>sssig·</span> <span class='ocrx_word' id='word_1_159' title='bbox 1455 2279 1456 2344; x_wconf 79' lang='lat' dir='ltr'>l</span> 
     </span>
     <span class='ocr_line' id='line_1_22' title="bbox 260 2373 1377 2462; baseline 0 -20"><span class='ocrx_word' id='word_1_160' title='bbox 260 2385 382 2443; x_wconf 83' lang='lat' dir='ltr'>nentur</span> <span class='ocrx_word' id='word_1_161' title='bbox 404 2373 518 2460; x_wconf 86' lang='lat' dir='ltr'>cyclus</span> <span class='ocrx_word' id='word_1_162' title='bbox 540 2373 616 2439; x_wconf 90' lang='lat' dir='ltr'>solis</span> <span class='ocrx_word' id='word_1_163' title='bbox 638 2375 666 2458; x_wconf 88' lang='lat'>1,</span> <span class='ocrx_word' id='word_1_164' title='bbox 690 2376 803 2461; x_wconf 86' lang='lat' dir='ltr'>cyclus</span> <span class='ocrx_word' id='word_1_165' title='bbox 825 2377 924 2442; x_wconf 89' lang='lat' dir='ltr'>lunae</span> <span class='ocrx_word' id='word_1_166' title='bbox 947 2376 973 2460; x_wconf 90' lang='lat'>1,</span> <span class='ocrx_word' id='word_1_167' title='bbox 998 2376 1111 2462; x_wconf 87' lang='lat' dir='ltr'>cyclus</span> <span class='ocrx_word' id='word_1_168' title='bbox 1133 2376 1328 2442; x_wconf 87' lang='lat' dir='ltr'>indictionis</span> <span class='ocrx_word' id='word_1_169' title='bbox 1350 2379 1377 2458; x_wconf 91' lang='lat' dir='ltr'>I,</span> 
     </span>
     <span class='ocr_line' id='line_1_23' title="bbox 260 2474 1378 2561; baseline 0 -21"><span class='ocrx_word' id='word_1_170' title='bbox 260 2475 353 2540; x_wconf 92' lang='lat' dir='ltr'>illum</span> <span class='ocrx_word' id='word_1_171' title='bbox 385 2495 464 2556; x_wconf 88' lang='lat' dir='ltr'>esse,</span> <span class='ocrx_word' id='word_1_172' title='bbox 497 2474 552 2560; x_wconf 82' lang='lat' dir='ltr'>qui</span> <span class='ocrx_word' id='word_1_173' title='bbox 583 2496 690 2538; x_wconf 83' lang='lat' dir='ltr'>ceram</span> <span class='ocrx_word' id='word_1_174' title='bbox 721 2475 880 2561; x_wconf 76' lang='lat' dir='ltr'>culparem</span> <span class='ocrx_word' id='word_1_175' title='bbox 903 2476 1003 2540; x_wconf 70' lang='lat' dir='ltr'>annii</span> <span class='ocrx_word' id='word_1_176' title='bbox 1026 2476 1122 2540; x_wconf 62' lang='lat' dir='ltr'>anon</span> <span class='ocrx_word' id='word_1_177' title='bbox 1144 2476 1242 2555; x_wconf 82' lang='lat'>4713,</span> <span class='ocrx_word' id='word_1_178' title='bbox 1267 2477 1315 2540; x_wconf 88' lang='lat' dir='ltr'>its</span> <span class='ocrx_word' id='word_1_179' title='bbox 1343 2485 1378 2540; x_wconf 92' lang='lat' dir='ltr'>ut</span> 
     </span>
     <span class='ocr_line' id='line_1_24' title="bbox 259 2570 1082 2657; baseline -0.001 -19"><span class='ocrx_word' id='word_1_180' title='bbox 259 2583 340 2638; x_wconf 90' lang='lat' dir='ltr'>tune</span> <span class='ocrx_word' id='word_1_181' title='bbox 362 2570 462 2636; x_wconf 83' lang='lat' dir='ltr'>suerit</span> <span class='ocrx_word' id='word_1_182' title='bbox 484 2591 591 2636; x_wconf 88' lang='lat' dir='ltr'>annus</span> <span class='ocrx_word' id='word_1_183' title='bbox 613 2573 739 2657; x_wconf 90' lang='lat' dir='ltr'>primus</span> <span class='ocrx_word' id='word_1_184' title='bbox 761 2573 893 2640; x_wconf 89' lang='lat' dir='ltr'>Periodi</span> <span class='ocrx_word' id='word_1_185' title='bbox 916 2571 1082 2639; x_wconf 81' lang='lat' dir='ltr'>Julicnee.</span> 
     </span>
    </p>
   </div>
   <div class='ocr_carea' id='block_1_5' title="bbox 161 2664 1376 2756">
    <p class='ocr_par' dir='ltr' id='par_1_5' title="bbox 161 2664 1376 2756">
     <span class='ocr_line' id='line_1_25' title="bbox 161 2664 1376 2756; baseline 0.007 -28"><span class='ocrx_word' id='word_1_186' title='bbox 161 2674 210 2704; x_wconf 69' lang='lat'>”¹²¹¹</span> <span class='ocrx_word' id='word_1_187' title='bbox 226 2664 241 2706; x_wconf 64' lang='lat' dir='ltr'>i·</span> <span class='ocrx_word' id='word_1_188' title='bbox 349 2669 402 2736; x_wconf 81' lang='lat'>82.</span> <span class='ocrx_word' id='word_1_189' title='bbox 425 2668 478 2734; x_wconf 90' lang='lat' dir='ltr'>De</span> <span class='ocrx_word' id='word_1_190' title='bbox 502 2691 579 2733; x_wconf 85' lang='lat' dir='ltr'>cera</span> <span class='ocrx_word' id='word_1_191' title='bbox 598 2669 711 2735; x_wconf 83' lang='lat' dir='ltr'>mnndi</span> <span class='ocrx_word' id='word_1_192' title='bbox 723 2692 781 2734; x_wconf 89' lang='lat' dir='ltr'>seu</span> <span class='ocrx_word' id='word_1_193' title='bbox 795 2671 914 2736; x_wconf 83' lang='lat' dir='ltr'>Adcmi</span> <span class='ocrx_word' id='word_1_194' title='bbox 927 2669 1124 2736; x_wconf 82' lang='lat' dir='ltr'>difficillima</span> <span class='ocrx_word' id='word_1_195' title='bbox 1138 2680 1186 2735; x_wconf 89' lang='lat' dir='ltr'>est</span> <span class='ocrx_word' id='word_1_196' title='bbox 1209 2673 1376 2756; x_wconf 81' lang='lat' dir='ltr'>quaesti03</span> 
     </span>
    </p>
   </div>
   <div class='ocr_carea' id='block_1_6' title="bbox 259 2767 1376 2952">
    <p class='ocr_par' dir='ltr' id='par_1_6' title="bbox 259 2767 1376 2952">
     <span class='ocr_line' id='line_1_26' title="bbox 259 2767 1376 2856; baseline 0.004 -23"><span class='ocrx_word' id='word_1_197' title='bbox 259 2767 438 2833; x_wconf 86' lang='lat' dir='ltr'>bibliorum</span> <span class='ocrx_word' id='word_1_198' title='bbox 470 2767 559 2831; x_wconf 90' lang='lat' dir='ltr'>enim</span> <span class='ocrx_word' id='word_1_199' title='bbox 591 2767 794 2853; x_wconf 87' lang='lat' dir='ltr'>exemplaria</span> <span class='ocrx_word' id='word_1_200' title='bbox 826 2771 971 2834; x_wconf 76' lang='lat' dir='ltr'>maxime</span> <span class='ocrx_word' id='word_1_201' title='bbox 1003 2770 1089 2834; x_wconf 89' lang='lat' dir='ltr'>inter</span> <span class='ocrx_word' id='word_1_202' title='bbox 1117 2789 1151 2833; x_wconf 89' lang='lat' dir='ltr'>se</span> <span class='ocrx_word' id='word_1_203' title='bbox 1175 2768 1376 2856; x_wconf 85' lang='lat' dir='ltr'>discrepant</span> 
     </span>
     <span class='ocr_line' id='line_1_27' title="bbox 260 2864 1375 2952; baseline 0.004 -21"><span class='ocrx_word' id='word_1_204' title='bbox 260 2864 436 2932; x_wconf 73' lang='lat' dir='ltr'>Caeterum</span> <span class='ocrx_word' id='word_1_205' title='bbox 452 2873 593 2951; x_wconf 78' lang='lat' dir='ltr'>quatuor</span> <span class='ocrx_word' id='word_1_206' title='bbox 607 2867 785 2952; x_wconf 76' lang='lat' dir='ltr'>praecipue</span> <span class='ocrx_word' id='word_1_207' title='bbox 797 2866 913 2932; x_wconf 90' lang='lat' dir='ltr'>mundi</span> <span class='ocrx_word' id='word_1_208' title='bbox 937 2888 1034 2932; x_wconf 80' lang='lat' dir='ltr'>seruc</span> <span class='ocrx_word' id='word_1_209' title='bbox 1048 2866 1208 2948; x_wconf 84' lang='lat' dir='ltr'>feruntur,</span> <span class='ocrx_word' id='word_1_210' title='bbox 1219 2867 1375 2948; x_wconf 83' lang='lat' dir='ltr'>Judcicc,</span> 
     </span>
    </p>
   </div>
   <div class='ocr_carea' id='block_1_7' title="bbox 196 2955 1376 3051">
    <p class='ocr_par' dir='ltr' id='par_1_7' title="bbox 196 2955 1376 3051">
     <span class='ocr_line' id='line_1_28' title="bbox 196 2955 1376 3051; baseline 0.002 -23"><span class='ocrx_word' id='word_1_211' title='bbox 196 2955 198 2962; x_wconf 65' lang='grc'><em>’</em></span> <span class='ocrx_word' id='word_1_212' title='bbox 259 2963 454 3029; x_wconf 65' lang='lat' dir='ltr'>Antiocheia</span> <span class='ocrx_word' id='word_1_213' title='bbox 482 2959 536 3026; x_wconf 85' lang='lat' dir='ltr'>vel</span> <span class='ocrx_word' id='word_1_214' title='bbox 569 2960 703 3046; x_wconf 81' lang='lat' dir='ltr'>lunaris,</span> <span class='ocrx_word' id='word_1_215' title='bbox 733 2964 921 3051; x_wconf 68' lang='lat' dir='ltr'>Aethiopica</span> <span class='ocrx_word' id='word_1_216' title='bbox 949 2963 1003 3029; x_wconf 85' lang='lat' dir='ltr'>vel</span> <span class='ocrx_word' id='word_1_217' title='bbox 1026 2964 1203 3047; x_wconf 75' lang='lat' dir='ltr'>orientalis,</span> <span class='ocrx_word' id='word_1_218' title='bbox 1233 2965 1376 3030; x_wconf 64' lang='lat' dir='ltr'>Aleman-</span> 
     </span>
    </p>
   </div>
   <div class='ocr_carea' id='block_1_8' title="bbox 258 3055 1377 3345">
    <p class='ocr_par' dir='ltr' id='par_1_8' title="bbox 258 3055 1377 3345">
     <span class='ocr_line' id='line_1_29' title="bbox 259 3055 1377 3147; baseline 0.004 -23"><span class='ocrx_word' id='word_1_219' title='bbox 259 3061 356 3126; x_wconf 82' lang='lat' dir='ltr'>drinc</span> <span class='ocrx_word' id='word_1_220' title='bbox 385 3082 443 3125; x_wconf 90' lang='lat' dir='ltr'>seu</span> <span class='ocrx_word' id='word_1_221' title='bbox 476 3055 830 3147; x_wconf 78' lang='lat' dir='ltr'>Constantinopolitano</span> <span class='ocrx_word' id='word_1_222' title='bbox 861 3060 915 3126; x_wconf 86' lang='lat' dir='ltr'>vel</span> <span class='ocrx_word' id='word_1_223' title='bbox 939 3061 1113 3147; x_wconf 76' lang='lat' dir='ltr'>paschalis.</span> <span class='ocrx_word' id='word_1_224' title='bbox 1159 3061 1306 3128; x_wconf 84' lang='lat' dir='ltr'>Judsica</span> <span class='ocrx_word' id='word_1_225' title='bbox 1329 3073 1377 3128; x_wconf 89' lang='lat' dir='ltr'>est</span> 
     </span>
     <span class='ocr_line' id='line_1_30' title="bbox 259 3156 1374 3246; baseline 0.003 -24"><span class='ocrx_word' id='word_1_226' title='bbox 259 3179 359 3244; x_wconf 88' lang='lat' dir='ltr'>quam</span> <span class='ocrx_word' id='word_1_227' title='bbox 382 3156 567 3240; x_wconf 85' lang='lat' dir='ltr'>colligimus</span> <span class='ocrx_word' id='word_1_228' title='bbox 590 3179 633 3222; x_wconf 85' lang='lat' dir='ltr'>ex</span> <span class='ocrx_word' id='word_1_229' title='bbox 647 3158 727 3244; x_wconf 90' lang='lat' dir='ltr'>ipsis</span> <span class='ocrx_word' id='word_1_230' title='bbox 741 3158 853 3225; x_wconf 89' lang='lat' dir='ltr'>bibliis</span> <span class='ocrx_word' id='word_1_231' title='bbox 865 3158 1050 3241; x_wconf 76' lang='lat' dir='ltr'>Hebraicis,</span> <span class='ocrx_word' id='word_1_232' title='bbox 1062 3181 1167 3246; x_wconf 83' lang='lat' dir='ltr'>esque</span> <span class='ocrx_word' id='word_1_233' title='bbox 1190 3159 1374 3226; x_wconf 86' lang='lat' dir='ltr'>secuudum</span> 
     </span>
     <span class='ocr_line' id='line_1_31' title="bbox 258 3253 1375 3345; baseline 0 -24"><span class='ocrx_word' id='word_1_234' title='bbox 258 3257 433 3322; x_wconf 81' lang='lat' dir='ltr'>Petevium</span> <span class='ocrx_word' id='word_1_235' title='bbox 457 3253 590 3320; x_wconf 90' lang='lat' dir='ltr'>initium</span> <span class='ocrx_word' id='word_1_236' title='bbox 614 3259 702 3343; x_wconf 89' lang='lat' dir='ltr'>capit</span> <span class='ocrx_word' id='word_1_237' title='bbox 720 3279 741 3322; x_wconf 84' lang='lat' dir='ltr'>e</span> <span class='ocrx_word' id='word_1_238' title='bbox 755 3260 858 3322; x_wconf 85' lang='lat' dir='ltr'>verno</span> <span class='ocrx_word' id='word_1_239' title='bbox 872 3258 952 3324; x_wconf 82' lang='lat' dir='ltr'>anni</span> <span class='ocrx_word' id='word_1_240' title='bbox 965 3258 1039 3324; x_wconf 88' lang='lat' dir='ltr'>Per.</span> <span class='ocrx_word' id='word_1_241' title='bbox 1053 3257 1121 3323; x_wconf 87' lang='lat' dir='ltr'>Jul.</span> <span class='ocrx_word' id='word_1_242' title='bbox 1138 3257 1212 3339; x_wconf 79' lang='lat'>731,</span> <span class='ocrx_word' id='word_1_243' title='bbox 1237 3257 1375 3345; x_wconf 85' lang='lat' dir='ltr'>ejusque</span> 
     </span>
    </p>
   </div>
   <div class='ocr_carea' id='block_1_9' title="bbox 212 3349 1373 3441">
    <p class='ocr_par' dir='ltr' id='par_1_9' title="bbox 212 3349 1373 3441">
     <span class='ocr_line' id='line_1_32' title="bbox 212 3349 1373 3441; baseline 0.002 -23"><span class='ocrx_word' id='word_1_244' title='bbox 212 3397 213 3401; x_wconf 57' lang='lat'><em>=</em></span> <span class='ocrx_word' id='word_1_245' title='bbox 258 3375 345 3419; x_wconf 87' lang='lat' dir='ltr'>anno</span> <span class='ocrx_word' id='word_1_246' title='bbox 369 3351 456 3419; x_wconf 84' lang='lat'><strong>3983</strong></span> <span class='ocrx_word' id='word_1_247' title='bbox 480 3349 625 3439; x_wconf 82' lang='lat' dir='ltr'>(mundi)</span> <span class='ocrx_word' id='word_1_248' title='bbox 656 3357 780 3441; x_wconf 85' lang='lat' dir='ltr'>incepit</span> <span class='ocrx_word' id='word_1_249' title='bbox 809 3357 936 3441; x_wconf 89' lang='lat' dir='ltr'>primus</span> <span class='ocrx_word' id='word_1_250' title='bbox 965 3377 1072 3421; x_wconf 77' lang='lat' dir='ltr'>annus</span> <span class='ocrx_word' id='word_1_251' title='bbox 1094 3377 1190 3420; x_wconf 85' lang='lat' dir='ltr'>serae</span> <span class='ocrx_word' id='word_1_252' title='bbox 1213 3355 1373 3440; x_wconf 82' lang='lat' dir='ltr'>vulgaris,</span> 
     </span>
    </p>
   </div>
   <div class='ocr_carea' id='block_1_10' title="bbox 256 3446 1454 3812">
    <p class='ocr_par' dir='ltr' id='par_1_10' title="bbox 256 3446 1454 3812">
     <span class='ocr_line' id='line_1_33' title="bbox 258 3446 1373 3538; baseline 0.002 -22"><span class='ocrx_word' id='word_1_253' title='bbox 258 3474 315 3517; x_wconf 92' lang='lat' dir='ltr'>seu</span> <span class='ocrx_word' id='word_1_254' title='bbox 338 3471 446 3517; x_wconf 83' lang='lat' dir='ltr'>eunus</span> <span class='ocrx_word' id='word_1_255' title='bbox 460 3446 538 3514; x_wconf 81' lang='lat' dir='ltr'>Chr.</span> <span class='ocrx_word' id='word_1_256' title='bbox 561 3450 589 3532; x_wconf 83' lang='grc' dir='ltr'>Ι,</span> <span class='ocrx_word' id='word_1_257' title='bbox 613 3454 669 3538; x_wconf 89' lang='lat' dir='ltr'>qui</span> <span class='ocrx_word' id='word_1_258' title='bbox 693 3462 742 3517; x_wconf 90' lang='lat' dir='ltr'>est</span> <span class='ocrx_word' id='word_1_259' title='bbox 763 3475 871 3518; x_wconf 76' lang='lat' dir='ltr'>annus</span> <span class='ocrx_word' id='word_1_260' title='bbox 884 3453 958 3520; x_wconf 90' lang='lat' dir='ltr'>Per.</span> <span class='ocrx_word' id='word_1_261' title='bbox 972 3453 1040 3520; x_wconf 88' lang='lat' dir='ltr'>Jul.</span> <span class='ocrx_word' id='word_1_262' title='bbox 1059 3452 1157 3518; x_wconf 73' lang='lat'>4714.</span> <span class='ocrx_word' id='word_1_263' title='bbox 1182 3451 1373 3518; x_wconf 87' lang='lat' dir='ltr'>Secundum</span> 
     </span>
     <span class='ocr_line' id='line_1_34' title="bbox 257 3545 1373 3629; baseline 0 -15"><span class='ocrx_word' id='word_1_264' title='bbox 257 3571 368 3614; x_wconf 87' lang='lat' dir='ltr'>acram</span> <span class='ocrx_word' id='word_1_265' title='bbox 396 3545 551 3614; x_wconf 87' lang='lat' dir='ltr'>Antioeh.</span> <span class='ocrx_word' id='word_1_266' title='bbox 576 3546 725 3615; x_wconf 79' lang='lat' dir='ltr'>Christus</span> <span class='ocrx_word' id='word_1_267' title='bbox 761 3558 857 3616; x_wconf 88' lang='lat' dir='ltr'>natus</span> <span class='ocrx_word' id='word_1_268' title='bbox 894 3549 957 3616; x_wconf 87' lang='lat' dir='ltr'>est</span> <span class='ocrx_word' id='word_1_269' title='bbox 978 3573 1008 3617; x_wconf 87' lang='lat' dir='ltr'>a.</span> <span class='ocrx_word' id='word_1_270' title='bbox 1045 3549 1162 3616; x_wconf 89' lang='lat' dir='ltr'>mundi</span> <span class='ocrx_word' id='word_1_271' title='bbox 1183 3548 1293 3629; x_wconf 79' lang='lat'>5494,·</span> <span class='ocrx_word' id='word_1_272' title='bbox 1329 3572 1373 3615; x_wconf 81' lang='lat' dir='ltr'>se</span> 
     </span>
     <span class='ocr_line' id='line_1_35' title="bbox 257 3643 1454 3734; baseline 0 -22"><span class='ocrx_word' id='word_1_273' title='bbox 257 3647 404 3714; x_wconf 89' lang='lat' dir='ltr'>cundum</span> <span class='ocrx_word' id='word_1_274' title='bbox 428 3643 583 3732; x_wconf 87' lang='lat' dir='ltr'>Aethiop.</span> <span class='ocrx_word' id='word_1_275' title='bbox 607 3669 636 3714; x_wconf 89' lang='lat' dir='ltr'>a.</span> <span class='ocrx_word' id='word_1_276' title='bbox 660 3648 777 3715; x_wconf 90' lang='lat' dir='ltr'>muudi</span> <span class='ocrx_word' id='word_1_277' title='bbox 800 3649 903 3733; x_wconf 78' lang='lat'>55013</span> <span class='ocrx_word' id='word_1_278' title='bbox 928 3649 1110 3716; x_wconf 87' lang='lat' dir='ltr'>seeundum</span> <span class='ocrx_word' id='word_1_279' title='bbox 1121 3645 1371 3734; x_wconf 71' lang='lat' dir='ltr'>constantinop.</span> <span class='ocrx_word' id='word_1_280' title='bbox 1453 3647 1454 3712; x_wconf 77' lang='lat' dir='ltr'>i</span> 
     </span>
     <span class='ocr_line' id='line_1_36' title="bbox 256 3739 546 3812; baseline 0.007 -2"><span class='ocrx_word' id='word_1_281' title='bbox 256 3767 286 3812; x_wconf 82' lang='lat' dir='ltr'>a.</span> <span class='ocrx_word' id='word_1_282' title='bbox 310 3743 426 3810; x_wconf 92' lang='lat' dir='ltr'>mundi</span> <span class='ocrx_word' id='word_1_283' title='bbox 448 3739 546 3812; x_wconf 80' lang='lat'><strong>5509.</strong></span> 
     </span>
    </p>
   </div>
   <div class='ocr_carea' id='block_1_11' title="bbox 345 3843 1371 3913">
    <p class='ocr_par' dir='ltr' id='par_1_11' title="bbox 345 3843 1371 3913">
     <span class='ocr_line' id='line_1_37' title="bbox 345 3843 1371 3913; baseline 0.002 -5"><span class='ocrx_word' id='word_1_284' title='bbox 345 3843 397 3910; x_wconf 83' lang='lat'>83.</span> <span class='ocrx_word' id='word_1_285' title='bbox 421 3843 509 3910; x_wconf 84' lang='lat' dir='ltr'>Aera</span> <span class='ocrx_word' id='word_1_286' title='bbox 530 3844 704 3911; x_wconf 77' lang='lat' dir='ltr'>Abrciami</span> <span class='ocrx_word' id='word_1_287' title='bbox 731 3854 780 3911; x_wconf 87' lang='lat' dir='ltr'>est</span> <span class='ocrx_word' id='word_1_288' title='bbox 801 3867 964 3912; x_wconf 82' lang='lat' dir='ltr'>annorum</span> <span class='ocrx_word' id='word_1_289' title='bbox 981 3844 1191 3913; x_wconf 87' lang='lat' dir='ltr'>Julicnorum</span> <span class='ocrx_word' id='word_1_290' title='bbox 1214 3863 1371 3910; x_wconf 85' lang='lat' dir='ltr'>numerus</span> 
     </span>
    </p>
   </div>
   <div class='ocr_carea' id='block_1_12' title="bbox 195 3915 1370 4029">
    <p class='ocr_par' dir='ltr' id='par_1_12' title="bbox 195 3915 1370 4029">
     <span class='ocr_line' id='line_1_38' title="bbox 195 3915 1370 4029; baseline 0 -27"><span class='ocrx_word' id='word_1_291' title='bbox 195 3915 231 3957; x_wconf 65' lang='lat'>&#39;²¹‘</span> <span class='ocrx_word' id='word_1_292' title='bbox 257 3937 375 4004; x_wconf 76' lang='lat' dir='ltr'>ductim</span> <span class='ocrx_word' id='word_1_293' title='bbox 398 3940 441 4006; x_wconf 86' lang='lat' dir='ltr'>ab</span> <span class='ocrx_word' id='word_1_294' title='bbox 465 3942 536 4029; x_wconf 89' lang='lat' dir='ltr'>ejus</span> <span class='ocrx_word' id='word_1_295' title='bbox 559 3950 641 4024; x_wconf 91' lang='lat' dir='ltr'>ortu,</span> <span class='ocrx_word' id='word_1_296' title='bbox 664 3943 712 4008; x_wconf 87' lang='lat' dir='ltr'>ita</span> <span class='ocrx_word' id='word_1_297' title='bbox 732 3951 769 4008; x_wconf 89' lang='lat' dir='ltr'>ut</span> <span class='ocrx_word' id='word_1_298' title='bbox 785 3941 904 4010; x_wconf 89' lang='lat' dir='ltr'>horum</span> <span class='ocrx_word' id='word_1_299' title='bbox 918 3962 1081 4010; x_wconf 85' lang='lat' dir='ltr'>annorum</span> <span class='ocrx_word' id='word_1_300' title='bbox 1103 3941 1230 4028; x_wconf 89' lang='lat' dir='ltr'>primns</span> <span class='ocrx_word' id='word_1_301' title='bbox 1253 3940 1297 4004; x_wconf 90' lang='lat' dir='ltr'>sit</span> <span class='ocrx_word' id='word_1_302' title='bbox 1319 3937 1370 4004; x_wconf 86' lang='lat' dir='ltr'>ille</span> 
     </span>
    </p>
   </div>
   <div class='ocr_carea' id='block_1_13' title="bbox 256 4035 1368 4125">
    <p class='ocr_par' dir='ltr' id='par_1_13' title="bbox 256 4035 1368 4125">
     <span class='ocr_line' id='line_1_39' title="bbox 256 4035 1368 4125; baseline 0 -26"><span class='ocrx_word' id='word_1_303' title='bbox 256 4056 321 4122; x_wconf 91' lang='lat' dir='ltr'>quc</span> <span class='ocrx_word' id='word_1_304' title='bbox 345 4035 516 4104; x_wconf 86' lang='lat' dir='ltr'>Abraham</span> <span class='ocrx_word' id='word_1_305' title='bbox 540 4046 638 4104; x_wconf 79' lang='lat' dir='ltr'>nctus</span> <span class='ocrx_word' id='word_1_306' title='bbox 659 4047 805 4125; x_wconf 84' lang='lat' dir='ltr'>putatur.</span> <span class='ocrx_word' id='word_1_307' title='bbox 837 4039 913 4104; x_wconf 77' lang='lat' dir='ltr'>Hac</span> <span class='ocrx_word' id='word_1_308' title='bbox 935 4061 1012 4104; x_wconf 79' lang='lat' dir='ltr'>cere</span> <span class='ocrx_word' id='word_1_309' title='bbox 1034 4035 1199 4103; x_wconf 82' lang='lat' dir='ltr'>Eusebius</span> <span class='ocrx_word' id='word_1_310' title='bbox 1221 4037 1368 4100; x_wconf 89' lang='lat' dir='ltr'>omnium</span> 
     </span>
    </p>
   </div>
   <div class='ocr_carea' id='block_1_14' title="bbox 331 4237 1002 4311">
    <p class='ocr_par' dir='ltr' id='par_1_14' title="bbox 331 4237 1002 4311">
     <span class='ocr_line' id='line_1_40' title="bbox 331 4237 1002 4311; baseline 0.001 -18"><span class='ocrx_word' id='word_1_311' title='bbox 331 4237 350 4311; x_wconf 84' lang='lat'>¹)</span> <span class='ocrx_word' id='word_1_312' title='bbox 369 4237 621 4297; x_wconf 66' lang='lat' dir='ltr'>recensemur.</span> <span class='ocrx_word' id='word_1_313' title='bbox 640 4243 720 4310; x_wconf 85' lang='lat' dir='ltr'>temp.</span> <span class='ocrx_word' id='word_1_314' title='bbox 739 4238 769 4295; x_wconf 88' lang='lat' dir='ltr'>P.</span> <span class='ocrx_word' id='word_1_315' title='bbox 788 4238 825 4295; x_wconf 83' lang='grc' dir='ltr'>Π.</span> <span class='ocrx_word' id='word_1_316' title='bbox 843 4237 874 4296; x_wconf 70' lang='grc' dir='ltr'>Ῑι.</span> <span class='ocrx_word' id='word_1_317' title='bbox 895 4241 918 4294; x_wconf 92' lang='grc'>1.</span> <span class='ocrx_word' id='word_1_318' title='bbox 937 4255 958 4294; x_wconf 86' lang='lat' dir='ltr'>c</span> <span class='ocrx_word' id='word_1_319' title='bbox 976 4241 1002 4294; x_wconf 63' lang='lat' dir='ltr'>i</span> 
     </span>
    </p>
   </div>
   <div class='ocr_carea' id='block_1_15' title="bbox 0 0 1466 4818">
    <p class='ocr_par' dir='ltr' id='par_1_15' title="bbox 0 0 1466 4818">
     <span class='ocr_line' id='line_1_41' title="bbox 0 0 1466 4818; baseline 0 2"><span class='ocrx_word' id='word_1_320' title='bbox 0 0 1466 4818; x_wconf 95' lang='lat' dir='ltr'> </span> 
     </span>
    </p>
   </div>
  </div>
 </body>
</html>
