2766 4836
460 509 600 564 Vindicius
617 510 726 566 Liberii
1113 513 1147 564 69

53 653 278 734 examinarunt,
303 654 351 716 uti
374 652 501 734 Hefele,
512 652 635 735 Palma,
660 652 1147 740 Viehhauser1),1teinerding‚

52 749 279 832 Schneemann,
304 749 417 815 solidis
431 753 633 836 argumentis
647 751 837 838 probarunt,
853 773 908 816 eas
931 752 1053 836 pariter
1075 775 1147 836 sup-

51 848 196 932 posititias
226 869 312 930 esse,
345 849 392 912 ita
415 858 452 912 ut
483 849 564 914 haec
588 852 749 914 sententia
781 859 870 914 certa
897 848 1011 913 haberi
1036 851 1147 934 possit.

50 945 160 1024 Quodsi
184 945 368 1030 Dollinger,
400 956 433 1010 et
462 957 535 1032 post
558 949 665 1033 ipsum
688 946 898 1034 seimonu),
929 957 961 1012 et
988 945 1036 1010 Le
1058 947 1147 1030 Psge

48 1043 167 1107 Renous
185 1042 347 1130 Anglus⁸)
371 1046 490 1108 nostris
513 1045 630 1110 diebus
658 1048 776 1110 iterum
800 1069 854 1110 eas
877 1045 1001 1110 litteras
1023 1044 1147 1109 habent

47 1153 76 1202 ut
93 1141 263 1223 genuinas,
287 1140 321 1205 id
345 1141 532 1208 nullatenus
550 1145 583 1206 vi
599 1145 778 1224 rationum,
802 1143 860 1207 sed
883 1143 1010 1208 infenso
1034 1164 1146 1206 eorum

46 1239 75 1300 in
94 1239 159 1304 Ru
182 1237 360 1304 Pontifices
384 1242 494 1304 animo
518 1240 730 1306 tribuendum
754 1250 812 1306 est.
830 1279 871 1288 -
887 1239 935 1305 cl.
959 1239 1076 1304 Helele
1099 1241 1145 1304 in·

45 1337 121 1400 riute
150 1336 295 1400 ostendit
326 1339 427 1402 variis
450 1341 662 1423 argumentis,
695 1338 848 1425 epistolas
875 1337 947 1402 illas
978 1359 1049 1402 esse
1072 1359 1145 1401 con-

45 1435 135 1500 tiotas.
181 1434 348 1500 Videlicet
361 1434 394 1521 a)
418 1458 461 1500 ex
475 1437 689 1503 similitudine
703 1436 821 1501 harum
844 1435 1053 1520 epistolarum
1069 1455 1146 1498 oum

43 1535 140 1618 prima
162 1542 251 1598 certe
275 1533 425 1600 conficta.
456 1572 500 1582 —
529 1535 624 1599 Ratio
656 1535 822 1620 loquendi,
853 1532 957 1618 stylus
986 1532 1146 1597 barbarus

43 1643 72 1693 et
92 1631 250 1716 hispidus,
282 1641 460 1717 conceptus
491 1634 571 1697 satis
599 1633 702 1719 inepti
734 1643 766 1696 et
788 1654 906 1718 parum
929 1631 1032 1716 digni,
1056 1653 1145 1716 repe-

42 1731 95 1792 tita
107 1729 254 1816 ejusdem
262 1731 309 1794 rei
326 1729 512 1813 inculcatio,
530 1731 613 1816 (γαπ
629 1755 697 1795 uun
713 1731 863 1810 omuibus,
873 1729 1044 1794 Athanasii
1059 1729 1145 1792 dum·

43 1828 148 1914 uado),
167 1827 354 1912 ostendunt,
379 1827 532 1892 eumdem
556 1828 724 1894 falsarium
754 1829 865 1894 omnia
881 1825 1142 1912 composuisse⁴).

42 1963 79 1972 -
92 1925 244 2012 b)Plsne
267 1928 380 2011 inepta
402 1937 479 1990 sunt
501 1925 596 2011 plura
618 1927 653 1991 in
677 1927 748 1990 istis
771 1925 916 2011 epistolis
939 1924 1069 1989 tradita.
1093 1923 1144 1988 Its

43 2023 291 2090 fortunatianus
314 2025 456 2088 mittitur
477 2047 497 2088 a
518 2024 654 2088 Liberio
683 2045 759 2088 oum
781 2023 897 2089 litteris
920 2022 963 2086 ad
987 2020 1143 2086 Constan-

43 2123 135 2204 tium3
180 2124 273 2208 atqui
296 2123 553 2188 Fortunatiauus
577 2122 750 2210 Aquileiae
783 2131 853 2188 erat
875 2123 909 2186 in
933 2119 1038 2202 Italia,
1063 2119 1142 2184 dum

43 2219 246 2286 Constantius
276 2219 387 2286 Sirmii
416 2231 450 2284 et
480 2221 568 2287 haud
599 2223 645 2286 ita
674 2220 788 2306 procul
819 2219 972 2286 Liberius
999 2218 1142 2282 Beroeae

42 2319 176 2404 degeret
196 2319 418 2402 -Liberius,
436 2341 636 2406 quamquam
647 2320 719 2406 jam
734 2318 954 2384 Athanasium
970 2317 1142 2383 damnavit

41 2429 67 2480 et
97 2439 173 2482 cum
204 2417 340 2482 Arianis
370 2420 602 2501 communicat,
634 2417 811 2484 exhibetur
842 2426 878 2480 ut
908 2417 943 2480 in
966 2415 1064 2481 exilio
1089 2415 1141 2480 dc-

40 2525 151 2598 tentus,
176 2516 230 2580 cui
253 2516 424 2601 permissio
447 2516 572 2580 reditus
594 2516 742 2580 noudum
766 2515 844 2580 data
866 2525 924 2596 est,
948 2525 1009 2579 etc.
1042 2551 1085 2562 -
1109 2512 1141 2600 c)

40 2613 129 2678 Plura
151 2613 218 2679 alis
241 2615 276 2678 iu
300 2613 350 2678 his
380 2614 496 2680 litteris
526 2613 689 2679 habentur
720 2615 852 2678 omnino
876 2612 1009 2694 insulsa,
1033 2621 1065 2676 et
1088 2611 1140 2676 fle-

40 2707 105 2774 bilis
129 2711 186 2776 illa
207 2710 397 2778 lamentatio
411 2712 582 2778 Pontificis
605 2735 689 2800 quae
718 2712 770 2776 his
793 2712 923 2796 scriptis
946 2712 1140 2792 continetur,

40 2807 127 2891 plane
150 2807 259 2874 aliena
282 2819 332 2874 est
361 2834 381 2875 a
404 2811 610 2893 charactere,
642 2809 725 2892 stilo,
750 2808 915 2874 scribendi
939 2809 1064 2873 ratione
1086 2807 1140 2871 Li-

39 2903 123 2988 berii,
147 2908 195 2971 uti
229 2929 270 2972 ex
301 2910 454 2992 genuinis
485 2909 556 2995 ejus
588 2909 732 2994 epistolis
755 2907 909 2974 noscitur.
946 2945 989 2954 —
1023 2907 1139 2974 Merito

39 3007 130 3086 igitur
152 3007 337 3088 statuimus,
361 3006 518 3072 confictas
541 3029 611 3072 esse
635 3005 707 3071 illas
730 3005 856 3070 Liberii
881 3003 1043 3090 epistolas.

118 3104 171 3170 93.
196 3102 263 3169 Sed
301 3127 408 3192 neque
445 3105 478 3174 S.
502 3105 622 3170 Hilarii
655 3127 725 3168 esse
758 3111 895 3189 possunt
927 3102 983 3168 illa
1014 3103 1298 3169 addita-assianus
1382 3128 1383 3135 ¹

39 3213 139 3266 menta
161 3211 196 3266 et
218 3203 470 3288 imprecationes
501 3206 534 3268 iu
558 3203 740 3285 Liberium,
772 3203 818 3266 ita
841 3211 878 3265 ut
900 3201 1018 3286 aliquis
1042 3222 1139 3286 oppo-
1170 3189 1277 3291 “fflf

39 3321 105 3364 uere
129 3301 243 3387 possit,
267 3301 382 3366 saltem
397 3302 439 3367 ab
454 3305 582 3372 Hilario
597 3300 769 3372 Liberium
784 3310 821 3364 ut
843 3303 1137 3385 praevaricatorem

102 3491 120 3552 ¹l
138 3490 263 3548 Hssarius
282 3493 462 3548 Pictavieusis
479 3494 504 3548 S.
523 3495 566 3550 47.

99 3571 119 3642 ¹)
138 3571 262 3628 Hilarius
282 3589 334 3630 von
352 3572 469 3629 Poitiers
487 3573 515 3628 0.
534 3574 567 3628 K

99 3651 199 3720 ¹)'1'ho
216 3654 420 3709 condemnation
439 3655 469 3708 oi
485 3653 557 3723 Pope
575 3654 717 3720 Honorius,
736 3673 762 3712 n.
782 3659 825 3711 44.

98 3731 211 3802 uJate
239 3735 381 3804 (iudaeus)
409 3733 454 3805 qui
478 3735 594 3804 Repestu
612 3735 774 3802 Pontificum
794 3737 886 3804 edidit,
909 3737 937 3790 in
966 3733 1139 3789 Praelatioue

38 3809 117 3872 tlh
136 3813 236 3868 merito
254 3815 324 3868 hunc
342 3829 469 3868 moenem
493 3815 605 3870 statuit:
639 3816 742 3884 „Quum
760 3816 863 3873 ialsarii
883 3815 1045 3878 existiment,
1064 3828 1139 3881 repe-

39 3887 89 3944 titia
105 3893 252 3948 masdmiis
271 3894 384 3964 alicujus
402 3895 442 3949 rei
454 3895 584 3952 urceus
596 3897 741 3954 veritatem
760 3898 866 3953 suaderi
884 3911 969 3966 posse,
987 3895 1059 3950 haud
1077 3910 1138 3948 raro

39 3971 102 4024 varia
119 3981 320 4043 supposuerunt
338 3976 370 4030 de
389 3977 482 4032 eadem
509 3993 538 4032 re
562 3977 738 4034 Pontificibus
756 3979 903 4046 diplomata
925 3983 954 4032 et
971 3977 1136 4032 documenta

39 4047 121 4118 Inque
145 4055 168 4108 si
194 4055 223 4109 iu
251 4055 343 4128 aliqua
366 4057 435 4112 serie
453 4057 670 4113 documentorum
697 4075 765 4126 quse
793 4059 912 4113 eamdem
934 4074 990 4112 rem
1012 4061 1138 4125 spectant

40 4133 154 4198 Quadam
183 4135 283 4190 iudicis
309 4135 454 4191 manifesta
478 4136 593 4192 fictionis
624 4154 688 4206 prae
715 4155 744 4194 se
770 4137 874 4204 ierunt,
903 4137 968 4193 haec
994 4153 1057 4192 vero
1075 4139 1136 4193 aliis

40 4209 129 4277 lcum,
142 4219 235 4270 umen
247 4216 338 4271 omnia
351 4216 409 4272 sine
420 4216 600 4274 haesitatione
618 4219 763 4287 rejicienda
780 4223 868 4274 suut“
890 4247 923 4258 -
935 4218 1010 4272 Haec
1027 4225 1135 4274 nostrae

40 4295 175 4355 annueri
192 4296 273 4352 iacile
290 4296 443 4366 applicabis
