2790 4812
401 477 469 544 Quis
483 478 606 534 Concilio
622 479 796 547 praesederit.
1103 478 1156 532 tet

134 621 186 686 86.
210 619 386 684 Caeterum
427 621 490 686 hoc
527 622 652 686 factum
697 621 835 685 inferius
875 615 1155 687 confirmabimus.

62 717 144 782 llodo
166 719 311 782 sufficiat
336 719 620 802 animadvertere,
653 719 750 806 plane
788 739 865 784 cnm
896 718 959 782 hoc
991 720 1155 804 praesidio

62 814 148 879 Hosio
178 839 200 879 a
231 813 390 882 Silvestre
423 819 597 882 commisso
629 818 827 898 convenire,
852 825 888 880 ut
904 817 977 901 jam
1000 819 1156 881 antesin

61 935 145 978 musa
174 913 258 996 Arii,
282 913 336 977 vel
366 913 483 979 saltem
515 917 550 979 in
583 916 713 1000 negotio
746 915 992 978 convocationis
1016 913 1156 980 Concilii

61 1033 123 1074 cum
144 1011 305 1076 Pontifice
336 1013 440 1096 egerit
462 1013 598 1098 ejusque
621 1015 712 1076 vices
733 1013 879 1096 gesserit.
908 1011 1068 1098 Adeoque
1089 1035 1156 1078 nou

61 1109 118 1172 siue
139 1131 300 1174 concursu
331 1109 473 1174 Romani
503 1110 683 1192 Pontificis,
717 1110 774 1174 sed
797 1129 960 1175 consensu
986 1119 1020 1173 et
1040 1133 1156 1196 appro-

61 1204 176 1271 batione
195 1206 347 1274 Silvestri
371 1217 447 1272 ante
465 1210 577 1293 petitis
600 1216 633 1272 et
655 1207 797 1272 obtentis
821 1205 1008 1273 Concilium
1029 1231 1050 1272 a
1074 1208 1157 1274 Con·

60 1305 187 1370 suntino
217 1317 438 1370 convocatum
469 1306 587 1389 fuisse,
620 1308 733 1371 omnia
763 1305 846 1370 haec
878 1306 975 1370 simul
1006 1307 1156 1371 suadent.

61 1399 269 1487 lnCstalogo
291 1425 422 1490 quoque
446 1403 615 1470 Feliciauo
638 1404 759 1488 legitur
781 1402 822 1467 de
846 1403 1018 1468 Silvestre:
1052 1405 1158 1494 Hujus

60 1501 234 1585 tenporibus
255 1503 383 1588 sactum
417 1501 592 1568 Concilim
623 1525 691 1567 arm
713 1506 781 1591 ejrte
803 1524 954 1566 consensa
974 1503 1010 1566 in
1035 1503 1159 1566 Nicaea

60 1597 222 1712 Bitlpsriae,
246 1611 278 1664 et
299 1602 478 1686 eonqreqats'
499 1611 573 1664 sant
592 1600 768 1666 sacerdotes
782 1599 911 1664 ementi
933 1599 1158 1685 septenam,

60 1697 184 1782 episcopi
205 1696 369 1776 eat-lalia',
393 1708 575 1811 etquenam
598 1699 819 1784 cistoprapleas
841 1698 998 1776 cucumim
1021 1696 1117 1760 alii
1102 1718 1158 1758 am

60 1792 170 1858 adias
190 1793 321 1858 &scena
343 1805 430 1875 acta,·
452 1797 509 1880 qai
530 1807 742 1880 aepoasemm
760 1795 859 1878 fldem
881 1796 1045 1880 enteqram,
1070 1815 1158 1857 sanc·

61 1899 123 1968 ton,
152 1889 340 1956 catholicam
371 1903 402 1954 et
433 1891 681 1970 immacalatam,
714 1903 744 1956 et
776 1893 1004 1956 damnaverant
1035 1891 1158 1967 Arium,

62 1987 192 2052 Fanniam
213 1999 244 2052 et
267 1987 441 2054 &demam
462 1990 511 2052 cel
533 2011 678 2075 sequaces
701 2011 813 2054 eornm
822 1987 851 2075 ¹)

135 2086 187 2151 87.
214 2085 258 2150 Ut
285 2084 376 2148 hisce
405 2087 516 2150 statim
549 2095 720 2150 nectamus
748 2087 974 2198 quaestionem
1004 2084 1046 2149 de
1064 2092 1249 2192 prae-0⁰³⁰}d
1199 2090 1258 2132 1111111
1242 2101 1328 2190 ¹:31³?st-

61 2182 167 2248 Mus
188 2181 330 2246 Consilii
353 2181 508 2265 Nisseni,
532 2183 622 2248 haud
646 2183 785 2248 dubium
808 2193 867 2266 est,
890 2185 925 2246 in
949 2205 987 2247 eo
1012 2164 1226 2248 Concilio'

62 2279 249 2363 pascum
280 2281 422 2344 Hosium
454 2290 487 2344 et
518 2281 600 2346 duos
641 2281 713 2346 illos
745 2281 952 2367 presbyteros
984 2281 1159 2362 Romanos,

62 2388 145 2463 stqne
168 2379 266 2443 hosce
289 2389 355 2442 tres
375 2378 510 2464 quidem
525 2381 659 2444 nomine
673 2378 789 2442 etloco
813 2379 954 2444 Romani
977 2378 1158 2444 Pontificio.

62 2474 142 2539 Patet
164 2475 225 2540 hoc
248 2477 393 2562 primurn
421 2498 464 2539 ex
494 2475 805 2562 subscriptionibus3
836 2477 871 2540 hi
894 2480 983 2542 enim
1006 2485 1072 2540 tres
1095 2497 1161 2540 om·

63 2575 140 2638 mum
163 2575 259 2659 primi
285 2572 550 2660 subscripserunt
584 2582 660 2638 ente
693 2574 959 2640 Alexandrinum
992 2582 1024 2638 et
1046 2573 1160 2638 Antio·

63 2669 189 2736 chonam
223 2672 405 2758 episcopos.
450 2673 503 2738 lta
534 2674 703 2736 invenitur
733 2675 768 2736 in
804 2672 1042 2757 antiquissimis
1074 2670 1161 2734 codi-

63 2767 144 2834 cibus
169 2780 203 2834 et
230 2768 408 2853 catalogis,
439 2769 559 2856 quibus
591 2772 691 2834 series
722 2771 950 2855 episcoporum
981 2789 1161 2853 eorumque

63 2865 306 2953 subscriptiones
334 2866 543 2932 exhibentur.
590 2867 703 2948 Quum
736 2866 892 2932 videlicet
914 2869 949 2930 in
972 2864 1046 2929 aliis
1070 2865 1161 2929 diffe-

63 2973 133 3045 rant,
156 2966 190 3028 iu
213 2981 251 3028 eo
276 2966 489 3046 conveniunt,
505 2964 593 3050 quod
602 2967 709 3051 primo
725 2964 792 3030 loeo
809 2972 1066 3030 commemorent
1088 2962 1159 3026 sub·

63 3063 258 3146 scriptionem
296 3062 393 3126 Harii
429 3073 460 3126 et
495 3062 627 3127 daemon
664 3063 915 3150 presbyterorum
950 3065 1163 3127 Rontanernm

69 3157 177 3224 Vitona'e
211 3171 242 3224 et
280 3159 445 3225 Vincentii.
495 3161 560 3224 Per
591 3181 625 3223 se
652 3161 726 3246 jam
757 3160 849 3226 nulla
875 3159 1057 3247 probabilis
1080 3159 1162 3223 ratio

64 3255 169 3321 adduci
191 3266 300 3343 potest
323 3257 364 3322 de
387 3257 451 3322 hac
465 3259 695 3343 praerogativa
708 3259 744 3322 in
768 3257 1074 3344 subscriptionibus,
1098 3257 1162 3320 nisi

65 3353 140 3436 qnod
161 3355 294 3437 Hosius,
310 3355 413 3420 Viton
436 3363 469 3419 et
483 3356 682 3421 Vincentius
704 3354 995 3440 repraesentabant
1021 3357 1163 3440 primam

64 3521 142 3576 aretii
159 3523 191 3576 de
209 3524 375 3578 auden-itate
392 3524 470 3577 Rern.
489 3523 568 3576 Pont.
587 3522 694 3580 'lom-I.
714 3523 777 3592 Cap.
797 3523 829 3577 V.
849 3525 873 3594 ξ.
893 3525 911 3578 3
929 3499 1164 3590 existimat,'quae

65 3599 191 3658 sGelssio
209 3601 366 3658 referuntur
384 3603 417 3658 de
433 3601 517 3658 Hosio
534 3602 631 3658 iisdem
648 3603 738 3659 verbis
755 3603 785 3659 in
802 3602 913 3658 Eusebii
932 3603 1054 3658 Historia
1071 3601 1163 3666 fuisse,

65 3681 102 3733 ei
117 3683 214 3738 codioes
232 3695 291 3738 esse
308 3697 380 3737 nnnc
397 3683 515 3738 mutilos.
551 3683 681 3738 Attamen
699 3683 727 3738 id
745 3684 823 3738 valde
841 3683 951 3739 dubium
969 3690 1019 3738 est.
1056 3682 1164 3736 Etenim

66 3768 127 3815 arte
141 3777 208 3829 qnae
226 3763 260 3818 de
276 3761 455 3830 lletmphane
473 3763 540 3818 dicit
558 3763 695 3829 (laiseins,
713 3763 785 3818 haud
803 3763 913 3831 scripsit
930 3762 1074 3830 Eusebium
1094 3760 1164 3815 unde

66 3841 187 3910 alligitur
204 3842 290 3908 illum,
307 3847 341 3898 ut
357 3843 501 3912 compleret
518 3843 629 3900 Emebii
647 3843 861 3912 descriptionem,
879 3842 970 3910 aliqua
988 3841 1131 3896 addidisse.

128 3923 145 3991 'l
162 3921 216 3976 siti
235 3921 377 3976 missilia
401 3923 512 3976 ducenti
529 3929 586 3974 octo
604 3921 739 3987 dicuntur,
767 3921 813 3990 qui
832 3922 865 3976 ob
883 3921 1104 3987 imbecillitatem,
1124 3921 1164 3974 in·

67 3997 205 4056 irnitstem
223 4001 267 4056 rel
286 4007 453 4056 senectutem
472 4001 591 4056 Concilio
610 4001 727 4057 Nicaeno
751 4002 845 4056 adesse
864 4018 916 4055 non
934 4007 1091 4071 potuerunt.
1122 4001 1165 4054 Ex

68 4091 111 4142 nso
125 4079 177 4135 loco
195 4085 319 4145 constat,
337 4085 448 4150 praeter
471 4082 626 4151 catalogum
654 4085 805 4136 tercentum
832 4079 922 4138 decem
941 4087 970 4135 et
988 4087 1047 4135 octo
1066 4080 1166 4148 episco

68 4171 145 4221 tortu
161 4161 206 4228 qui
225 4161 347 4216 Concilio
364 4161 482 4216 Niceeno
501 4161 655 4228 edmerum,
679 4163 747 4218 alios
766 4162 894 4216 ducentos
913 4167 973 4215 octo
992 4161 1088 4215 Patres
1107 4161 1165 4231 ejus

67 4237 130 4294 lctis
145 4241 327 4311 mberipsisse,
347 4253 460 4310 quornm
478 4242 619 4312 catalogus
637 4242 794 4312 deperditus
812 4247 862 4298 est
