2924 4818
446 499 635 556 Controversia
652 499 685 554 ds
703 498 843 556 Paucae.

603 648 687 712 m.

207 731 275 835 De
300 772 634 838 contraeas-sto
666 769 798 835 circu
825 768 1079 836 Paschatts

455 890 831 982 ocqeorajteoaem.

178 1033 227 1098 63.
251 1029 322 1097 Sub
351 1031 545 1116 pontificatu
576 1035 609 1100 S.
641 1033 786 1097 Victoris
818 1031 1047 1098 vehementius
1076 1035 1200 1098 exemit
1223 1054 1345 1104 omoious-

95 1128 223 1193 celsbris
245 1131 469 1194 controversia
493 1130 534 1194 de
564 1130 784 1195 celebratione
807 1126 987 1193 Pasobatis.
1034 1129 1080 1194 Ut
1102 1150 1199 1215 quae·
1238 1113 1327 1156 ¹¹⁶⁰*

95 1227 202 1290 ationis
215 1225 343 1291 indoles
358 1225 569 1310 intelligatur,
587 1227 750 1314 simulque
765 1225 994 1312 perspiciatur,
1009 1247 1068 1290 cur
1084 1227 1200 1290 Victor

94 1323 179 1387 haud
194 1325 356 1388 immerito
379 1327 553 1406 censuerit,
578 1327 691 1409 vigore
715 1323 858 1410 quodam
883 1343 978 1388 usum
1003 1321 1198 1408 disciplinae

94 1419 252 1484 Romanae
268 1420 438 1485 Ecclesiae
462 1425 647 1508 oppositum
662 1421 910 1508 reprimendum
934 1441 1013 1500 esse,
1029 1421 1197 1506 aliquanto

92 1516 184 1581 altius
198 1539 264 1582 rem
281 1519 495 1604 repetendam
512 1541 582 1584 esse
598 1523 796 1585 censuimus.
820 1557 863 1566 —
886 1518 925 1582 In
941 1518 1087 1584 ecelesiis
1097 1518 1198 1582 Asiae

94 1616 220 1678 minoris
241 1615 432 1679 tendentiae
456 1617 588 1681 cuidam
612 1619 824 1698 occurrimus,
842 1637 908 1701 qus
930 1614 1027 1680 facile
1051 1613 1142 1682 ideas
1165 1625 1198 1679 ot

92 1713 169 1774 ritm
184 1711 395 1796 judaizantes
417 1713 584 1796 tenebant,
608 1725 642 1778 et
664 1715 845 1798 angustiori
869 1713 996 1777 ratione
1020 1713 1119 1778 etiam
1134 1721 1197 1776 trs-

91 1807 201 1872 ditioni
234 1808 336 1872 veluti
370 1810 412 1874 ad
445 1810 587 1874 litteram
619 1810 853 1876 adhaerebant.
900 1809 939 1874 Id
971 1811 1055 1874 sorte
1084 1831 1126 1873 ex
1158 1831 1196 1874 eo

90 1907 244 1990 provenit,
269 1905 358 1991 quod
382 1909 417 1970 in
440 1907 505 1971 illis
526 1908 717 1993 regionibus
737 1907 830 1972 multi
854 1907 974 1972 Judaei
1000 1903 1195 1974 hellenistioi

91 2001 319 2088 philosophicis
357 2003 541 2090 disciplinis
573 2003 695 2069 exculti
734 2005 777 2068 ad
809 2004 1090 2070 christianismum
1123 2026 1196 2069 con·

90 2100 169 2162 versi
192 2111 297 2165 erant.
342 2099 427 2164 Inde
459 2103 621 2166 connexio
654 2101 888 2167 christianismi
922 2121 997 2166 cum
1016 2099 1195 2187 judaismo,

91 2197 121 2259 in
142 2217 174 2260 se
197 2199 387 2276 verissima,
411 2197 591 2264 identidem
607 2201 748 2264 nimium
764 2198 958 2282 urgebatur,
981 2209 1080 2283 atque
1095 2199 1195 2262 etiam

91 2293 191 2356 minas
213 2303 292 2380 apte
314 2305 348 2358 et
370 2317 514 2379 congrue
544 2294 797 2380 intelligebatur.
843 2295 883 2362 In
907 2297 1130 2360 controversia
1153 2297 1194 2361 de

90 2387 242 2454 Paschate
264 2389 328 2454 hae
351 2392 540 2458 tendentiae
562 2395 739 2478 praecipue
763 2415 797 2456 se
820 2393 1081 2459 manifestarunt.

169 2487 224 2552 64.
249 2486 429 2554 Christiani
445 2490 595 2572 Romani,
615 2490 800 2576 reliquique
816 2511 930 2556 omncs
948 2490 1140 2557 Occidentis
1163 2503 1195 2556 et

88 2583 305 2664 pausarium
330 2584 489 2670 Orientis,
513 2587 684 2652 Paschatis
714 2609 807 2652 sacra
836 2589 882 2651 ita
908 2588 1126 2672 peragebant,
1158 2598 1195 2652 ut

87 2681 281 2764 respicerent
295 2681 367 2747 dics
380 2682 599 2749 hebdomadis
611 2684 862 2766 ecclesiasticae,
883 2685 1032 2770 adeoque
1055 2694 1193 2748 mortem
1219 2757 1223 2762 ¹

87 2772 202 2840 Christi
228 2773 359 2864 semper
381 2779 435 2844 die
467 2780 622 2861 Veneris,
653 2783 925 2847 resurrectionem
950 2801 1026 2846 vero
1051 2781 1105 2846 dis
1127 2781 1193 2845 Do-

87 2873 203 2936 minica
236 2873 449 2942 celebrarent.
505 2877 616 2958 Quum
657 2900 734 2942 vero
774 2877 925 2943 Christus
962 2879 1126 2944 Dominus
1158 2881 1193 2944 in

87 2967 241 3034 Puchate
254 2971 474 3054 Jndaeomm,
490 2975 574 3038 XIV
578 2981 592 3015 ⁰
618 2978 741 3040 mensis
756 2977 870 3054 Nisan,
885 2998 967 3062 opus
985 2977 1193 3062 Redemptio-

87 3065 132 3130 nis
161 3068 362 3153 perfecisset,
395 3074 495 3136 etiam
527 3072 626 3158 hujus
659 3073 725 3138 diei
758 3077 793 3138 in
816 3072 976 3137 Paschate
1008 3073 1192 3142 ordinando

86 3165 241 3229 rationem
265 3164 442 3250 habebant,
466 3171 513 3233 ita
542 3180 579 3233 ut
600 3172 715 3234 mortis
743 3181 777 3235 et
798 3173 1044 3236 resurrectionis
1069 3170 1191 3235 Christi

85 3257 198 3324 lestnm
223 3273 435 3346 perageretur
464 3266 517 3330 die
548 3268 728 3332 Veneticae
759 3268 811 3332 dic
827 3269 997 3332 Dominica
1019 3293 1098 3354 qaae
1115 3281 1192 3354 post

85 3355 162 3420 XIV
182 3359 291 3422 Nisae
317 3361 532 3444 seqreeboator.
580 3363 646 3428 Sed
669 3365 769 3428 Asiae
793 3366 929 3429 minoris
951 3375 984 3428 at
1006 3365 1191 3451 provincia·
1208 3379 1345 3429 suouet-

85 3475 150 3518 rum
176 3454 402 3540 adjacentium
424 3458 573 3545 plerique
596 3460 709 3526 fideles
725 3462 853 3527 Pascha
876 3458 1088 3527 celebrabant
1110 3483 1191 3528 sem-
1246 3450 1314 3479 '³⁸⁸⁰'

86 3570 138 3632 per
159 3550 215 3614 die
239 3551 322 3616 XIV
336 3557 464 3648 ¹mensis
488 3555 592 3622 Nisan
617 3579 693 3622 cum
708 3559 857 3642 Judaeis,
887 3557 1030 3644 indeque
1056 3558 1191 3632 Quarto-

85 3645 236 3712 deeimom'
248 3647 328 3712 dicti
345 3663 431 3717 sunt.
441 3691 485 3701 ——
499 3654 545 3718 At
564 3677 643 3720 vero
659 3678 725 3721 non
740 3666 869 3721 tantum
884 3656 993 3742 quoad
1007 3657 1110 3738 diem,
1131 3657 1190 3722 sed

85 3743 175 3808 mam
199 3745 309 3830 quoad
331 3747 548 3829 remearem,
572 3755 628 3838 qni
651 3753 804 3818 Paschati
827 3753 1053 3836 tribuebam·
1067 3755 1187 3824 dissen-

87 3839 127 3902 sio
156 3841 320 3926 quaedam
353 3856 432 3910 orat.
483 3847 714 3915 Occidentales
753 3871 827 3914 oum
867 3850 1023 3914 Romanis
1060 3850 1190 3918 Pascha

88 3937 280 4022 peragebant
304 3947 343 4000 ut
365 3938 484 4007 festum
509 3947 761 4011 Hesus-rectionis
783 3947 931 4026 Domini,
954 3957 1055 4033 atque
1077 3949 1111 4013 in
1125 3947 1189 4013 heo

89 4030 326 4100 demesticos
366 4037 445 4121 ipsis
483 4045 545 4106 sita
582 4053 677 4107 erant
713 4055 898 4108 omowatam
930 4053 962 4108 et
993 4045 1189 4111 excellentia

88 4149 206 4196 summa
221 4133 381 4197 festorum
397 4133 617 4206 Paschalium.
641 4139 748 4205 Aliter
769 4163 847 4205 vero
871 4163 940 4206 rem
957 4142 1189 4227 concipiebant

89 4225 371 4306 anodeeimani
404 4233 539 4318 Asiani,
581 4259 720 4323 quorum
760 4237 883 4325 duplex
922 4238 1034 4304 classis
1073 4261 1188 4308 versus
