2900 4800
218 437 272 494 438
591 439 632 492 De
650 453 733 492 caum
750 439 863 494 Honorii
881 441 914 496 R.
933 441 963 495 P.

219 582 277 647 las.
302 619 343 630 --
368 579 414 646 At
438 583 464 646 si
488 581 616 646 litterae
639 583 779 647 Houorii
812 585 845 646 in
875 606 909 648 se
932 583 1203 662 considerantur,
1228 593 1344 670 quate

220 703 282 744 nus
306 680 347 744 de
370 680 614 745 Incamationis
638 683 795 765 mysterio
818 681 852 744 in
878 681 995 746 iisdem
1019 681 1224 769 disputatur,
1249 703 1345 767 pree·

221 777 344 842 claram
376 799 455 863 prae
488 799 523 842 se
556 778 666 842 ferunt
689 778 858 843 doetrinae
891 777 1072 844 catholicae
1105 779 1343 862 cognitionem,

221 877 392 959 ingenium
419 875 652 964 disputationis
684 875 820 958 subtile,
849 887 883 941 et
905 877 995 942 haud
1019 875 1218 941 mediocrem
1243 895 1340 940 usum

221 984 253 1038 ct
276 973 495 1038 eruditionem
514 974 624 1060 quoad
639 973 696 1040 SS.
710 973 833 1056 Patres,
849 977 995 1039 maxime
1008 974 1041 1042 S.
1058 973 1286 1058 Augustinum
1309 985 1343 1038 et

220 1071 253 1137 S.
277 1071 433 1136 Leonem.
480 1072 608 1136 Horum
632 1073 720 1136 enim
740 1071 877 1136 Petrum
900 1071 1045 1136 indolem
1069 1083 1101 1136 et
1123 1071 1247 1156 stylum
1270 1071 1342 1157 plu·

220 1171 304 1233 rima
327 1169 476 1234 redolent
499 1171 534 1233 in
557 1169 623 1234 illis
646 1169 801 1256 epistolis.
847 1169 958 1256 Atque
981 1193 1024 1234 ex
1046 1170 1080 1236 S.
1104 1169 1254 1235 Maximo
1278 1169 1344 1234 dic·

221 1267 345 1348 cimus,
380 1266 546 1332 Joannem
578 1266 752 1348 abbatem,
786 1269 844 1353 qui
874 1268 1014 1332 Honorii
1052 1269 1186 1332 nomine
1222 1269 1341 1353 episto·

220 1364 268 1429 las
293 1362 364 1429 illas
388 1365 591 1450 composuit,
615 1366 725 1428 virum
741 1365 843 1430 luisse
857 1366 892 1430 in
914 1363 1014 1430 rebus
1036 1364 1231 1448 theologicis
1255 1365 1343 1430 bene

221 1471 407 1544 versatum,
432 1464 486 1548 qni
508 1461 666 1526 videlicet
697 1473 794 1526 tabem
821 1461 1016 1526 Occidentem
1044 1485 1113 1526 eum
1144 1461 1222 1526 obis
1244 1464 1344 1526 uirtu-

221 1559 321 1640 tibus,
346 1571 410 1624 tum
433 1559 628 1648 dopmuts'bnt
645 1559 725 1644 fidei
746 1561 937 1625 mannae
959 1558 1178 1644 illustrauit').

739 1873 818 1943 Π.

309 1998 379 2062 De
405 1998 712 2064 damnatione
734 1997 943 2062 Honortt
964 1997 1018 2062 tn
1040 1997 1251 2064 Concilio

544 2115 842 2180 oecumenico
868 2117 1011 2180 sente.

311 2245 364 2310 68.
389 2243 489 2310 Haud
523 2243 698 2309 mediocris
733 2242 912 2308 difficultas
935 2246 970 2308 in
997 2242 1206 2308 discutienda
1240 2263 1346 2308 causa

223 2342 364 2406 Honorii
387 2342 559 2408 Pontificio
583 2343 732 2426 exsurgit
754 2361 796 2406 ex
817 2341 1030 2408 damnatione
1052 2341 1119 2406 lata
1140 2361 1200 2427 per
1225 2337 1344 2404 Conci·

223 2439 305 2505 lium
329 2441 580 2506 oecumenicum
604 2449 753 2522 sextum,
776 2462 798 2503 a
821 2459 886 2526 qno
909 2439 1065 2525 epistolae
1089 2437 1177 2504 illius
1198 2438 1245 2502 ad
1269 2437 1343 2504 Ser·

223 2540 315 2624 gium
330 2537 525 2624 reprobatae
539 2545 629 2620 sunt,
645 2546 678 2601 et
694 2539 765 2623 ipse
777 2537 931 2602 Pontifex
945 2537 1155 2602 anathemate
1169 2535 1344 2621 perculsus

223 2646 282 2702 est.
329 2635 369 2700 In
399 2635 560 2722 ejusmodi
591 2637 755 2700 sentenia
787 2634 1002 2722 dijudicanda
1034 2635 1144 2700 varias
1172 2637 1207 2698 in
1230 2645 1345 2719 partes

222 2733 334 2800 abiere
367 2743 526 2800 auctores.
572 2735 796 2799 Protestantes
825 2743 924 2820 atque
955 2731 1122 2798 Gallicani
1154 2732 1345 2819 complures

222 2831 409 2897 Honorium
429 2833 505 2918 jure
529 2833 644 2896 meritc
668 2841 706 2894 ut
728 2829 930 2895 haereticum
953 2830 1147 2896 damnatum
1170 2851 1242 2894 esse
1265 2851 1344 2894 cen·

221 2930 380 3012 tendunt,
405 2940 504 3016 atque
537 2953 579 2994 ex
611 2928 674 2994 hoc
706 2929 793 2994 facto
816 2927 980 2994 Gallicani
1013 2927 1138 3015 aliique
1159 2927 1257 2992 Sedis
1280 2927 1343 2992 aa

222 3049 340 3093 manae
364 3030 612 3114 impugnatores
635 3029 897 3113 superioritatem
921 3025 1144 3092 Consiliorum
1167 3047 1270 3110 supra
1283 3025 1344 3090 Pa·

220 3147 298 3213 pam
323 3128 480 3192 evincere
504 3128 674 3208 nituntur,
698 3124 846 3212 illudque
869 3135 984 3190 contra
1006 3124 1220 3190 inerrantium
1246 3121 1345 3187 Sedis

220 3223 432 3311 Apostolicae
456 3233 584 3309 urgent.
632 3224 813 3305 Baronius,
843 3221 985 3287 Bianchi
1009 3221 1132 3307 aliique
1155 3222 1242 3284 varii
1265 3241 1343 3284 auc·

219 3333 306 3387 tores
349 3321 502 3388 catholici
539 3321 797 3403 contenderunt,
833 3321 919 3385 Acta
954 3318 1095 3384 Consilii
1134 3317 1342 3383 oecumenici

221 3422 325 3503 sexti,
350 3418 408 3485 ubi
432 3423 543 3506 agitur
566 3420 607 3485 de
632 3419 844 3485 damnatione
867 3419 1025 3500 Honorii,
1050 3439 1122 3482 esse
1143 3415 1343 3501 interpolata

221 3529 254 3583 ct
277 3527 444 3604 corrupta,
469 3539 657 3604 nomenque
688 3517 829 3582 Honorii
862 3517 949 3580 inter
980 3515 1115 3603 eosqui
1139 3513 1343 3580 damnantm

221 3626 334 3703 postea
357 3616 429 3682 loco
448 3614 614 3680 Theodori
638 3617 807 3680 insertum.
854 3613 921 3680 Sed
944 3613 1027 3678 haec
1051 3613 1214 3678 sententia
1237 3611 1342 3676 firmis

221 3714 311 3779 haud
344 3715 462 3778 nititur
488 3714 707 3800 argumentis,
741 3714 923 3798 meritoque
955 3733 1029 3776 eam
1059 3721 1169 3776 nostro
1192 3718 1341 3795 tempore

220 3819 371 3875 auctores
396 3813 616 3876 communiter
646 3811 811 3897 rejiciunt.
856 3807 1023 3874 Penacchi
1056 3811 1090 3873 in
1121 3807 1259 3872 laudato
1283 3827 1341 3872 sno

222 3932 319 3998 opere
344 3909 476 3993 statuit,
511 3929 628 3974 revera
658 3907 832 3973 orientales
856 3909 1026 3996 episcopos
1059 3909 1092 3971 in
1117 3905 1269 3972 Concilio
1293 3901 1339 3968 VI

222 4005 530 4094 epistolusHonorii
553 4016 591 4072 ut
612 4007 796 4072 haereticae
819 4005 1074 4088 condemnasse,
1098 4003 1156 4069 scd
1180 4027 1237 4070 eos
1261 4003 1337 4068 dum

221 4145 430 4154 -ι-ο-ιι-ο-ι

297 4211 316 4276 1)
335 4210 410 4277 Disp.
430 4195 489 4264 curo
508 4210 619 4278 Pyrrho.
