2810 4846
466 459 630 514 Convocatis
649 459 761 514 consilii.
1117 457 1174 510 937

66 605 319 691 suspenderetur,
344 603 401 668 sed
424 603 521 667 simul
537 602 747 687 significavit,
765 621 825 687 per
847 623 881 664 se
904 602 934 664 ei
959 601 1028 663 vim
1053 601 1169 681 inesse,

65 717 89 767 et
108 705 239 768 nonnisi
264 701 306 766 ob
331 701 547 766 desideratam
572 701 714 764 Nestorii
738 699 1000 784 resipiscentiam
1024 698 1173 782 benigna

65 803 244 868 oeconomia
277 819 349 863 eam
379 799 536 884 suspendi
566 821 670 884 posse.
718 797 861 882 Cyrillus
894 795 1050 860 videlieet
1073 817 1170 880 quae-

64 903 129 964 sivit
160 923 182 963 a
213 895 386 978 Pantilius,
419 905 524 960 utrum
556 909 666 962 sanda
699 894 845 982 Synodm
876 896 1013 980 resipere
1046 894 1174 957 deberet

62 999 202 1062 laninens
226 1019 248 1059 a
271 1017 302 1059 ss
321 994 513 1080 praedicato
542 995 764 1072 damnantem
797 1015 841 1056 an
872 994 947 1077 quia
970 991 1172 1056 induciarum

64 1107 173 1181 tenpus
195 1115 360 1170 emmaum,
385 1093 541 1156 sententia
562 1092 681 1155 dodum
703 1091 772 1155 lota
789 1090 951 1176 perduret.
982 1088 1175 1174 Respondet

63 1191 275 1256 Caelestinus:
303 1191 389 1254 Tuae
413 1190 455 1253 sit
476 1191 531 1253 lsoc
545 1191 725 1253 sanctitatis
743 1211 811 1251 suns
831 1187 1009 1252 ueneranda
1025 1187 1172 1272 fratr-sm

61 1290 194 1368 canalio,
218 1299 255 1354 ut
277 1289 340 1351 arti
370 1289 405 1350 in
427 1287 570 1352 Ecclena
601 1289 750 1372 strepitis
772 1286 1025 1370 comprimantur,
1049 1295 1080 1347 et
1092 1285 1172 1368 fini·

62 1399 117 1450 tun
144 1388 215 1450 Deo
237 1391 372 1476 jurante
404 1385 560 1469 nepotiana
588 1385 694 1448 uotism
723 1384 911 1447 aversatione
934 1382 1100 1446 diseamus.
1125 1431 1133 1446 .
1159 1427 1171 1442 .

62 1481 169 1548 &adea
201 1484 302 1568 quieti
330 1481 510 1558 catholicae,
541 1481 649 1544 studea
677 1481 842 1566 pacantis
873 1479 981 1558 saled,
1014 1482 1171 1546 sitamen

62 1581 187 1644 soluerit
210 1579 440 1665 aspritudinem
469 1579 617 1662 confiteri.
668 1577 760 1651 Quod
789 1577 861 1642 idea
893 1577 1035 1656 dicimus,
1058 1603 1096 1642 ne
1119 1601 1170 1643 aa·

62 1679 132 1742 lereti
154 1703 186 1742 se
210 1680 364 1762 corripere
379 1676 527 1762 forsitan
549 1676 653 1740 deesse
675 1676 858 1754 uideamur,·
880 1678 1006 1740 namot
1028 1689 1058 1740 et
1079 1677 1174 1744 nobis

60 1775 279 1840 emanantibus
301 1797 394 1838 namn
416 1776 526 1860 apium
549 1773 611 1836 sibi
627 1773 798 1850 addiderit,
822 1773 1002 1858 impleatur,
1025 1797 1169 1838 manen·

61 1873 153 1937 tibus
176 1875 333 1938 statutis
351 1871 562 1958 prioribus,
590 1872 642 1934 sui
656 1871 916 1958 fnsetujudicii,·
938 1871 1068 1956 callipot
1086 1873 1173 1958 quad

60 1971 138 2034 solco
161 1970 317 2034 diabolico
333 1969 507 2046 seminavit,
523 1991 586 2031 nan
600 1982 705 2033 nasto
722 1969 863 2046 consilio,
887 1969 942 2032 sed
956 1991 987 2032 se
1004 1971 1175 2054 periturus

60 2079 191 2130 suetan.
240 2066 362 2145 Probet,
386 2089 444 2132 nos
465 2066 583 2130 salaces
607 2068 707 2152 pedes
735 2067 778 2130 ad
801 2065 1021 2151 ejt'undeudsnn
1044 2069 1170 2154 sanqui-

61 2188 121 2227 nern
145 2187 210 2228 non
232 2163 353 2243 babere,
377 2163 503 2250 quaudo
527 2165 588 2228 sibi
617 2165 711 2228 etiarn
741 2164 910 2228 remedium
933 2177 1096 2251 cognotam
1119 2167 1172 2229 ab·

7 2269 9 2304 ²
59 2261 194 2348 latam).
244 2259 447 2326 Caelestinus
477 2263 578 2346 igitur
599 2261 701 2326 latam
733 2264 928 2326 sententiam
952 2261 1041 2327 haud
1067 2262 1169 2326 veluti

58 2383 111 2444 per
144 2381 178 2424 se
211 2381 402 2444 suspensam
435 2359 476 2424 ob
501 2361 770 2424 convocationem
795 2358 935 2424 Consilii
966 2360 1172 2444 considerat;

59 2459 109 2522 sed
144 2479 187 2522 ex
222 2457 425 2542 benignitate
457 2457 529 2522 vult
561 2460 788 2522 executionem
814 2457 937 2522 differri
971 2467 1003 2521 et
1026 2461 1168 2543 spatium

60 2555 208 2620 mucedit
231 2557 433 2638 surrectioni,
457 2577 556 2642 quam
589 2579 609 2620 a
632 2557 781 2620 Nestoris
812 2575 874 2640 ape
898 2553 1037 2620 Consilii
1062 2579 1171 2642 spera-

7 2651 8 2742 ᾖ
61 2651 122 2718 bat.
170 2654 303 2717 Interea
333 2663 461 2736 tumen,
495 2675 562 2718 non
584 2655 742 2739 requisita
765 2651 891 2736 Synadi
920 2653 1169 2738 approbatione,

7 2745 9 2840 l
56 2749 146 2834 jubet
168 2751 266 2815 firma
288 2773 421 2816 manere
444 2773 504 2816 sua
526 2753 636 2837 priora
656 2751 798 2832 desueta,
822 2752 885 2813 nisi
908 2750 1079 2814 Nestorius
1102 2774 1173 2815 sar-

59 2851 190 2932 rigatnr.
239 2849 293 2914 Sis
326 2850 586 2936 independenter
617 2848 808 2914 aCansilia
837 2846 1042 2912 Caelestinus
1074 2871 1168 2912 suam

60 2951 174 3012 exserit
208 2948 445 3029 auctoritatem,
487 2957 519 3011 et
559 2946 655 3010 simul
693 2945 902 3032 Apostolisae
934 2946 1172 3012 moderationis

59 3045 224 3128 praeclara
248 3043 371 3110 indisia
395 3045 538 3109 exhibet.
564 3043 729 3130 Suspenso
743 3045 901 3108 remansit
924 3046 1074 3108 executio
1098 3067 1171 3108 seu-

60 3145 175 3208 tentiae
201 3141 410 3226 Apostolisae
442 3142 528 3206 latae
561 3145 595 3206 in
618 3143 806 3206 Nestorium
840 3163 882 3204 ex
905 3141 1041 3206 consilia
1065 3143 1169 3227 ipsius

60 3238 249 3321 Caelestini,
284 3261 325 3304 ex
355 3241 535 3305 deferentia
568 3242 607 3304 iis
640 3237 842 3325 temporibus
875 3240 1059 3302 necessaria
1090 3261 1171 3324 erga

56 3337 235 3420 jussionem
258 3339 418 3423 prinsipis
441 3337 482 3402 de
503 3337 653 3402 Ecclesia
677 3348 709 3401 et
732 3337 797 3401 fide
822 3335 983 3400 catholiea
1007 3357 1085 3402 vere
1108 3337 1169 3402 sal·

61 3433 144 3518 liciti,
181 3438 282 3502 etiam
312 3436 356 3500 ad
387 3436 630 3500 terminandam
670 3435 876 3500 concorditer
907 3455 983 3497 sum
1015 3435 1170 3499 omnibus

61 3555 188 3599 seusam
223 3533 264 3598 de
296 3555 435 3619 persana
466 3534 628 3614 Nestorii,
667 3553 733 3597 non
767 3553 845 3596 vera
878 3534 956 3618 quia
979 3543 1170 3618 exspectata

61 3628 196 3696 Consilii
230 3633 407 3696 auotoritas
437 3653 496 3717 per
519 3653 562 3713 se,
597 3641 629 3695 et
652 3633 745 3717 quasi
779 3651 821 3694 ex
845 3632 1028 3694 necessaria
1047 3629 1168 3716 judieii

60 3727 167 3812 farma,
194 3727 370 3794 Caelestini
395 3731 589 3794 sententiam
614 3732 648 3794 in
672 3750 828 3814 suspenso
851 3727 1092 3814 relinquerer).

140 3827 197 3891 64.
222 3827 565 3892 Animadvertendum
590 3847 685 3912 porro
716 3835 773 3907 est,
799 3824 1020 3890 Caelestinum
1044 3848 1102 3911 per
1125 3825 1339 3892 le-unmnuoson

61 3935 146 3998 astas
180 3945 256 3988 suas
289 3926 335 3988 ita
368 3925 483 4010 egisse,
516 3935 640 3988 utnon
673 3924 810 3988 haberet
832 3923 974 3988 Nestorii
998 3926 1168 4008 negotium
1211 3909 1302 3951 'lm‘

127 4157 136 4188 i

127 4157 152 4306 ¹i
168 4153 396 4300 bicubibalblul
421 4233 462 4288 us
481 4238 581 4286 cucur.
600 4231 675 4286 som.
694 4231 773 4286 Pons.
792 4233 864 4287 rom.
887 4234 922 4286 u.
943 4251 999 4302 ap.
1018 4233 1079 4288 vu.
1099 4235 1123 4304 s
1142 4235 1168 4288 a
