<?xml version="1.0" encoding="UTF-8"?>
<!DOCTYPE html PUBLIC "-//W3C//DTD XHTML 1.0 Transitional//EN"
    "http://www.w3.org/TR/xhtml1/DTD/xhtml1-transitional.dtd">
<html xmlns="http://www.w3.org/1999/xhtml" xml:lang="en" lang="en">
 <head>
  <title>
</title>
<meta http-equiv="Content-Type" content="text/html;charset=utf-8" />
  <meta name='ocr-system' content='tesseract 3.04.00' />
  <meta name='ocr-capabilities' content='ocr_page ocr_carea ocr_par ocr_line ocrx_word'/>
</head>
<body>
  <div class='ocr_page' id='page_1' title='image "./dissertationess02junggoog_0239.png"; bbox 0 0 2852 4826; ppageno 0'>
   <div class='ocr_carea' id='block_1_1' title="bbox 266 507 1047 576">
    <p class='ocr_par' dir='ltr' id='par_1_1' title="bbox 266 507 1047 576">
     <span class='ocr_line' id='line_1_1' title="bbox 266 507 1047 576; baseline -0.003 -12"><span class='ocrx_word' id='word_1_1' title='bbox 266 511 321 564; x_wconf 71' lang='lat'>930</span> <span class='ocrx_word' id='word_1_2' title='bbox 603 507 644 562; x_wconf 89' lang='lat' dir='ltr'>De</span> <span class='ocrx_word' id='word_1_3' title='bbox 662 509 748 576; x_wconf 80' lang='lat' dir='ltr'>Opere</span> <span class='ocrx_word' id='word_1_4' title='bbox 765 507 1047 576; x_wconf 83' lang='lat' dir='ltr'>Philosophonmenon.</span> 
     </span>
    </p>
   </div>
   <div class='ocr_carea' id='block_1_2' title="bbox 246 649 1371 4048">
    <p class='ocr_par' dir='ltr' id='par_1_2' title="bbox 246 649 1371 2102">
     <span class='ocr_line' id='line_1_2' title="bbox 262 649 1369 736; baseline -0.003 -20"><span class='ocrx_word' id='word_1_5' title='bbox 262 660 415 716; x_wconf 84' lang='lat' dir='ltr'>accurate</span> <span class='ocrx_word' id='word_1_6' title='bbox 446 651 646 714; x_wconf 85' lang='lat' dir='ltr'>excrevisset</span> <span class='ocrx_word' id='word_1_7' title='bbox 676 672 715 714; x_wconf 91' lang='lat' dir='ltr'>ea</span> <span class='ocrx_word' id='word_1_8' title='bbox 748 672 832 736; x_wconf 91' lang='lat' dir='ltr'>quae</span> <span class='ocrx_word' id='word_1_9' title='bbox 865 671 942 714; x_wconf 89' lang='lat' dir='ltr'>vere</span> <span class='ocrx_word' id='word_1_10' title='bbox 971 671 1011 715; x_wconf 91' lang='lat' dir='ltr'>ao</span> <span class='ocrx_word' id='word_1_11' title='bbox 1034 659 1131 732; x_wconf 88' lang='lat' dir='ltr'>recte,</span> <span class='ocrx_word' id='word_1_12' title='bbox 1159 649 1202 714; x_wconf 89' lang='lat' dir='ltr'>ab</span> <span class='ocrx_word' id='word_1_13' title='bbox 1226 651 1270 714; x_wconf 89' lang='lat' dir='ltr'>iis</span> <span class='ocrx_word' id='word_1_14' title='bbox 1290 671 1369 736; x_wconf 89' lang='lat' dir='ltr'>quae</span> 
     </span>
     <span class='ocr_line' id='line_1_3' title="bbox 261 746 1371 835; baseline -0.005 -20"><span class='ocrx_word' id='word_1_15' title='bbox 261 769 433 835; x_wconf 77' lang='lat' dir='ltr'><strong>perperam</strong></span> <span class='ocrx_word' id='word_1_16' title='bbox 475 748 577 812; x_wconf 90' lang='lat' dir='ltr'>iidem</span> <span class='ocrx_word' id='word_1_17' title='bbox 617 746 803 834; x_wconf 76' lang='lat' dir='ltr'>philosophi</span> <span class='ocrx_word' id='word_1_18' title='bbox 836 749 1050 832; x_wconf 81' lang='lat' dir='ltr'>protulerunt.</span> <span class='ocrx_word' id='word_1_19' title='bbox 1111 746 1210 828; x_wconf 80' lang='lat' dir='ltr'>Quod</span> <span class='ocrx_word' id='word_1_20' title='bbox 1252 747 1371 812; x_wconf 80' lang='lat' dir='ltr'><strong>Auctor</strong></span> 
     </span>
     <span class='ocr_line' id='line_1_4' title="bbox 261 843 1370 931; baseline -0.004 -20"><span class='ocrx_word' id='word_1_21' title='bbox 261 857 371 912; x_wconf 90' lang='lat' dir='ltr'>noster</span> <span class='ocrx_word' id='word_1_22' title='bbox 402 844 589 910; x_wconf 85' lang='lat' dir='ltr'>nullatenus</span> <span class='ocrx_word' id='word_1_23' title='bbox 620 845 792 931; x_wconf 87' lang='lat' dir='ltr'>praestitit.</span> <span class='ocrx_word' id='word_1_24' title='bbox 839 845 967 910; x_wconf 84' lang='lat' dir='ltr'><strong>Habuit</strong></span> <span class='ocrx_word' id='word_1_25' title='bbox 1000 845 1160 930; x_wconf 77' lang='lat' dir='ltr'><strong>Origenes</strong></span> <span class='ocrx_word' id='word_1_26' title='bbox 1192 845 1293 908; x_wconf 88' lang='lat' dir='ltr'>etiam</span> <span class='ocrx_word' id='word_1_27' title='bbox 1319 843 1370 908; x_wconf 85' lang='lat' dir='ltr'>nli-</span> 
     </span>
     <span class='ocr_line' id='line_1_5' title="bbox 261 939 1369 1031; baseline -0.004 -23"><span class='ocrx_word' id='word_1_28' title='bbox 261 966 342 1031; x_wconf 86' lang='lat' dir='ltr'>quas</span> <span class='ocrx_word' id='word_1_29' title='bbox 366 943 547 1030; x_wconf 84' lang='lat' dir='ltr'>opiniones,</span> <span class='ocrx_word' id='word_1_30' title='bbox 573 951 609 1005; x_wconf 95' lang='lat' dir='ltr'>ut</span> <span class='ocrx_word' id='word_1_31' title='bbox 631 941 722 1006; x_wconf 92' lang='lat' dir='ltr'>illam</span> <span class='ocrx_word' id='word_1_32' title='bbox 746 942 788 1006; x_wconf 90' lang='lat' dir='ltr'>de</span> <span class='ocrx_word' id='word_1_33' title='bbox 816 939 1062 1008; x_wconf 78' lang='grc' dir='ltr'><strong><em>ἀποκατάστασι</em></strong></span> <span class='ocrx_word' id='word_1_34' title='bbox 1090 965 1147 1008; x_wconf 91' lang='lat' dir='ltr'>seu</span> <span class='ocrx_word' id='word_1_35' title='bbox 1170 943 1369 1006; x_wconf 78' lang='lat' dir='ltr'>restitutione</span> 
     </span>
     <span class='ocr_line' id='line_1_6' title="bbox 246 1038 1369 1125; baseline -0.002 -21"><span class='ocrx_word' id='word_1_36' title='bbox 246 1043 419 1122; x_wconf 51' lang='lat' dir='ltr'>¹omnium,</span> <span class='ocrx_word' id='word_1_37' title='bbox 444 1062 529 1125; x_wconf 89' lang='lat' dir='ltr'>quae</span> <span class='ocrx_word' id='word_1_38' title='bbox 553 1041 723 1104; x_wconf 79' lang='lat' dir='ltr'>sententiis</span> <span class='ocrx_word' id='word_1_39' title='bbox 751 1038 869 1124; x_wconf 91' lang='lat' dir='ltr'>Operis</span> <span class='ocrx_word' id='word_1_40' title='bbox 899 1042 1001 1105; x_wconf 85' lang='lat' dir='ltr'>nostri</span> <span class='ocrx_word' id='word_1_41' title='bbox 1030 1041 1284 1114; x_wconf 77' lang='lat' dir='ltr'>adversantur..</span> <span class='ocrx_word' id='word_1_42' title='bbox 1306 1039 1369 1124; x_wconf 86' lang='lat' dir='ltr'>Spi-</span> 
     </span>
     <span class='ocr_line' id='line_1_7' title="bbox 260 1135 1369 1222; baseline -0.004 -20"><span class='ocrx_word' id='word_1_43' title='bbox 260 1148 335 1204; x_wconf 89' lang='lat' dir='ltr'>rant</span> <span class='ocrx_word' id='word_1_44' title='bbox 358 1159 435 1202; x_wconf 88' lang='lat' dir='ltr'>vero</span> <span class='ocrx_word' id='word_1_45' title='bbox 460 1139 633 1201; x_wconf 88' lang='lat' dir='ltr'>universae</span> <span class='ocrx_word' id='word_1_46' title='bbox 657 1137 811 1220; x_wconf 91' lang='lat' dir='ltr'>Origenis</span> <span class='ocrx_word' id='word_1_47' title='bbox 840 1135 1085 1222; x_wconf 87' lang='lat' dir='ltr'>disquisitiones</span> <span class='ocrx_word' id='word_1_48' title='bbox 1109 1139 1275 1202; x_wconf 89' lang='lat' dir='ltr'>mitissimi</span> <span class='ocrx_word' id='word_1_49' title='bbox 1297 1135 1369 1200; x_wconf 91' lang='lat' dir='ltr'>leui·</span> 
     </span>
     <span class='ocr_line' id='line_1_8' title="bbox 261 1231 1370 1320; baseline -0.004 -20"><span class='ocrx_word' id='word_1_50' title='bbox 261 1244 361 1300; x_wconf 87' lang='lat' dir='ltr'>tatem</span> <span class='ocrx_word' id='word_1_51' title='bbox 394 1236 538 1320; x_wconf 89' lang='lat' dir='ltr'>ingenii,</span> <span class='ocrx_word' id='word_1_52' title='bbox 572 1234 652 1298; x_wconf 89' lang='lat' dir='ltr'>dum</span> <span class='ocrx_word' id='word_1_53' title='bbox 691 1233 819 1297; x_wconf 89' lang='lat' dir='ltr'>Auctor</span> <span class='ocrx_word' id='word_1_54' title='bbox 851 1231 1197 1320; x_wconf 89' lang='lat' dir='ltr'>Philosophoumenon</span> <span class='ocrx_word' id='word_1_55' title='bbox 1232 1234 1370 1298; x_wconf 88' lang='lat' dir='ltr'>ardentis</span> 
     </span>
     <span class='ocr_line' id='line_1_9' title="bbox 260 1329 1369 1419; baseline -0.004 -22"><span class='ocrx_word' id='word_1_56' title='bbox 260 1355 339 1419; x_wconf 89' lang='lat' dir='ltr'>prae</span> <span class='ocrx_word' id='word_1_57' title='bbox 372 1355 405 1397; x_wconf 90' lang='lat' dir='ltr'>se</span> <span class='ocrx_word' id='word_1_58' title='bbox 438 1333 501 1396; x_wconf 78' lang='lat' dir='ltr'>sert</span> <span class='ocrx_word' id='word_1_59' title='bbox 532 1332 636 1396; x_wconf 89' lang='lat' dir='ltr'>animi</span> <span class='ocrx_word' id='word_1_60' title='bbox 669 1331 922 1396; x_wconf 81' lang='lat' dir='ltr'>vehementiam.</span> <span class='ocrx_word' id='word_1_61' title='bbox 969 1331 1083 1398; x_wconf 83' lang='lat' dir='ltr'>Talem</span> <span class='ocrx_word' id='word_1_62' title='bbox 1116 1341 1281 1418; x_wconf 90' lang='lat' dir='ltr'>postremo</span> <span class='ocrx_word' id='word_1_63' title='bbox 1313 1329 1369 1394; x_wconf 91' lang='lat' dir='ltr'>sibi</span> 
     </span>
     <span class='ocr_line' id='line_1_10' title="bbox 260 1423 1369 1513; baseline -0.002 -21"><span class='ocrx_word' id='word_1_64' title='bbox 260 1430 410 1494; x_wconf 89' lang='lat' dir='ltr'>vindicat</span> <span class='ocrx_word' id='word_1_65' title='bbox 428 1429 483 1495; x_wconf 89' lang='lat' dir='ltr'>hic</span> <span class='ocrx_word' id='word_1_66' title='bbox 506 1439 621 1493; x_wconf 90' lang='lat' dir='ltr'>auctor</span> <span class='ocrx_word' id='word_1_67' title='bbox 644 1423 828 1512; x_wconf 82' lang='grc' dir='ltr'><em>ἀρχιερειάς,</em></span> <span class='ocrx_word' id='word_1_68' title='bbox 853 1431 1047 1513; x_wconf 75' lang='lat' dir='ltr'>magisterii,</span> <span class='ocrx_word' id='word_1_69' title='bbox 1073 1429 1243 1494; x_wconf 85' lang='lat' dir='ltr'>custodiae</span> <span class='ocrx_word' id='word_1_70' title='bbox 1266 1428 1369 1494; x_wconf 85' lang='lat' dir='ltr'>Eccle-</span> 
     </span>
     <span class='ocr_line' id='line_1_11' title="bbox 261 1523 1369 1614; baseline -0.006 -22"><span class='ocrx_word' id='word_1_71' title='bbox 261 1531 327 1592; x_wconf 86' lang='lat' dir='ltr'>siae</span> <span class='ocrx_word' id='word_1_72' title='bbox 352 1527 556 1612; x_wconf 87' lang='lat' dir='ltr'>dignitatem,</span> <span class='ocrx_word' id='word_1_73' title='bbox 581 1536 618 1590; x_wconf 91' lang='lat' dir='ltr'>ut</span> <span class='ocrx_word' id='word_1_74' title='bbox 640 1525 765 1590; x_wconf 83' lang='lat' dir='ltr'>dixeris</span> <span class='ocrx_word' id='word_1_75' title='bbox 798 1523 851 1588; x_wconf 89' lang='lat' dir='ltr'>vel</span> <span class='ocrx_word' id='word_1_76' title='bbox 884 1547 960 1592; x_wconf 91' lang='lat' dir='ltr'>eum</span> <span class='ocrx_word' id='word_1_77' title='bbox 984 1526 1083 1591; x_wconf 88' lang='lat' dir='ltr'>fuisse</span> <span class='ocrx_word' id='word_1_78' title='bbox 1106 1529 1300 1614; x_wconf 88' lang='lat' dir='ltr'>episcopum</span> <span class='ocrx_word' id='word_1_79' title='bbox 1322 1523 1369 1586; x_wconf 87' lang='lat' dir='ltr'>vel</span> 
     </span>
     <span class='ocr_line' id='line_1_12' title="bbox 261 1623 1368 1709; baseline -0.005 -19"><span class='ocrx_word' id='word_1_80' title='bbox 261 1625 375 1690; x_wconf 87' lang='lat' dir='ltr'>saltem</span> <span class='ocrx_word' id='word_1_81' title='bbox 389 1647 546 1708; x_wconf 86' lang='lat' dir='ltr'>arrogans</span> <span class='ocrx_word' id='word_1_82' title='bbox 569 1624 722 1688; x_wconf 79' lang='lat' dir='ltr'>factionis</span> <span class='ocrx_word' id='word_1_83' title='bbox 739 1631 848 1709; x_wconf 90' lang='lat' dir='ltr'>caput.</span> <span class='ocrx_word' id='word_1_84' title='bbox 895 1623 1055 1708; x_wconf 85' lang='lat' dir='ltr'>Origenes</span> <span class='ocrx_word' id='word_1_85' title='bbox 1078 1633 1190 1688; x_wconf 90' lang='lat' dir='ltr'>autem</span> <span class='ocrx_word' id='word_1_86' title='bbox 1214 1625 1368 1708; x_wconf 84' lang='lat' dir='ltr'>faitpres·</span> 
     </span>
     <span class='ocr_line' id='line_1_13' title="bbox 259 1721 1367 1808; baseline -0.005 -21"><span class='ocrx_word' id='word_1_87' title='bbox 259 1723 357 1808; x_wconf 84' lang='lat' dir='ltr'>bytcr</span> <span class='ocrx_word' id='word_1_88' title='bbox 389 1722 524 1786; x_wconf 90' lang='lat' dir='ltr'>secundi</span> <span class='ocrx_word' id='word_1_89' title='bbox 559 1721 702 1804; x_wconf 84' lang='lat' dir='ltr'>ordinis,</span> <span class='ocrx_word' id='word_1_90' title='bbox 736 1742 798 1785; x_wconf 88' lang='lat' dir='ltr'>nec</span> <span class='ocrx_word' id='word_1_91' title='bbox 830 1743 977 1806; x_wconf 87' lang='lat' dir='ltr'>unquam</span> <span class='ocrx_word' id='word_1_92' title='bbox 1010 1721 1160 1785; x_wconf 83' lang='lat' dir='ltr'>auditmn</span> <span class='ocrx_word' id='word_1_93' title='bbox 1200 1730 1267 1802; x_wconf 89' lang='lat' dir='ltr'>est,</span> <span class='ocrx_word' id='word_1_94' title='bbox 1299 1739 1367 1782; x_wconf 87' lang='lat' dir='ltr'>eum</span> 
     </span>
     <span class='ocr_line' id='line_1_14' title="bbox 261 1817 1367 1907; baseline -0.008 -21"><span class='ocrx_word' id='word_1_95' title='bbox 261 1831 368 1886; x_wconf 89' lang='lat' dir='ltr'>sectae</span> <span class='ocrx_word' id='word_1_96' title='bbox 396 1821 580 1907; x_wconf 88' lang='lat' dir='ltr'>principem</span> <span class='ocrx_word' id='word_1_97' title='bbox 609 1842 643 1884; x_wconf 89' lang='lat' dir='ltr'>se</span> <span class='ocrx_word' id='word_1_98' title='bbox 675 1820 892 1884; x_wconf 87' lang='lat' dir='ltr'>constituisse.</span> <span class='ocrx_word' id='word_1_99' title='bbox 940 1817 1118 1902; x_wconf 90' lang='lat' dir='ltr'>Origenem</span> <span class='ocrx_word' id='word_1_100' title='bbox 1142 1820 1246 1903; x_wconf 90' lang='lat' dir='ltr'>igitur</span> <span class='ocrx_word' id='word_1_101' title='bbox 1268 1817 1367 1882; x_wconf 90' lang='lat' dir='ltr'>elucu-</span> 
     </span>
     <span class='ocr_line' id='line_1_15' title="bbox 261 1915 1368 2002; baseline -0.009 -18"><span class='ocrx_word' id='word_1_102' title='bbox 261 1919 419 1984; x_wconf 87' lang='lat' dir='ltr'>brationis</span> <span class='ocrx_word' id='word_1_103' title='bbox 456 1927 585 1983; x_wconf 88' lang='lat' dir='ltr'>nostrae</span> <span class='ocrx_word' id='word_1_104' title='bbox 617 1925 785 1980; x_wconf 82' lang='lat' dir='ltr'>auctorem</span> <span class='ocrx_word' id='word_1_105' title='bbox 822 1938 888 1981; x_wconf 90' lang='lat' dir='ltr'>nou</span> <span class='ocrx_word' id='word_1_106' title='bbox 912 1937 991 1998; x_wconf 88' lang='lat' dir='ltr'>esse,</span> <span class='ocrx_word' id='word_1_107' title='bbox 1030 1917 1146 1980; x_wconf 90' lang='lat' dir='ltr'>merito</span> <span class='ocrx_word' id='word_1_108' title='bbox 1179 1915 1368 2002; x_wconf 80' lang='lat' dir='ltr'>judicarimt</span> 
     </span>
     <span class='ocr_line' id='line_1_16' title="bbox 260 2011 1055 2102; baseline -0.003 -22"><span class='ocrx_word' id='word_1_109' title='bbox 260 2017 390 2098; x_wconf 89' lang='lat' dir='ltr'>eruditi,</span> <span class='ocrx_word' id='word_1_110' title='bbox 415 2018 471 2102; x_wconf 90' lang='lat' dir='ltr'>qui</span> <span class='ocrx_word' id='word_1_111' title='bbox 494 2016 599 2080; x_wconf 87' lang='lat' dir='ltr'>fusius</span> <span class='ocrx_word' id='word_1_112' title='bbox 622 2014 685 2079; x_wconf 89' lang='lat' dir='ltr'>hac</span> <span class='ocrx_word' id='word_1_113' title='bbox 708 2013 750 2078; x_wconf 91' lang='lat' dir='ltr'>de</span> <span class='ocrx_word' id='word_1_114' title='bbox 773 2035 808 2078; x_wconf 93' lang='lat' dir='ltr'>re</span> <span class='ocrx_word' id='word_1_115' title='bbox 831 2011 1055 2099; x_wconf 70' lang='lat' dir='ltr'>hacmrunt.¹)</span> 
     </span>
    </p>

    <p class='ocr_par' dir='ltr' id='par_1_3' title="bbox 258 2109 1365 4048">
     <span class='ocr_line' id='line_1_17' title="bbox 351 2109 1365 2192; baseline -0.008 -14"><span class='ocrx_word' id='word_1_116' title='bbox 351 2114 401 2179; x_wconf 81' lang='lat'>70.</span> <span class='ocrx_word' id='word_1_117' title='bbox 425 2113 503 2179; x_wconf 86' lang='lat' dir='ltr'>Jam</span> <span class='ocrx_word' id='word_1_118' title='bbox 518 2114 691 2176; x_wconf 87' lang='lat' dir='ltr'>veniamus</span> <span class='ocrx_word' id='word_1_119' title='bbox 705 2111 748 2176; x_wconf 87' lang='lat' dir='ltr'>ad</span> <span class='ocrx_word' id='word_1_120' title='bbox 772 2109 799 2175; x_wconf 86' lang='lat' dir='ltr'>O</span> <span class='ocrx_word' id='word_1_121' title='bbox 815 2133 835 2176; x_wconf 87' lang='lat' dir='ltr'>a</span> <span class='ocrx_word' id='word_1_122' title='bbox 849 2112 860 2173; x_wconf 92' lang='lat' dir='ltr'>i</span> <span class='ocrx_word' id='word_1_123' title='bbox 875 2133 897 2174; x_wconf 93' lang='lat' dir='ltr'>u</span> <span class='ocrx_word' id='word_1_124' title='bbox 911 2132 944 2175; x_wconf 91' lang='lat' dir='ltr'>m</span> <span class='ocrx_word' id='word_1_125' title='bbox 964 2121 996 2175; x_wconf 91' lang='lat' dir='ltr'>et</span> <span class='ocrx_word' id='word_1_126' title='bbox 1011 2111 1251 2192; x_wconf 85' lang='lat' dir='ltr'>examinemus,</span> <span class='ocrx_word' id='word_1_127' title='bbox 1266 2119 1365 2172; x_wconf 75' lang='lat' dir='ltr'>uuum</span> 
     </span>
     <span class='ocr_line' id='line_1_18' title="bbox 260 2206 1365 2294; baseline -0.009 -18"><span class='ocrx_word' id='word_1_128' title='bbox 260 2220 454 2294; x_wconf 86' lang='lat' dir='ltr'>argumenta</span> <span class='ocrx_word' id='word_1_129' title='bbox 476 2209 586 2274; x_wconf 85' lang='lat' dir='ltr'>adsint</span> <span class='ocrx_word' id='word_1_130' title='bbox 609 2208 728 2289; x_wconf 91' lang='lat' dir='ltr'>solida,</span> <span class='ocrx_word' id='word_1_131' title='bbox 753 2218 789 2271; x_wconf 93' lang='lat' dir='ltr'>ut</span> <span class='ocrx_word' id='word_1_132' title='bbox 812 2210 881 2293; x_wconf 90' lang='lat' dir='ltr'>ipse</span> <span class='ocrx_word' id='word_1_133' title='bbox 905 2217 1019 2272; x_wconf 87' lang='lat' dir='ltr'>auctor</span> <span class='ocrx_word' id='word_1_134' title='bbox 1041 2207 1117 2272; x_wconf 91' lang='lat' dir='ltr'>libri</span> <span class='ocrx_word' id='word_1_135' title='bbox 1139 2206 1365 2292; x_wconf 89' lang='lat' dir='ltr'>Philosophou-</span> 
     </span>
     <span class='ocr_line' id='line_1_19' title="bbox 262 2306 1365 2391; baseline -0.008 -20"><span class='ocrx_word' id='word_1_136' title='bbox 262 2330 381 2373; x_wconf 89' lang='lat' dir='ltr'>menon</span> <span class='ocrx_word' id='word_1_137' title='bbox 405 2317 586 2372; x_wconf 86' lang='lat' dir='ltr'>censeatur.</span> <span class='ocrx_word' id='word_1_138' title='bbox 614 2306 677 2371; x_wconf 92' lang='lat' dir='ltr'>Pro</span> <span class='ocrx_word' id='word_1_139' title='bbox 702 2307 772 2391; x_wconf 90' lang='lat' dir='ltr'>ipso</span> <span class='ocrx_word' id='word_1_140' title='bbox 797 2307 988 2390; x_wconf 88' lang='lat' dir='ltr'>praesertim</span> <span class='ocrx_word' id='word_1_141' title='bbox 1012 2327 1051 2368; x_wconf 89' lang='lat' dir='ltr'>ea</span> <span class='ocrx_word' id='word_1_142' title='bbox 1073 2306 1268 2384; x_wconf 89' lang='lat' dir='ltr'>afferuntur,</span> <span class='ocrx_word' id='word_1_143' title='bbox 1291 2323 1365 2389; x_wconf 87' lang='lat' dir='ltr'>quae</span> 
     </span>
     <span class='ocr_line' id='line_1_20' title="bbox 261 2401 1364 2490; baseline -0.007 -20"><span class='ocrx_word' id='word_1_144' title='bbox 261 2407 410 2490; x_wconf 88' lang='lat' dir='ltr'>superius</span> <span class='ocrx_word' id='word_1_145' title='bbox 447 2427 489 2468; x_wconf 86' lang='lat' dir='ltr'>ex</span> <span class='ocrx_word' id='word_1_146' title='bbox 520 2403 638 2468; x_wconf 90' lang='lat' dir='ltr'>Photio</span> <span class='ocrx_word' id='word_1_147' title='bbox 676 2405 861 2468; x_wconf 82' lang='lat' dir='ltr'>citavimus.</span> <span class='ocrx_word' id='word_1_148' title='bbox 907 2401 961 2466; x_wconf 84' lang='lat' dir='ltr'>Ex</span> <span class='ocrx_word' id='word_1_149' title='bbox 995 2401 1047 2465; x_wconf 88' lang='lat' dir='ltr'>his</span> <span class='ocrx_word' id='word_1_150' title='bbox 1079 2403 1167 2466; x_wconf 90' lang='lat' dir='ltr'>enim</span> <span class='ocrx_word' id='word_1_151' title='bbox 1188 2401 1364 2485; x_wconf 82' lang='lat' dir='ltr'>colligitur,</span> 
     </span>
     <span class='ocr_line' id='line_1_21' title="bbox 262 2498 1364 2588; baseline -0.007 -22"><span class='ocrx_word' id='word_1_152' title='bbox 262 2501 380 2566; x_wconf 78' lang='lat' dir='ltr'>Caium</span> <span class='ocrx_word' id='word_1_153' title='bbox 402 2504 569 2588; x_wconf 88' lang='lat' dir='ltr'>scripsisse</span> <span class='ocrx_word' id='word_1_154' title='bbox 594 2501 820 2586; x_wconf 74' lang='lat' dir='ltr'>Labyrinthnm</span> <span class='ocrx_word' id='word_1_155' title='bbox 843 2509 875 2564; x_wconf 93' lang='lat' dir='ltr'>et</span> <span class='ocrx_word' id='word_1_156' title='bbox 896 2498 1018 2564; x_wconf 90' lang='lat' dir='ltr'>librum</span> <span class='ocrx_word' id='word_1_157' title='bbox 1041 2500 1090 2564; x_wconf 89' lang='lat' dir='ltr'>De</span> <span class='ocrx_word' id='word_1_158' title='bbox 1113 2501 1255 2564; x_wconf 60' lang='lat' dir='ltr'>emensi</span> <span class='ocrx_word' id='word_1_159' title='bbox 1276 2520 1364 2564; x_wconf 76' lang='lat' dir='ltr'>essen</span> 
     </span>
     <span class='ocr_line' id='line_1_22' title="bbox 261 2591 1363 2687; baseline -0.007 -23"><span class='ocrx_word' id='word_1_160' title='bbox 261 2601 317 2679; x_wconf 84' lang='lat' dir='ltr'>tia,</span> <span class='ocrx_word' id='word_1_161' title='bbox 347 2621 445 2687; x_wconf 90' lang='lat' dir='ltr'>quem</span> <span class='ocrx_word' id='word_1_162' title='bbox 469 2602 503 2663; x_wconf 90' lang='lat' dir='ltr'>in</span> <span class='ocrx_word' id='word_1_163' title='bbox 527 2598 629 2663; x_wconf 88' lang='lat' dir='ltr'>Libro</span> <span class='ocrx_word' id='word_1_164' title='bbox 653 2598 686 2662; x_wconf 92' lang='lat' dir='ltr'>X</span> <span class='ocrx_word' id='word_1_165' title='bbox 709 2596 1054 2683; x_wconf 89' lang='lat' dir='ltr'>Philosophoumenon</span> <span class='ocrx_word' id='word_1_166' title='bbox 1086 2605 1202 2660; x_wconf 85' lang='lat' dir='ltr'>auctor</span> <span class='ocrx_word' id='word_1_167' title='bbox 1234 2596 1295 2662; x_wconf 90' lang='lat' dir='ltr'>sibi</span> <span class='ocrx_word' id='word_1_168' title='bbox 1317 2591 1363 2657; x_wconf 88' lang='lat' dir='ltr'>ad-</span> 
     </span>
     <span class='ocr_line' id='line_1_23' title="bbox 260 2691 1363 2782; baseline -0.009 -20"><span class='ocrx_word' id='word_1_169' title='bbox 260 2696 384 2763; x_wconf 86' lang='lat' dir='ltr'>scribit.</span> <span class='ocrx_word' id='word_1_170' title='bbox 431 2697 544 2778; x_wconf 77' lang='lat' dir='ltr'>Quum</span> <span class='ocrx_word' id='word_1_171' title='bbox 576 2717 653 2759; x_wconf 90' lang='lat' dir='ltr'>vero</span> <span class='ocrx_word' id='word_1_172' title='bbox 687 2717 769 2782; x_wconf 91' lang='lat' dir='ltr'>opus</span> <span class='ocrx_word' id='word_1_173' title='bbox 800 2694 1144 2780; x_wconf 88' lang='lat' dir='ltr'>Philosophoumenon</span> <span class='ocrx_word' id='word_1_174' title='bbox 1176 2693 1232 2758; x_wconf 90' lang='lat' dir='ltr'>vel</span> <span class='ocrx_word' id='word_1_175' title='bbox 1260 2691 1363 2758; x_wconf 88' lang='lat' dir='ltr'>saltem</span> 
     </span>
     <span class='ocr_line' id='line_1_24' title="bbox 260 2789 1364 2881; baseline -0.01 -22"><span class='ocrx_word' id='word_1_176' title='bbox 260 2795 361 2860; x_wconf 91' lang='lat' dir='ltr'>Liber</span> <span class='ocrx_word' id='word_1_177' title='bbox 384 2797 417 2862; x_wconf 92' lang='lat' dir='ltr'>X</span> <span class='ocrx_word' id='word_1_178' title='bbox 440 2796 609 2881; x_wconf 88' lang='lat' dir='ltr'>aptissime</span> <span class='ocrx_word' id='word_1_179' title='bbox 642 2795 776 2858; x_wconf 90' lang='lat' dir='ltr'>nomine</span> <span class='ocrx_word' id='word_1_180' title='bbox 800 2791 999 2876; x_wconf 85' lang='lat' dir='ltr'>Labyrinthi</span> <span class='ocrx_word' id='word_1_181' title='bbox 1033 2791 1235 2876; x_wconf 82' lang='lat' dir='ltr'>designetur,</span> <span class='ocrx_word' id='word_1_182' title='bbox 1259 2813 1299 2855; x_wconf 86' lang='lat' dir='ltr'>ex</span> <span class='ocrx_word' id='word_1_183' title='bbox 1320 2789 1364 2851; x_wconf 89' lang='lat' dir='ltr'>his</span> 
     </span>
     <span class='ocr_line' id='line_1_25' title="bbox 260 2887 1364 2977; baseline -0.011 -19"><span class='ocrx_word' id='word_1_184' title='bbox 260 2893 400 2958; x_wconf 88' lang='lat' dir='ltr'>habetur</span> <span class='ocrx_word' id='word_1_185' title='bbox 431 2901 661 2977; x_wconf 84' lang='lat' dir='ltr'>argumentum</span> <span class='ocrx_word' id='word_1_186' title='bbox 694 2889 994 2975; x_wconf 72' lang='lat' dir='ltr'>magnipendens,</span> <span class='ocrx_word' id='word_1_187' title='bbox 1029 2887 1108 2954; x_wconf 85' lang='lat' dir='ltr'>Oaio</span> <span class='ocrx_word' id='word_1_188' title='bbox 1140 2888 1364 2975; x_wconf 89' lang='lat' dir='ltr'>Philosophou-</span> 
     </span>
     <span class='ocr_line' id='line_1_26' title="bbox 261 2985 1363 3072; baseline -0.011 -16"><span class='ocrx_word' id='word_1_189' title='bbox 261 3013 356 3056; x_wconf 91' lang='lat' dir='ltr'>mena</span> <span class='ocrx_word' id='word_1_190' title='bbox 389 2989 609 3058; x_wconf 86' lang='lat' dir='ltr'>adscribenda</span> <span class='ocrx_word' id='word_1_191' title='bbox 641 3009 720 3053; x_wconf 90' lang='lat' dir='ltr'>esse.</span> <span class='ocrx_word' id='word_1_192' title='bbox 773 2986 915 3054; x_wconf 89' lang='lat' dir='ltr'>Adverti</span> <span class='ocrx_word' id='word_1_193' title='bbox 948 3008 1044 3072; x_wconf 92' lang='lat' dir='ltr'>porro</span> <span class='ocrx_word' id='word_1_194' title='bbox 1077 2985 1201 3052; x_wconf 90' lang='lat' dir='ltr'>debent</span> <span class='ocrx_word' id='word_1_195' title='bbox 1228 3003 1363 3070; x_wconf 88' lang='lat' dir='ltr'>eaquae</span> 
     </span>
     <span class='ocr_line' id='line_1_27' title="bbox 259 3083 1362 3172; baseline -0.011 -18"><span class='ocrx_word' id='word_1_196' title='bbox 259 3089 395 3154; x_wconf 89' lang='lat' dir='ltr'>Photius</span> <span class='ocrx_word' id='word_1_197' title='bbox 418 3088 439 3154; x_wconf 92' lang='lat' dir='ltr'>l.</span> <span class='ocrx_word' id='word_1_198' title='bbox 464 3110 492 3152; x_wconf 90' lang='lat' dir='ltr'>c.</span> <span class='ocrx_word' id='word_1_199' title='bbox 517 3087 626 3151; x_wconf 88' lang='lat' dir='ltr'>addit:</span> <span class='ocrx_word' id='word_1_200' title='bbox 656 3087 750 3150; x_wconf 83' lang='lat' dir='ltr'>Hanc</span> <span class='ocrx_word' id='word_1_201' title='bbox 776 3083 888 3150; x_wconf 81' lang='lat' dir='ltr'>Caium</span> <span class='ocrx_word' id='word_1_202' title='bbox 905 3083 1123 3172; x_wconf 77' lang='lat' dir='ltr'>presbyterum</span> <span class='ocrx_word' id='word_1_203' title='bbox 1141 3087 1304 3150; x_wconf 84' lang='lat' dir='ltr'>Romanae</span> <span class='ocrx_word' id='word_1_204' title='bbox 1325 3103 1362 3142; x_wconf 88' lang='lat' dir='ltr'>ec·</span> 
     </span>
     <span class='ocr_line' id='line_1_28' title="bbox 260 3179 1362 3273; baseline -0.008 -23"><span class='ocrx_word' id='word_1_205' title='bbox 260 3186 371 3252; x_wconf 80' lang='lat' dir='ltr'>clasiae</span> <span class='ocrx_word' id='word_1_206' title='bbox 385 3187 492 3273; x_wconf 81' lang='lat' dir='ltr'>fnisse</span> <span class='ocrx_word' id='word_1_207' title='bbox 507 3183 679 3270; x_wconf 82' lang='lat' dir='ltr'>affirmant,</span> <span class='ocrx_word' id='word_1_208' title='bbox 695 3183 750 3246; x_wconf 81' lang='lat' dir='ltr'>snb</span> <span class='ocrx_word' id='word_1_209' title='bbox 772 3183 894 3246; x_wconf 81' lang='lat' dir='ltr'>Victore</span> <span class='ocrx_word' id='word_1_210' title='bbox 913 3193 942 3246; x_wconf 87' lang='lat' dir='ltr'>et</span> <span class='ocrx_word' id='word_1_211' title='bbox 963 3182 1137 3269; x_wconf 79' lang='lat' dir='ltr'>Zephytine</span> <span class='ocrx_word' id='word_1_212' title='bbox 1161 3179 1362 3266; x_wconf 70' lang='lat' dir='ltr'>Pontificibus,</span> 
     </span>
     <span class='ocr_line' id='line_1_29' title="bbox 260 3276 1363 3370; baseline -0.008 -21"><span class='ocrx_word' id='word_1_213' title='bbox 260 3287 496 3370; x_wconf 64' lang='lat' dir='ltr'>ordinatamque</span> <span class='ocrx_word' id='word_1_214' title='bbox 530 3285 625 3345; x_wconf 87' lang='lat' dir='ltr'>ctiam</span> <span class='ocrx_word' id='word_1_215' title='bbox 659 3281 797 3367; x_wconf 63' lang='lat' dir='ltr'>pennum</span> <span class='ocrx_word' id='word_1_216' title='bbox 833 3281 1019 3365; x_wconf 82' lang='lat' dir='ltr'>episcopum.</span> <span class='ocrx_word' id='word_1_217' title='bbox 1071 3276 1245 3364; x_wconf 72' lang='lat' dir='ltr'>Scripsisse</span> <span class='ocrx_word' id='word_1_218' title='bbox 1278 3277 1363 3340; x_wconf 81' lang='lat' dir='ltr'>etiem</span> 
     </span>
     <span class='ocr_line' id='line_1_30' title="bbox 260 3371 1361 3465; baseline -0.01 -20"><span class='ocrx_word' id='word_1_219' title='bbox 260 3382 358 3446; x_wconf 83' lang='lat' dir='ltr'>alium</span> <span class='ocrx_word' id='word_1_220' title='bbox 391 3381 504 3444; x_wconf 67' lang='lat' dir='ltr'>titiam</span> <span class='ocrx_word' id='word_1_221' title='bbox 537 3380 699 3465; x_wconf 81' lang='lat' dir='ltr'>speciatim</span> <span class='ocrx_word' id='word_1_222' title='bbox 722 3371 839 3463; x_wconf 60' lang='lat' dir='ltr'>(totns)</span> <span class='ocrx_word' id='word_1_223' title='bbox 871 3387 982 3440; x_wconf 84' lang='lat' dir='ltr'>contre</span> <span class='ocrx_word' id='word_1_224' title='bbox 1011 3376 1191 3440; x_wconf 81' lang='lat' dir='ltr'>Artemonis</span> <span class='ocrx_word' id='word_1_225' title='bbox 1214 3373 1361 3444; x_wconf 63' lang='lat' dir='ltr'>haereant,</span> 
     </span>
     <span class='ocr_line' id='line_1_31' title="bbox 260 3471 1361 3557; baseline -0.011 -15"><span class='ocrx_word' id='word_1_226' title='bbox 260 3491 289 3544; x_wconf 84' lang='lat' dir='ltr'>ct</span> <span class='ocrx_word' id='word_1_227' title='bbox 312 3480 462 3544; x_wconf 82' lang='lat' dir='ltr'>adversos</span> <span class='ocrx_word' id='word_1_228' title='bbox 486 3477 628 3541; x_wconf 77' lang='lat' dir='ltr'>Preclnin</span> <span class='ocrx_word' id='word_1_229' title='bbox 652 3476 802 3540; x_wconf 80' lang='lat' dir='ltr'>Montani</span> <span class='ocrx_word' id='word_1_230' title='bbox 832 3473 1005 3538; x_wconf 80' lang='lat' dir='ltr'>studiosam</span> <span class='ocrx_word' id='word_1_231' title='bbox 1028 3483 1209 3538; x_wconf 65' lang='lat' dir='ltr'>matam</span> <span class='ocrx_word' id='word_1_232' title='bbox 1232 3471 1361 3557; x_wconf 74' lang='lat' dir='ltr'>disputo·</span> 
     </span>
     <span class='ocr_line' id='line_1_32' title="bbox 260 3569 1361 3660; baseline -0.011 -20"><span class='ocrx_word' id='word_1_233' title='bbox 260 3577 384 3655; x_wconf 86' lang='lat' dir='ltr'>tionem,</span> <span class='ocrx_word' id='word_1_234' title='bbox 417 3577 452 3638; x_wconf 90' lang='lat' dir='ltr'>in</span> <span class='ocrx_word' id='word_1_235' title='bbox 484 3599 546 3660; x_wconf 85' lang='lat' dir='ltr'>qne</span> <span class='ocrx_word' id='word_1_236' title='bbox 571 3575 717 3638; x_wconf 78' lang='lat' dir='ltr'>tredecim</span> <span class='ocrx_word' id='word_1_237' title='bbox 749 3573 918 3636; x_wconf 75' lang='lat' dir='ltr'>dnnteaeet</span> <span class='ocrx_word' id='word_1_238' title='bbox 940 3571 977 3636; x_wconf 90' lang='lat' dir='ltr'>B.</span> <span class='ocrx_word' id='word_1_239' title='bbox 1003 3569 1100 3636; x_wconf 81' lang='lat' dir='ltr'>Pauli</span> <span class='ocrx_word' id='word_1_240' title='bbox 1127 3570 1278 3658; x_wconf 78' lang='lat' dir='ltr'>epistolas</span> <span class='ocrx_word' id='word_1_241' title='bbox 1298 3587 1361 3630; x_wconf 81' lang='lat' dir='ltr'>cnn·</span> 
     </span>
     <span class='ocr_line' id='line_1_33' title="bbox 258 3666 1360 3758; baseline -0.009 -20"><span class='ocrx_word' id='word_1_242' title='bbox 258 3685 367 3752; x_wconf 78' lang='lat' dir='ltr'>neret,</span> <span class='ocrx_word' id='word_1_243' title='bbox 391 3693 455 3738; x_wconf 89' lang='lat' dir='ltr'>non</span> <span class='ocrx_word' id='word_1_244' title='bbox 486 3681 612 3758; x_wconf 82' lang='lat' dir='ltr'>recepte</span> <span class='ocrx_word' id='word_1_245' title='bbox 634 3673 670 3734; x_wconf 91' lang='lat' dir='ltr'>in</span> <span class='ocrx_word' id='word_1_246' title='bbox 693 3691 815 3732; x_wconf 78' lang='lat' dir='ltr'>censum</span> <span class='ocrx_word' id='word_1_247' title='bbox 838 3692 876 3732; x_wconf 87' lang='lat' dir='ltr'>ea</span> <span class='ocrx_word' id='word_1_248' title='bbox 895 3691 974 3754; x_wconf 81' lang='lat' dir='ltr'>qnae</span> <span class='ocrx_word' id='word_1_249' title='bbox 998 3679 1044 3732; x_wconf 81' lang='lat' dir='ltr'>eet</span> <span class='ocrx_word' id='word_1_250' title='bbox 1066 3667 1111 3732; x_wconf 85' lang='lat' dir='ltr'>ed</span> <span class='ocrx_word' id='word_1_251' title='bbox 1135 3666 1303 3732; x_wconf 77' lang='lat' dir='ltr'>Hebraeos.</span> <span class='ocrx_word' id='word_1_252' title='bbox 1325 3697 1360 3706; x_wconf 43' lang='lat' dir='ltr'><em>a</em></span> 
     </span>
     <span class='ocr_line' id='line_1_34' title="bbox 259 3763 1360 3856; baseline -0.016 -20"><span class='ocrx_word' id='word_1_253' title='bbox 259 3769 392 3856; x_wconf 87' lang='lat' dir='ltr'>Optime</span> <span class='ocrx_word' id='word_1_254' title='bbox 426 3770 525 3832; x_wconf 89' lang='lat' dir='ltr'>etiam</span> <span class='ocrx_word' id='word_1_255' title='bbox 559 3769 716 3833; x_wconf 86' lang='lat' dir='ltr'>convenit</span> <span class='ocrx_word' id='word_1_256' title='bbox 747 3768 781 3828; x_wconf 89' lang='lat' dir='ltr'>in</span> <span class='ocrx_word' id='word_1_257' title='bbox 806 3765 986 3830; x_wconf 89' lang='lat' dir='ltr'>Auctorem</span> <span class='ocrx_word' id='word_1_258' title='bbox 1017 3763 1360 3850; x_wconf 86' lang='lat' dir='ltr'>Philosophoumenon,</span> 
     </span>
     <span class='ocr_line' id='line_1_35' title="bbox 259 3857 1360 3954; baseline -0.011 -24"><span class='ocrx_word' id='word_1_259' title='bbox 259 3866 349 3954; x_wconf 92' lang='lat' dir='ltr'>quod</span> <span class='ocrx_word' id='word_1_260' title='bbox 372 3866 426 3930; x_wconf 93' lang='lat' dir='ltr'>hic</span> <span class='ocrx_word' id='word_1_261' title='bbox 451 3866 491 3930; x_wconf 91' lang='lat' dir='ltr'>de</span> <span class='ocrx_word' id='word_1_262' title='bbox 507 3864 588 3930; x_wconf 83' lang='lat' dir='ltr'>Caio</span> <span class='ocrx_word' id='word_1_263' title='bbox 612 3866 777 3945; x_wconf 87' lang='lat' dir='ltr'>asseritur,</span> <span class='ocrx_word' id='word_1_264' title='bbox 801 3884 877 3926; x_wconf 90' lang='lat' dir='ltr'>eum</span> <span class='ocrx_word' id='word_1_265' title='bbox 901 3861 962 3928; x_wconf 88' lang='lat' dir='ltr'>sub</span> <span class='ocrx_word' id='word_1_266' title='bbox 978 3862 1111 3927; x_wconf 88' lang='lat' dir='ltr'>Victore</span> <span class='ocrx_word' id='word_1_267' title='bbox 1135 3871 1168 3924; x_wconf 88' lang='lat' dir='ltr'>et</span> <span class='ocrx_word' id='word_1_268' title='bbox 1183 3857 1360 3945; x_wconf 82' lang='lat' dir='ltr'>Zephyrine</span> 
     </span>
     <span class='ocr_line' id='line_1_36' title="bbox 259 3952 1360 4048; baseline -0.008 -20"><span class='ocrx_word' id='word_1_269' title='bbox 259 3965 383 4029; x_wconf 90' lang='lat' dir='ltr'>Romae</span> <span class='ocrx_word' id='word_1_270' title='bbox 416 3962 554 4048; x_wconf 89' lang='lat' dir='ltr'>degisse,</span> <span class='ocrx_word' id='word_1_271' title='bbox 588 3971 620 4028; x_wconf 90' lang='lat' dir='ltr'>et</span> <span class='ocrx_word' id='word_1_272' title='bbox 644 3962 831 4028; x_wconf 89' lang='lat' dir='ltr'>ordinatum</span> <span class='ocrx_word' id='word_1_273' title='bbox 861 3959 962 4024; x_wconf 83' lang='lat' dir='ltr'>fuisse</span> <span class='ocrx_word' id='word_1_274' title='bbox 994 3961 1028 4025; x_wconf 91' lang='lat' dir='ltr'>iu</span> <span class='ocrx_word' id='word_1_275' title='bbox 1053 3960 1245 4046; x_wconf 87' lang='lat' dir='ltr'>episcopum</span> <span class='ocrx_word' id='word_1_276' title='bbox 1270 3952 1360 4020; x_wconf 82' lang='lat' dir='ltr'>natio·</span> 
     </span>
    </p>
   </div>
   <div class='ocr_carea' id='block_1_3' title="bbox 259 4060 546 4146">
    <p class='ocr_par' dir='ltr' id='par_1_4' title="bbox 259 4060 546 4146">
     <span class='ocr_line' id='line_1_37' title="bbox 259 4060 546 4146; baseline -0.007 -18"><span class='ocrx_word' id='word_1_277' title='bbox 259 4083 339 4128; x_wconf 87' lang='lat' dir='ltr'>num</span> <span class='ocrx_word' id='word_1_278' title='bbox 362 4060 546 4146; x_wconf 85' lang='lat' dir='ltr'>gentilium.</span> 
     </span>
    </p>
   </div>
   <div class='ocr_carea' id='block_1_4' title="bbox 334 4261 760 4333">
    <p class='ocr_par' dir='ltr' id='par_1_5' title="bbox 334 4261 760 4333">
     <span class='ocr_line' id='line_1_38' title="bbox 334 4261 760 4333; baseline -0.002 -17"><span class='ocrx_word' id='word_1_279' title='bbox 334 4265 353 4333; x_wconf 61' lang='grc' dir='ltr'>ι)</span> <span class='ocrx_word' id='word_1_280' title='bbox 373 4261 427 4316; x_wconf 81' lang='lat' dir='ltr'>ce.</span> <span class='ocrx_word' id='word_1_281' title='bbox 446 4261 588 4316; x_wconf 69' lang='lat' dir='ltr'>ameum</span> <span class='ocrx_word' id='word_1_282' title='bbox 607 4262 624 4316; x_wconf 80' lang='lat' dir='ltr'>t</span> <span class='ocrx_word' id='word_1_283' title='bbox 643 4277 665 4316; x_wconf 68' lang='grc' dir='ltr'>ο.</span> <span class='ocrx_word' id='word_1_284' title='bbox 684 4261 760 4316; x_wconf 89' lang='lat' dir='ltr'>vm.</span> 
     </span>
    </p>
   </div>
   <div class='ocr_carea' id='block_1_5' title="bbox 0 0 1430 4826">
    <p class='ocr_par' dir='ltr' id='par_1_6' title="bbox 0 0 1430 4826">
     <span class='ocr_line' id='line_1_39' title="bbox 0 0 1430 4826; baseline 0 0"><span class='ocrx_word' id='word_1_285' title='bbox 0 0 1430 4826; x_wconf 95' lang='lat' dir='ltr'> </span> 
     </span>
    </p>
   </div>
  </div>
 </body>
</html>
