2900 4800
204 409 257 462 440
576 409 616 464 De
634 425 715 464 osius
733 409 847 464 Honorii
865 409 898 466 u
917 411 948 466 P.

205 572 339 634 manse,
364 558 396 614 et
419 573 496 615 cum
520 551 561 615 iis
575 550 768 618 Theodorus
792 552 965 639 presbyter
986 552 1059 618 loco
1081 554 1251 620 Theodori
1265 555 1329 622 lla·
1440 537 1441 540 Ἴ

205 651 358 714 vennatis
388 649 544 736 episcopi.
590 649 698 714 Datae
731 650 866 716 luerunt
894 648 1012 736 legatis
1047 651 1133 716 duae
1168 653 1330 738 epistolae

205 745 249 812 ad
264 744 518 812 Constantinum
533 747 770 834 Imperatorem
793 748 931 835 ejusque
944 748 1062 814 iratres
1076 749 1249 834 Augustos
1263 751 1329 816 He

205 845 345 910 realium
369 854 401 909 et
423 844 609 930 Tiberium3
633 845 763 912 illarum
790 848 881 933 prior
904 847 1040 912 nomine
1061 847 1252 932 Agathoms
1275 871 1328 935 ps·
1442 912 1443 927 ,

206 965 288 1030 pao,
312 943 415 1008 altera
439 943 587 1030 ejusdem
610 944 781 1009 Pontificio
804 953 836 1010 et
855 945 1025 1012 Romanae
1049 945 1169 1030 synodi
1192 949 1328 1012 nomine

207 1042 329 1128 scripta
344 1051 423 1110 erat
447 1041 488 1106 In
511 1052 649 1128 utraque
673 1042 811 1128 epistola
834 1042 984 1108 doctrina
1000 1043 1041 1108 de
1056 1043 1187 1110 duabus
1203 1043 1329 1110 Christi
1443 1113 1444 1132 ,

207 1138 433 1205 voluntatibus
457 1149 489 1204 et
512 1139 758 1226 operationibus
788 1139 1034 1226 exponebatur,
1058 1151 1091 1206 et
1120 1163 1138 1206 e
1161 1141 1196 1208 S.
1220 1140 1330 1230 Sci-ip
1443 1137 1444 1146 ’

207 1246 301 1301 turae
323 1235 526 1324 Patremque
548 1239 745 1304 testimoniis
763 1237 981 1324 probabatur3
1005 1259 1096 1304 error
1116 1260 1195 1304 vero
1220 1241 1252 1306 ei
1275 1261 1330 1326 op·

209 1337 335 1420 positus
350 1335 596 1418 confutabatur;
611 1334 733 1401 deinde
742 1333 925 1421 Imperator
939 1334 1227 1421 interpellabatur,
1242 1347 1280 1402 ut
1295 1339 1332 1402 in

210 1432 364 1498 omnibus
388 1432 534 1498 Orientis
558 1433 705 1498 ecclesiis
732 1433 810 1500 fidei
840 1433 1058 1499 stabiliendae
1085 1444 1119 1498 et
1147 1436 1332 1521 antispas-

212 1531 263 1596 dis
286 1531 450 1596 erroribus
474 1553 607 1619 operam
630 1533 733 1597 daret.

303 1631 354 1694 73.
378 1629 465 1694 Illud
488 1651 567 1696 vero
595 1633 740 1696 maxime
770 1629 1105 1696 animadvertendum
1128 1638 1196 1712 est,
1219 1639 1334 1696 sucto-
1446 1691 1447 1704 ,

210 1730 341 1793 ritatem
356 1725 452 1794 Sedis
466 1727 677 1813 Apostolicse
701 1729 736 1792 in
758 1727 857 1792 rebus
872 1727 949 1792 fidei
962 1727 1098 1813 ejusque
1115 1729 1335 1794 inerrantium
1386 1747 1392 1760 ·

211 1828 333 1913 apertis
357 1825 468 1891 verbis
491 1828 527 1890 iu
551 1829 621 1892 istis
645 1827 791 1912 epistolis
815 1826 944 1910 urgeri,
969 1846 1031 1890 aec
1054 1825 1240 1891 doctrinam
1263 1826 1334 1892 llo

211 1923 440 1989 nothelotismo
473 1925 658 2011 oppositam
688 1925 828 2011 proponi
857 1931 893 1988 ut
924 1923 1187 2004 discutiendam,
1211 1923 1272 1988 sed
1296 1934 1337 1988 nt

212 2023 386 2086 veritatem
411 2022 615 2108 exploratam
638 2023 821 2086 necessario
846 2020 1098 2087 admittendam.
1142 2020 1194 2084 Ita
1217 2021 1337 2106 regula

210 2119 367 2186 credendi
391 2120 464 2206 jam
491 2119 676 2206 Agathonis
706 2119 844 2206 epistola
870 2121 1066 2184 continetur.
1112 2118 1267 2184 Sufficiat
1289 2141 1336 2184 ex

210 2217 347 2304 epistola
362 2220 470 2304 prima
486 2217 568 2284 haec
582 2219 703 2284 citare:
726 2217 845 2284 Βιαιιιι
860 2217 971 2282 Petrus
986 2216 1172 2304 spirituales
1187 2240 1261 2282 oues
1275 2215 1336 2282 Ec-

210 2316 819 2404 clesieeabipsoliedemptoreomaium
830 2327 920 2380 terna
929 2315 1336 2400 commendatioacpasceu·

211 2413 271 2478 das
285 2417 421 2501 suscepit
428 2439 441 2496 ,·
458 2421 545 2506 cajus
560 2417 722 2480 annitente
737 2414 901 2502 praesidio
920 2414 995 2478 lcuec
1015 2409 1191 2499 apostolico
1204 2417 1274 2501 ejtn
1289 2437 1338 2478 sc-

211 2511 308 2578 clesia
324 2537 483 2601 uunquam
498 2538 518 2578 a
531 2516 586 2578 uia
603 2513 748 2578 ommes
759 2515 796 2578 ia
811 2511 950 2599 qualibet
967 2513 1085 2576 erroris
1096 2521 1193 2597 porte
1209 2510 1336 2597 alaine

212 2620 271 2692 est,
294 2615 382 2701 cujus
403 2614 621 2678 auctoritatem
639 2621 745 2698 utpote
766 2609 990 2698 Apostolorum
1008 2609 1144 2674 manium
1154 2608 1336 2694 principis,

211 2731 332 2794 seraper
352 2712 452 2776 omnis
471 2708 625 2774 catholica
648 2707 768 2774 Christi
787 2707 930 2772 Ecclesia
948 2718 978 2772 et
995 2703 1190 2770 ιιιιίυιιιιιιιι
1210 2703 1339 2792 Synodi

206 2805 346 2890 fideliter
365 2805 598 2894 amplectentes,
614 2808 648 2870 ie
659 2807 779 2872 euantis
792 2816 915 2870 secutae
928 2814 1014 2883 suut,
1033 2825 1193 2888 eroumque
1205 2825 1337 2868 oem-

213 2904 292 2970 biles
305 2906 418 2972 Patres
437 2903 643 2992 apostolicam
666 2907 733 2994 ejus
751 2905 929 2970 dactriacus
947 2900 1101 2990 amplexi,
1113 2923 1176 2986 per
1193 2923 1293 2985 psam
1307 2913 1338 2964 et

207 3003 439 3090 probatissima
461 3003 621 3068 Ecclesiae
655 3003 829 3070 luminaria
860 3001 1052 3066 claruemat.
1077 3047 1085 3062 .
1110 3047 1118 3062 .
1147 2996 1237 3072 Quae
1261 2997 1339 3083 (Re

215 3121 313 3164 mana
337 3100 489 3188 ecclesis)
507 3125 569 3188 per
583 3101 649 3166 Dei
671 3100 893 3188 omniscientis
905 3099 1044 3183 patiam
1067 3121 1088 3160 o
1111 3097 1236 3160 tramite
1251 3097 1339 3182 Apo

214 3197 343 3264 stolicac
367 3201 551 3266 eruditionis
580 3222 740 3286 uunquam
772 3219 894 3262 enasse
914 3194 1121 3282 probabitur,
1151 3215 1207 3256 aec
1229 3193 1338 3258 boere-

215 3297 284 3360 ticis
306 3298 499 3363 caecitatibus
522 3299 698 3384 depravota
716 3295 875 3362 mcusbuit
884 3343 894 3374 ,
918 3293 974 3358 secl
986 3302 1021 3358 ut
1044 3292 1084 3356 ab
1107 3291 1239 3354 medio
1254 3291 1341 3375 fidei

215 3395 406 3460 cle-istiusce
430 3397 575 3483 percepit
607 3394 646 3458 ab
671 3394 851 3460 auctoribus
882 3393 948 3458 suis
972 3389 1196 3478 Apostolomm
1214 3390 1336 3473 priuci-

208 3493 307 3579 pibas
330 3492 459 3558 illibate
472 3494 541 3578 flue
566 3505 655 3558 tereus
672 3503 859 3578 permanet,
886 3489 1057 3554 secuudum
1078 3487 1181 3574 ipsim
1203 3486 1339 3550 Dostiai

216 3591 395 3658 Saloutaria
415 3592 698 3678 pollicitationem,
722 3613 815 3676 quam
843 3610 969 3654 morum
997 3583 1226 3670 discipulorum
1243 3585 1335 3672 pria-

215 3692 279 3778 cipi
302 3692 337 3754 iu
359 3692 461 3756 sceris
484 3688 669 3775 anopeliis
682 3687 779 3776 fatus
802 3697 865 3752 est:
898 3684 1030 3764 „Petre,
1053 3681 1162 3760 Patre,
1179 3683 1335 3768 iaqeusas,

216 3813 281 3856 ecce
306 3787 410 3854 Setae
442 3789 615 3874 sepelivit,
648 3797 683 3852 ut
707 3785 843 3852 cribaret
863 3806 936 3862 uos,
960 3783 1040 3848 ιιίιιι
1063 3782 1117 3865 qui
1139 3779 1260 3844 cribrat
1283 3781 1336 3844 ιη’·

217 3889 330 3965 tinum,
364 3908 417 3973 epo
451 3897 555 3950 autem
571 3908 634 3972 pro
660 3895 688 3948 ts
719 3884 849 3969 ropaoi,
872 3892 907 3946 ιιι
934 3901 1000 3944 asoa
1021 3877 1246 3962 deficiotfides
1270 3888 1332 3941 ιιι.

216 3987 259 4050 Ει
274 3996 308 4050 ιιι
324 3984 497 4070 aliquando
510 4005 696 4060 coaocrsus,
720 3981 868 4066 confirmo
892 3978 1011 4052 frames
1035 3981 1138 4040 beosf‘
1188 3971 1333 4040 Conside-

215 4094 264 4148 ret
286 4085 392 4168 itaque
415 4093 520 4148 uestra
544 4079 721 4166 tranquillo
744 4078 926 4156 clericatis,
956 4075 1104 4162 quoniam
1126 4071 1283 4136 Dominus
1304 4081 1332 4134 et

217 4179 368 4243 Salvator
391 4181 537 4258 omnium,
562 4181 650 4266 cujus
663 4170 750 4262 fides
773 4187 836 4254 est,
859 4175 914 4260 qui
926 4171 1027 4258 fidem
1039 4171 1126 4236 Petri
1148 4191 1212 4234 aaa
1235 4167 1332 4250 defec-
