2766 4836
218 481 254 536 so
466 482 756 540 conscientae·
775 453 1082 554 consumsisset.

218 623 466 706 Mediolanensi,
481 636 514 690 et
531 649 562 692 a.
577 628 640 692 347
658 629 692 692 in
712 627 815 694 altera
833 628 959 714 synodo
974 630 1069 716 cujus
1083 632 1205 696 mentio
1219 630 1253 696 iit
1269 651 1311 714 ap.

218 722 251 788 S.
275 721 441 786 Hilarium
464 724 581 808 fragm.
605 723 680 790 hist.
712 725 756 791 IL
789 748 821 790 n.
846 727 881 790 9:
915 726 968 791 Aa
991 725 1162 792 tollendam
1186 753 1225 794 aa
1246 730 1312 815 epu·

216 830 332 907 cepata
353 820 533 903 Paetinam,
563 823 618 908 qai
648 834 722 888 aute
745 817 902 888 biennium
926 829 998 915 jam
1028 827 1064 889 ia
1097 826 1314 890 Mediolamrui

218 917 335 1005 synodo
359 928 428 982 erat
449 919 621 984 hacreticus
643 921 821 1003 damnatas,
837 944 877 985 en·
895 921 1043 1008 pluribus
1060 925 1235 1010 maniis
1254 946 1312 986 coe-

217 1027 386 1103 qeepantur
421 1016 605 1083 sacerdotes.
653 1057 696 1066 -
747 1018 807 1083 Illo
846 1029 994 1106 ‘ternpore
1034 1022 1135 1084 etiam
1173 1021 1313 1086 Urssoius

218 1114 394 1198 Singiduni
427 1125 460 1178 et
491 1113 614 1180 Valens
645 1115 789 1182 Mursiae
822 1118 982 1202 episcopi,
1016 1119 1079 1180 viri
1112 1119 1258 1204 primarii
1285 1119 1313 1182 io

217 1213 360 1278 factione
382 1212 662 1298 Eusebianorum,
686 1215 742 1300 qui
766 1239 787 1279 a
810 1213 950 1279 concilio
975 1213 1164 1280 sardicensi
1189 1215 1312 1302 depositi

216 1321 321 1392 erant,
344 1320 517 1396 postquam
532 1333 644 1376 eorum
659 1315 806 1378 omnium
821 1335 906 1399 quae
922 1323 1035 1378 contra
1045 1312 1230 1379 Nicsenum
1245 1312 1313 1378 Oen·

220 1408 332 1474 cilium
357 1418 389 1472 et
406 1407 626 1474 Athanasium
644 1421 778 1496 egerant
798 1412 930 1475 veniam
948 1411 1177 1498 postulassent,
1198 1414 1232 1478 in
1256 1433 1315 1494 gro·

219 1508 298 1570 dam
314 1507 436 1592 recepti
455 1517 541 1573 sunt.
564 1507 602 1572 Id
624 1517 734 1572 tamen
753 1509 889 1573 nonnisi.
905 1511 936 1573 in
953 1508 1019 1574 alia
1041 1509 1186 1596 quadam
1205 1507 1315 1595 synodo

219 1603 400 1690 perlectum
414 1605 529 1687 luisse,
545 1609 591 1669 cx'
600 1605 727 1670 Hilario
741 1605 762 1677 l.
787 1629 815 1672 c.
840 1606 1017 1692 colligitur,
1040 1609 1097 1693 qui
1121 1606 1213 1672 illam
1235 1627 1316 1692 syno-

215 1702 300 1767 dum
321 1703 400 1766 anni
422 1703 485 1766 347
502 1725 759 1794 commemorans
779 1703 892 1769 addit:
940 1703 1040 1778 Quam
1063 1708 1317 1792 mansitans»

219 1802 307 1864 ancti
324 1799 472 1864 Ursaca'ua
485 1811 515 1864 et
535 1800 649 1866 Valeas
664 1804 826 1866 Hesionae
835 1803 941 1890 plebis
950 1803 1140 1890 Episcopum
1154 1805 1277 1882 adeam,
1293 1812 1317 1864 st

218 1899 255 1962 in
276 1900 518 1962 emmunioucm
535 1922 596 1985 per
617 1901 741 1964 veniam
764 1901 891 1964 admitti
907 1911 1030 1988 repant.
1053 1901 1166 1967 Julius
1197 1926 1237 1966 ec
1258 1925 1316 1966 corr·

220 1995 292 2061 silio
325 1997 447 2060 asaiam
478 2019 571 2082 paam
602 1997 737 2062 audant
768 1999 917 2085 impertit.
964 1997 1112 2084 Epistola
1134 1999 1179 2064 ad
1202 1999 1316 2064 Julium

219 2093 298 2158 data
320 2093 391 2158 bini
415 2093 462 2158 illi
485 2095 629 2180 episcopi
653 2095 879 2160 Arianismum
903 2095 1075 2176 damnant,
1099 2107 1133 2160 et
1155 2095 1316 2162 Athanasii

218 2193 485 2257 communionem
517 2191 768 2278 amplectuntur.
814 2193 937 2259 Notatu
968 2194 1106 2279 dignum
1130 2207 1193 2276 est,
1219 2204 1317 2280 utpote

210 2291 378 2376 ,primatus
400 2289 570 2354 Pontificis
584 2290 827 2374 documentum,
848 2292 935 2379 quod
959 2291 1074 2356 eadem
1098 2293 1235 2379 epistola
1257 2313 1317 2378 pro·

218 2389 370 2453 mittunt:
393 2387 577 2472 Hofitemur
592 2389 696 2468 eacan,
720 2389 802 2476 qaod
824 2391 854 2455 ei
875 2390 1048 2476 eluctando
1070 2413 1129 2456 noa
1153 2389 1318 2456 maus

218 2486 374 2551 nutrierint
398 2486 537 2550 aelidem
550 2485 744 2551 Atltaaasius
765 2487 849 2552 malo
865 2489 969 2552 aniate
994 2489 1038 2552 ad
1060 2511 1189 2570 causam
1210 2511 1318 2563 uocare,

219 2586 301 2650 citra
322 2584 541 2648 conscientiam
564 2595 650 2648 mam
671 2608 736 2648 noa
750 2585 921 2672 adfuturos
940 2583 993 2673 (μὴ
1016 2583 1219 2672 ἀπέρχεσθαι
1240 2581 1319 2666 παρὰ

220 2680 342 2769 γνιίμην
364 2685 419 2769 τῆς
441 2685 497 2769 σῆς
520 2679 755 2769 tiaotcsagp).

70 2803 126 2845 uos
142 2803 194 2844 con·
307 2781 361 2845 45.
385 2778 483 2844 Anno
506 2779 572 2844 350
596 2778 757 2845 Constans
785 2781 962 2867 imperator
985 2781 1177 2848 Occidentis
1199 2804 1219 2846 a
1240 2779 1317 2862 llag·

60 2865 139 2906 'l‘nl'
160 2864 331 2942 1m¹”nasutio
355 2878 521 2962 legionum
554 2879 717 2963 praefecto
747 2880 874 2944 occisus
905 2891 962 2944 cst
1008 2881 1103 2944 Tunc
1131 2880 1218 2945 idem
1240 2878 1316 2960 Mag-

221 2976 351 3040 nentius
374 2984 407 3039 at
433 2975 590 3041 Vetranio
614 2977 768 3061 magister
791 2977 931 3042 militum
956 2979 1131 3064 imperinm
1154 2979 1316 3062 arripuere.

130 3106 155 3174 ο
220 3075 266 3139 At
290 3073 344 3140 hio
366 3076 466 3138 armis
490 3075 597 3138 victus
620 3073 662 3138 ad
687 3075 852 3160 privatum
877 3077 979 3139 otium
1004 3075 1157 3140 redactus
1180 3084 1242 3156 est3
1271 3071 1317 3136 illo

222 3173 320 3237 etium
344 3171 535 3258 profligatus
559 3192 678 3255 magno
702 3172 791 3258 apud
814 3172 960 3238 Muraam
984 3169 1108 3260 praelio
1133 3165 1316 3260 (sapateli

221 3270 284 3335 sibi
309 3281 445 3336 mortem
473 3271 652 3350 conscivit3
687 3269 897 3335 &nicusus
929 3283 1040 3336 autem
1070 3281 1172 3336 totam
1203 3265 1314 3353 imperii

222 3391 382 3436 summam
407 3370 441 3432 iu
457 3367 637 3434 Occidente
661 3377 693 3431 et
716 3369 750 3432 in
765 3367 901 3433 Oriente
924 3368 1010 3434 solus
1024 3371 1162 3456 accepit.
1187 3367 1315 3432 Funesta

221 3468 284 3531 fuit
306 3467 403 3532 rebus
428 3464 669 3530 Catholicorum
701 3465 1093 3532 Constantisvorthodoxi
1123 3461 1315 3552 Imperatoris

222 3587 318 3631 mors.
344 3564 454 3645 Quum
465 3565 553 3628 enim
563 3561 773 3628 Constantius
783 3564 917 3629 Arianis
927 3563 1111 3629 mitioribus
1121 3559 1313 3629 etSeminris-

222 3666 273 3728 nis
287 3665 425 3746 faveret,
443 3663 557 3748 majori
572 3661 712 3726 audacia
726 3661 761 3726 hi
777 3662 973 3728 orthodoxos
985 3661 1156 3726 Praesnles
1171 3655 1312 3726 insecuti.

222 3799 432 3810 ..a—n--a--au-—fl

222 3868 284 3934 init,
303 3874 410 3935 tantum
427 3871 460 3921 ut
476 3865 645 3920 uibstsntiae
663 3865 692 3920 in
710 3865 797 3920 tribus
809 3867 929 3933 personis
941 3866 1074 3922 imitatem
1092 3871 1122 3920 et
1140 3862 1313 3932 aequalitates

223 3955 317 4004 centra
335 3948 482 4001 haereticos
501 3945 657 4010 vindicaret,
676 3945 812 4000 interdum
830 3947 977 4001 loorrtiones
996 3947 1116 4001 duriora
1134 3942 1258 3998 adhibuit
1281 3938 1314 3991 lu

222 4029 264 4084 his
282 4029 353 4082 forte
372 4027 503 4082 Photinus
521 4026 684 4081 occasionem
703 4041 810 4080 morum
829 4043 946 4082 errorum
965 4027 1064 4082 hausit.
1096 4029 1139 4080 An
1159 4041 1220 4080 vero
1236 4025 1315 4090 poem

222 4125 303 4176 uum
323 4107 453 4163 Photinus
471 4121 572 4162 errores
590 4122 652 4161 suos
666 4105 724 4174 jam
742 4107 930 4175 proposuisset,
959 4107 1042 4160 etiarn
1059 4105 1202 4160 Marcellos
1219 4103 1250 4157 iis
1265 4113 1315 4151 con

222 4190 333 4246 anun
352 4188 443 4252 luent,
462 4186 680 4242 minorantur.
768 4245 772 4254 ¹
861 4231 863 4235 .

298 4273 318 4344 ¹)
336 4267 368 4322 V.
388 4267 517 4323 Athenas.
537 4267 613 4335 Apol.
632 4283 654 4320 a
673 4266 766 4321 Arion.
785 4282 811 4320 n.
831 4265 873 4324 68.

534 4361 547 4386 Ο
