2806 4848
242 467 292 522 106
412 471 452 524 De
470 470 615 526 Arianmmi
634 471 808 538 decrementis
827 489 858 526 ac
876 473 910 528 de
929 473 1008 530 Cone.
1029 475 1139 530 GPtsno
1158 477 1179 530 1.

116 705 186 735 Μ·
242 712 376 793 incidat,
410 722 442 776 et
473 714 656 797 quaestioni
681 713 898 798 explicandae
931 716 1098 797 inserviat,
1122 718 1282 803 quaedam
1303 741 1336 780 ex

241 811 380 896 Sulpitio
404 811 526 878 Severo
550 812 652 875 citare
668 811 812 896 juvabit.
835 812 1013 899 Postquam
1044 816 1070 878 is
1093 819 1250 898 narravit,
1272 837 1336 900 quo·

179 969 181 974 .
241 908 338 972 modo
362 931 475 974 versus
498 908 596 972 finem
621 907 744 972 saeculi
765 911 872 995 quarti
889 910 1115 976 Priscillianus
1138 915 1172 977 in
1188 914 1336 1000 Hispania

242 1007 380 1070 infames
413 1005 644 1070 Gnosticorum
674 1008 921 1090 superstitiones
943 1010 1207 1090 instauraverit,
1241 1014 1335 1074 varios

242 1126 397 1190 sequaces
411 1104 452 1168 ed
477 1125 511 1168 se
527 1105 708 1185 attraxerit,
723 1125 785 1168 nec
801 1105 1002 1190 synodorum
1025 1117 1059 1170 et
1079 1109 1248 1173 variorum
1270 1111 1336 1193 epis

242 1224 397 1286 caporum
413 1201 584 1266 conatibus
599 1204 761 1286 compesci
778 1205 930 1289 potuerit,
941 1205 1012 1289 jam
1028 1207 1173 1290 exponit,
1188 1207 1336 1292 quomodo

242 1397 409 1478 sistebant,
433 1421 504 1462 rem
526 1398 570 1462 ad
593 1398 777 1462 llaximum
800 1398 1034 1483 Imperatorem
1058 1399 1245 1466 detulerint.
1287 1405 1337 1478 lto,

242 1494 365 1574 scribit,
389 1497 527 1560 Itlccius
551 1499 673 1574 statuit,
698 1496 771 1560 licet
797 1496 890 1562 relus
916 1496 1030 1575 dubiis,
1053 1501 1128 1562 noni
1149 1501 1339 1585 Imperatoria

242 1593 409 1657 adocmum
441 1605 637 1679 suspectare,
662 1595 788 1658 interim
820 1594 882 1659 siti
908 1595 988 1659 aulul
1011 1597 1206 1682 apitandum.
1253 1597 1340 1683 lpus

241 1689 295 1752 nti·
318 1692 480 1755 illusimus
503 1693 654 1778 oppidum
688 1693 890 1758 'licuerorum
922 1693 1020 1758 uictor
1047 1695 1206 1780 inpressam
1229 1705 1281 1772 est,
1301 1695 1338 1756 in·

241 1787 321 1872 perit
344 1811 454 1876 preces
480 1789 655 1874 plenaria
681 1789 917 1856 Priscillianum
941 1815 977 1854 ac
1001 1793 1100 1856 sodes
1122 1797 1190 1883 ejus
1212 1792 1339 1856 inuidiae

243 1895 333 1969 atque
364 1889 534 1952 marinum.
575 1885 695 1960 Quibus
712 1899 875 1973 ¹permotus
888 1890 1072 1974 Imperator,
1096 1891 1183 1955 datis
1203 1891 1247 1954 nd
1256 1913 1339 1976 prae·

234 1983 356 2068 fectum
391 1983 572 2066 Gallianum
602 1995 693 2070 utque
723 1987 767 2050 ad
799 1988 950 2050 maasiam
972 1987 1205 2074 Hispaniarum
1227 1989 1340 2064 litteris,
1385 2019 1386 2036 ¹

243 2105 346 2146 omnes
368 2084 493 2148 omriino
516 2105 591 2167 quos
615 2083 701 2148 labes
721 2084 782 2148 illc
795 2085 979 2163 incoluerat,
1000 2085 1114 2150 deduci
1136 2087 1180 2150 orl
1202 2087 1340 2173 synodum

241 2177 500 2266 Burdipalensem
515 2181 615 2271 jubet
645 2183 698 2244 Ita
720 2181 856 2250 deducti.
869 2183 1045 2247 Instantius
1068 2196 1098 2247 et
1118 2184 1342 2259 fflaatlianm

241 2301 370 2362 quorum
393 2281 568 2344 balantias
595 2281 689 2365 prior
705 2283 815 2368 jusum
845 2303 972 2344 causam
999 2281 1111 2358 dicere,
1131 2293 1294 2367 postpuam
1314 2303 1340 2343 se

238 2399 354 2465 param
378 2377 600 2462 eapurpalrm,
630 2377 779 2462 indipnua
811 2399 876 2441 csse
913 2379 1095 2463 episcopatu
1125 2380 1340 2465 pronuntiatus

241 2485 295 2538 est.
342 2474 564 2540 Priscillianus
586 2497 667 2553 aero,
692 2497 729 2537 ne
754 2475 793 2538 alr
817 2477 972 2562 episcopis
998 2476 1174 2556 erudiretur,
1199 2476 1241 2540 nd
1257 2477 1337 2562 prin

241 2573 338 2658 cipem
359 2574 552 2657 prouocauit,
579 2574 823 2658 pemaissumque
856 2572 891 2636 id
923 2584 1099 2637 nosnnmm
1127 2573 1335 2638 inanimatio·
1385 2597 1386 2618 .

240 2671 315 2754 quiin
333 2680 393 2740 ,aut
417 2672 603 2734 sententiam
633 2671 669 2733 in
690 2669 905 2756 refrepantcm
919 2669 1011 2753 ferre
1038 2669 1220 2749 misaam,
1243 2681 1294 2735 aut
1313 2671 1337 2730 ri

241 2769 273 2831 lei
295 2769 360 2854 epm
382 2769 517 2853 suspecti
537 2767 740 2844 habebantur,
765 2767 841 2832 aliis
868 2769 1023 2853 episcopis
1046 2772 1230 2834 sententiam
1252 2791 1334 2832 reser-

242 2889 324 2942 vare,
347 2889 411 2929 non
443 2888 569 2930 causam
592 2866 781 2950 Imperatori
812 2865 850 2928 cle
881 2875 944 2928 tam
967 2865 1145 2950 manifestis
1172 2863 1336 2930 criminalia

238 2965 427 3048 permittere.
452 3001 495 3010 ·-
519 2962 631 3042 Vides,
655 2985 675 3026 a
698 2961 838 3048 Sulpitio
871 2963 904 3026 id
928 2962 1134 3048 reprehendi,
1159 2963 1245 3051 quod
1265 2961 1334 3046 epis-

241 3062 314 3144 copi
333 3059 465 3146 judioes
489 3062 574 3146 passi
599 3062 686 3141 sint,
704 3069 741 3124 ut
764 3083 864 3126 cause
896 3060 1118 3126 ecclesiastica
1141 3062 1184 3126 ad
1208 3055 1333 3124 tribuual

240 3158 450 3244 Imperatoris
483 3157 672 3224 deferretur.
709 3158 882 3223 Praeterea
913 3169 1037 3223 aestum
1064 3158 1181 3224 ithacii
1206 3155 1333 3245 episcopi

241 3259 349 3321 minus
373 3256 464 3340 digni
490 3258 605 3342 carpit.
642 3293 685 3302 -
723 3257 786 3334 lta,
818 3257 935 3342 pergit,
960 3279 1064 3320 omnes
1086 3280 1163 3342 quos
1186 3279 1276 3322 causa
1296 3255 1333 3316 in-

243 3356 387 3434 coluerat,
413 3357 457 3419 ad
478 3378 579 3441 repam
602 3354 736 3418 deducti.
769 3353 873 3418 &cuti
891 3356 986 3418 etiam
1009 3365 1207 3420 accusatores
1224 3353 1334 3418 lueis

242 3465 271 3516 et
294 3455 431 3518 Ithacius
454 3454 602 3539 episcopi,
625 3475 755 3536 qnorum
783 3453 921 3518 studium
947 3454 980 3516 in
1005 3453 1226 3540 espupmndis
1244 3453 1332 3514 loerr-

242 3553 312 3615 ticis
333 3575 396 3614 non
419 3551 682 3637 reprenendam,
715 3552 744 3614 si
765 3573 829 3614 non
860 3549 964 3616 sardio
994 3551 1141 3616 uincendi
1163 3551 1238 3637 plus
1257 3567 1333 3634 mou

242 3651 380 3735 oportuit
403 3659 581 3714 certassent.
630 3648 675 3714 Ao
698 3671 767 3712 mea
790 3650 912 3734 quidem
935 3650 1090 3714 sententia
1114 3660 1170 3728 est,
1196 3649 1264 3711 milri
1285 3656 1333 3708 ton

243 3771 310 3812 rcus
332 3769 424 3831 quiam
447 3757 643 3812 accusatores
667 3747 843 3832 displicere.
873 3743 961 3810 Certe
976 3748 1129 3812 lutacium
1151 3746 1230 3810 simil
1246 3741 1333 3831 perui,

242 3845 319 3910 nihil
352 3845 453 3908 sancti
485 3844 627 3910 hahuisse
651 3844 783 3928 (trifinio,⁸
803 3844 876 3929 suit
899 3845 981 3908 enim
1003 3845 1124 3924 audac,
1150 3844 1272 3930 lupum
1293 3843 1334 3902 iu·

237 3945 379 4031 prudens,
413 3955 623 4029 sumptuosus,
657 3943 758 4008 centri
787 3953 816 4006 et
846 3943 938 4030 palae
961 3942 1135 4028 plurimum
1164 3940 1332 4026 imperitas·

242 4044 304 4106 Hic
332 4041 484 4105 stultitiae
509 4065 638 4126 eousque
656 4051 871 4127 processerat,
909 4052 943 4104 ut
973 4063 1077 4104 omnes
1105 4040 1201 4104 ctiam
1229 4044 1334 4102 structu

243 4143 335 4217 uiros,
368 4138 477 4223 qratia
511 4151 566 4203 erut
595 4139 732 4204 studium
762 4140 865 4202 inerat
895 4138 1053 4215 lectionis,
1082 4147 1138 4202 aut
1156 4135 1332 4223 prepositum

242 4249 311 4301 erat
332 4247 451 4300 certare
467 4239 619 4327 jejuniis,
652 4247 801 4321 ineptiam
834 4236 1032 4301 Iliscilliuni
1060 4237 1160 4300 sodor
1183 4244 1237 4298 ant
1256 4227 1333 4292 disn-

1385 177 1386 204 l

1385 369 1386 420 l

86 631 216 676 aasentias
329 616 381 680 32.
408 615 518 695 Quum
552 623 690 678 eventus
722 617 758 680 in
781 639 821 680 ea
844 616 885 682 de
908 617 1029 703 quibus
1052 621 1181 703 agimus
1205 631 1335 706 tempora

1385 1965 1386 2016 l
