2810 4846
405 450 611 505 Nestorianiami
630 451 799 520 propagatio.
1108 453 1160 506 257

60 593 246 658 inGraeeoe
269 593 393 674 odium,
426 616 490 679 quo
521 595 640 658 Persae
674 594 737 659 sibi
767 595 873 678 magis
898 594 1069 659 devinctos
1092 595 1160 658 fore

60 693 204 778 putabant
228 690 435 756 Christianos
468 715 546 756 snae
579 693 738 776 regionis,
771 694 798 756 si
821 692 856 756 hi
879 692 1037 777 religione
1061 694 1160 756 etiam

59 789 222 854 aGraeeie
255 789 476 855 dissentirent.
523 790 576 853 Ex
609 790 744 855 Perside
778 812 873 876 porro
908 790 1007 854 latius
1040 791 1161 855 diffusa
1215 801 1220 818 '

59 901 98 951 est
117 888 270 974 pestifera
292 886 379 972 lues3
404 910 480 952 nam
505 898 537 951 et
551 887 696 970 Syriam,
720 889 994 974 Mesopotamiam
1019 899 1051 950 et
1067 887 1161 952 Chal-

59 986 160 1050 daeam
183 985 308 1068 iniecit,
333 996 366 1050 et
388 985 486 1072 paulo
510 996 583 1072 post
606 1007 665 1071 per
687 987 890 1072 Aegyptum,
915 984 1085 1069 Arabiam,
1109 986 1161 1050 In·

59 1083 145 1165 diam,
169 1105 273 1170 usque
297 1086 332 1148 in
355 1085 532 1169 imperium
558 1081 697 1148 Sinense
724 1093 904 1171 propagata
934 1093 992 1164 est,
1023 1085 1068 1147 ita
1092 1086 1161 1170 qui-

59 1180 120 1245 dem
143 1190 179 1245 ut
202 1180 333 1244 saeculo
356 1180 444 1246 ΧΙΠ
466 1189 600 1246 eentum
627 1183 757 1246 circiter
780 1192 813 1245 et
835 1182 1077 1267 quinquaginta
1099 1182 1160 1246 Ne-

12 1299 13 1306 *
59 1281 263 1343 aerianorum
296 1289 404 1344 essent
436 1281 471 1342 in
505 1277 640 1344 Oriente
670 1281 827 1366 episcopi.
873 1278 940 1345 Sed
963 1279 1161 1366 subsequen-

12 1431 13 1434 ,
59 1377 133 1440 tibus
156 1376 297 1440 saeculis
327 1378 474 1442 maxima
496 1377 767 1442 Nestorianomm
799 1399 875 1463 pars
904 1400 925 1443 a
947 1375 1161 1441 Muhameda-

12 1499 14 1530 ε
59 1477 99 1538 nis
121 1477 340 1539 exterminata
364 1485 420 1557 est,
446 1485 478 1540 et
492 1475 547 1540 alii
572 1477 729 1539 unionem
740 1497 817 1539 oum
830 1474 981 1539 Ecclesia
1005 1475 1160 1556 inierunt,

59 1575 95 1636 ita
116 1584 150 1637 nt
172 1583 284 1638 nostro
307 1583 455 1659 tempore
479 1575 513 1637 in
537 1573 677 1656 Assyria
705 1583 738 1636 et
759 1572 895 1638 Perside
919 1574 979 1637 vix
1001 1573 1162 1656 tringinta

12 1713 13 1716 =
59 1671 148 1735 millia
171 1669 445 1753 Christianorum,
470 1673 527 1756 qui
540 1671 756 1736 Nestorianae
773 1670 900 1736 haeresi
924 1670 1049 1734 addicti
1074 1679 1160 1750 sunt,

59 1792 214 1856 mperesse
238 1769 424 1836 videantur.

99 4345 223 4397 rupuar.
237 4345 412 4388 Dissertationes.
422 4345 480 4386 Tem.
497 4345 522 4389 11.
