2836 4804
364 477 484 530 Exsmsn
503 473 641 543 Epistolse
659 473 693 528 sd
710 474 878 532 marianum
1128 479 1182 532 eso

73 622 178 684 leonis
211 622 386 685 invenimus
417 619 590 683 consentire
623 619 768 682 trecentis
800 618 902 683 decem
925 631 955 684 et
987 632 1063 702 octo,
1089 633 1118 686 et
1140 623 1182 688 iis

71 741 142 803 quae
175 743 196 781 a
228 720 425 782 sanctissimo
461 714 579 802 Cpr-illo
613 727 686 780 sunt
713 718 867 802 seposita.
885 755 925 764 —
945 717 1060 803 Oyrilli
1085 741 1180 804 porro

71 813 201 900 epistole
220 816 292 900 jem
324 837 384 901 per
408 811 592 877 Concilium
624 813 873 877 oecumenicum
894 813 1102 899 Ephesinum
1125 839 1180 901 sp·

72 913 203 998 probate
236 922 322 994 erat,
357 911 505 996 adeoque
529 910 632 990 vides,
657 909 820 995 ejusmodi
845 912 1102 976 confirmationis
1125 935 1179 978 vo·

70 1029 131 1074 tum
154 1011 350 1097 neutiquam
373 1032 416 1072 ex
439 1017 557 1072 nutura
581 1030 639 1072 sus
663 1031 701 1072 eo
723 1009 898 1093 pertinere,
922 1019 959 1073 ut
982 1007 1178 1076 documento

70 1110 206 1192 primum
230 1111 282 1171 vis
305 1107 501 1172 conferetur.

148 1206 203 1270 47.
228 1203 295 1270 Sed
328 1225 412 1290 quae
442 1202 568 1288 ipseS.
592 1201 660 1266 Leo
683 1203 839 1268 Pontifex
867 1202 908 1267 de
936 1203 993 1268 ills
1024 1206 1180 1290 epistolae
1197 1219 1273 1258 bnis
1289 1229 1336 1259 ³0¹¹·

69 1323 139 1365 sune
161 1304 396 1367 retractatione
420 1311 452 1364 et
475 1299 722 1364 confirmatione
746 1300 859 1365 dicit
844 1322 915 1386 Jsm
942 1303 1123 1384 videamus,
1145 1315 1181 1368 ut
1229 1279 1305 1320 ’Μ

15 1415 16 1430 ’
70 1399 233 1464 exiisdem
253 1421 337 1486 quse
352 1400 528 1464 asserimus
543 1397 789 1479 confirmemus,
804 1407 837 1461 et
851 1398 1010 1483 quasdam
1028 1399 1180 1485 objectio·

71 1501 113 1560 nis
127 1521 169 1562 ex
183 1499 308 1562 Leonis
325 1496 437 1561 verbis
452 1495 661 1580 depromptas
678 1496 776 1558 etiem
792 1495 966 1563 diluemus.
995 1498 1063 1562 Leo
1081 1500 1182 1582 igitur

14 1507 16 1674 l
69 1606 133 1679 post
157 1595 348 1660 Concilium
373 1591 640 1657 Chalcedonensis
664 1592 835 1677 epistolum
859 1596 989 1680 scripsit
1010 1596 1053 1660 sd
1077 1597 1180 1662 Theo·

14 1761 15 1768 χ
69 1692 211 1757 doretum
245 1695 438 1778 episcopum
472 1689 709 1773 Cyrensem,'
701 1713 735 1754 sn
768 1713 833 1776 que
867 1694 897 1756 ei
921 1692 962 1757 de
986 1692 1050 1758 fide
1073 1705 1180 1780 gratu·

68 1789 146 1853 letus
178 1811 322 1875 eumque
360 1789 403 1853 ed
434 1789 713 1873 perseverentiam
746 1789 903 1854 hortetur.
959 1793 1180 1857 Remeantibus

14 1949 16 1958 ,
69 1889 105 1950 ed
127 1911 194 1966 nos,
220 1889 346 1968 scribit,
363 1886 527 1974 fratribus
550 1897 579 1950 et
594 1887 865 1952 cornacerdotsbus
887 1890 1014 1967 nostris,
1039 1912 1115 1974 quos
1137 1892 1181 1954 ad

14 1973 15 1998 ³
68 1997 201 2050 sanctum
217 1985 391 2051 Concilium
416 1983 512 2048 Sedes
541 1984 625 2048 beati
647 1983 735 2048 Petri
765 1985 894 2062 diremit,
919 1988 1108 2071 synonimus,
1132 1988 1179 2051 di·

68 2081 223 2146 lecticnem
237 2094 334 2160 mam,
357 2103 492 2168 superno
513 2080 683 2170 adjunctio,
704 2081 863 2146 molucam
886 2093 950 2145 tam
966 2083 1179 2150 Nestos-ianae

68 2183 248 2264 inpietatis,
283 2203 376 2266 quam
399 2179 613 2264 Eutychianos
646 2181 792 2242 vesaniae
824 2181 982 2244 institisse
1013 2183 1178 2247 victricem.

14 2279 15 2284 ’
71 2277 153 2340 Unde
176 2278 353 2364 plor-inmun
384 2278 419 2339 in
442 2277 578 2340 Domino
612 2299 679 2338 cum
700 2278 857 2362 propheta
879 2289 1044 2343 canentes:
1080 2281 1179 2370 Adju-

69 2377 174 2438 tosium
196 2386 339 2439 nemnem
361 2376 397 2437 in
428 2374 551 2436 nomine
574 2373 714 2452 Domini,
748 2376 803 2458 qui
817 2373 902 2459 fecit
929 2373 1044 2440 cochem
1067 2389 1097 2440 et
1121 2390 1179 2442 ter·

68 2495 138 2550 ram,
162 2474 219 2558 qui
240 2471 364 2536 nullum
386 2493 443 2534 nos
466 2472 502 2534 in
528 2472 645 2534 nostris
660 2471 825 2556 fratribus
849 2472 1066 2539 detrimentum
1090 2479 1180 2541 sasti-

13 2585 14 2588 ’
69 2593 132 2632 nere
158 2571 320 2656 permisit,
353 2568 408 2633 sed
440 2591 518 2652 quae
550 2579 657 2632 nostro
675 2571 770 2654 prius
801 2571 975 2635 ministerio
1003 2573 1180 2656 definierat,

68 2668 225 2730 ssmcersae
241 2667 466 2753 fraternitatis
489 2666 716 2729 irretractabili
728 2667 868 2750 finnauit
891 2691 1030 2748 assensu,
1055 2681 1089 2734 ut
1111 2696 1180 2735 vere

69 2785 85 2822 a
106 2787 134 2827 se
153 2765 305 2850 prodisse
328 2763 522 2840 ostenderet,
556 2763 638 2846 quod
656 2765 751 2848 prius
781 2787 801 2827 a
818 2766 927 2850 prima
951 2768 1087 2830 omnium
1109 2772 1180 2834 sede

62 2859 242 2942 fornsatum,
267 2862 365 2924 tonus
395 2861 561 2924 christiani
587 2860 672 2925 orbis
687 2862 845 2948 judicium
866 2865 1051 2948 recepisset:
1089 2871 1181 2932 utin

13 3001 14 3046 }
67 2957 113 3018 lece
135 2979 255 3044 quoque
279 2957 380 3042 capiti
402 2957 539 3020 matra
562 2959 756 3037 concordent,
789 2960 825 3022 in
847 2983 906 3046 qao
930 2962 1068 3047 amplius
1090 2966 1181 3030 nobis

67 3057 208 3118 accrescit
239 3054 401 3139 pandendi
432 3056 576 3132 materia,
601 3055 675 3118 dum
706 3067 735 3119 et
759 3067 847 3120 tanto
869 3061 970 3143 napis
993 3083 1023 3124 se
1042 3063 1181 3146 perculit

68 3151 216 3230 inimicus,
250 3161 367 3236 quanto
407 3163 517 3216 contra
551 3151 670 3216 Christi
702 3155 825 3218 saevius
853 3156 1037 3222 insurrexit.
1095 3161 1182 3224 Nam

13 3251 14 3256 ’
68 3271 99 3310 ne
122 3249 262 3314 aliarum
284 3250 406 3313 sedium
428 3249 471 3312 cd
495 3273 573 3327 scm,
597 3273 690 3335 quam
713 3254 844 3315 caeteris
866 3257 1003 3318 omnium
1026 3257 1181 3322 Dominus

67 3349 172 3410 steterit
188 3347 387 3433 praesidere,
420 3369 586 3411 consensus
618 3350 789 3411 assentatio
823 3350 997 3431 videretur,
1033 3365 1089 3417 aut
1112 3355 1181 3418 alia

66 3443 217 3525 quaelibet
249 3445 413 3529 subrepere
440 3456 549 3530 posset
581 3446 714 3508 aduersa
748 3449 904 3532 suspicio,
940 3453 1060 3514 iacenti
1085 3454 1180 3536 prius

67 3553 132 3605 sunt
162 3545 219 3628 pai
250 3543 288 3606 de
314 3543 449 3631 judiciis
480 3545 598 3606 nostris
627 3543 825 3628 ambiperent.
874 3546 916 3609 Et
938 3548 1013 3611 dum
1034 3549 1181 3614 nonnulii

67 3638 292 3704 dissensionum
325 3641 451 3703 incitati
482 3650 606 3704 auctore
639 3641 683 3704 ad
710 3643 970 3708 contradictionis
1002 3645 1086 3708 bella
1104 3671 1179 3732 pro·

66 3734 183 3815 siliunt,
215 3737 259 3800 ad
291 3741 394 3826 majus
427 3737 539 3800 bonum
570 3737 687 3800 nechim
718 3744 794 3826 ejus,
829 3752 954 3805 auctore
988 3744 1083 3806 totius
1107 3744 1181 3808 boni

66 3831 273 3918 dispensante,
281 3845 466 3920 peruentum
489 3845 544 3898 est.
590 3835 724 3899 Dulcius
738 3838 890 3922 siquidem
912 3861 1041 3902 munera
1055 3843 1179 3925 pretim

67 3927 188 3994 divinae
205 3933 411 4017 proveniunt,
435 3934 555 4017 quoties
576 3953 639 3995 non
662 3935 865 4021 sinemapnis
888 3936 1053 4000 anonim
1075 3939 1179 4022 acqui-

67 4039 181 4092 nmtur.
228 4029 272 4092 Et
302 4030 407 4092 minus
439 4029 550 4094 bonum
582 4029 685 4093 videri
716 4031 794 4095 solet
811 4056 884 4120 pan
916 4035 1099 4096 corstinnata
1118 4057 1179 4118 per

68 4125 166 4206 otim,
199 4125 292 4211 qnam
324 4127 452 4190 reddita
477 4150 541 4212 per
572 4125 719 4193 laborem.
766 4132 842 4218 Ipsa
870 4155 986 4217 quicque
1010 4131 1125 4193 veritas
1150 4143 1179 4194 et

67 4220 178 4286 islarius
223 4225 403 4302 renitescit,
438 4233 467 4288 et
509 4227 619 4310 potius
659 4229 832 4309 retinetur,
873 4231 947 4294 diem
987 4249 1065 4312 quae
1093 4229 1178 4308 ⁸tides
