2900 4800
131 922 222 1032 Quidu·

256 475 310 530 teo
628 473 669 529 De
687 489 769 529 causa
786 475 951 532 Honorillt
970 475 1001 532 P.

257 616 512 704 explicationem
535 639 601 682 non
616 616 721 682 solum
744 619 854 704 piam,
879 619 936 684 sed
953 641 1065 684 veram
1076 643 1174 722 esse,
1196 623 1379 688 ostendunt

257 718 367 782 omnia
391 715 511 802 quibus
535 717 685 801 superius
716 715 949 802 probavimus,
983 701 1168 784 Honorinm
1192 720 1309 786 abeam
1332 721 1375 786 ab

256 837 363 880 errore
386 813 684 878 Monotheletarum
708 823 741 878 et
764 811 981 880 orthodoxam
1006 816 1190 882 doctrinam
1215 819 1375 904 profiteri.

344 912 397 977 66.
423 911 521 994 Quod
546 911 713 976 Honorius
736 912 869 998 scribit,
893 912 997 978 verba
1021 912 1164 980 Christi.
1202 917 1281 981 Noa
1303 921 1377 982 ueni

154 979 359 1096 mustaceus
382 1009 572 1074 volantatem
594 1031 693 1073 mecm
716 1018 798 1092 ete,
831 1031 899 1076 nou
922 1033 993 1076 esse
1015 1012 1196 1078 voluntatis
1220 1013 1373 1079 diversae

254 1109 289 1198 (i.
314 1133 341 1175 e.
367 1105 577 1194 contrariae),
602 1107 659 1172 sed
682 1109 930 1194 dispensationis
953 1112 1159 1176 temortatis
1181 1121 1373 1199 assumptae,

253 1217 383 1272 tantum
406 1207 499 1270 abest
522 1215 559 1269 ut
580 1205 692 1270 faveat
714 1205 979 1273 adversariorum
1003 1209 1150 1295 placitis,
1174 1219 1213 1272 ut
1231 1210 1370 1275 Honor-ii

254 1304 483 1370 orthodoxiam
508 1301 688 1369 confirmet.
734 1303 867 1368 Etenim
901 1327 1032 1371 sensum
1065 1305 1156 1372 haud
1179 1305 1266 1372 bene
1289 1330 1372 1372 asse-

254 1405 321 1468 cuti
354 1411 446 1484 sunt,
477 1404 532 1488 qui
570 1403 802 1466 existimavere
836 1401 1040 1488 Honorium,
1074 1403 1154 1470 dum
1185 1403 1282 1488 dicit,
1316 1405 1373 1470 illa

253 1500 356 1565 verba
372 1521 442 1564 esse
458 1500 706 1586 dispensationis
721 1499 937 1566 humanitatis
952 1511 1155 1588 assumptae,
1172 1502 1369 1588 significare,

253 1621 292 1662 ea
314 1597 442 1684 prolata
466 1618 536 1661 esse
559 1605 687 1662 tantum
711 1601 904 1663 oeconomia
926 1599 1081 1686 quadam,
1106 1621 1164 1665 seu
1188 1621 1371 1665 accommo-

252 1695 385 1760 datione
414 1693 585 1781 loquendi,
619 1717 735 1759 revera
765 1705 877 1761 autem
907 1695 1076 1762 Christum
1112 1719 1180 1762 nou
1212 1697 1372 1764 habuisse

252 1794 455 1859 voluntatem
488 1791 678 1857 humanam.
726 1793 803 1858 Alia
836 1803 886 1858 est
915 1793 1045 1860 illorum
1069 1796 1245 1860 verborum
1271 1798 1370 1882 signi-

252 1892 371 1957 ficatio.
418 1891 698 1976 Frequentissima
722 1893 812 1956 enim
836 1902 884 1956 est
907 1893 972 1957 ista
994 1892 1115 1958 locutio
1139 1894 1229 1980 apud
1242 1895 1369 1978 Patres,

251 1998 288 2054 ut
321 1992 454 2054 nomine
485 1988 758 2074 dispensationis,
789 1988 843 2054 vel
873 1990 1129 2076 dispensationis
1151 1989 1370 2056 humanitatis

251 2097 448 2173 assumptae,
472 2086 653 2151 humanam
688 2097 840 2152 naturam
872 2086 975 2152 libere
1002 2099 1203 2175 assumptam
1227 2098 1369 2176 atquae

251 2186 294 2252 ad
324 2207 396 2251 eam
429 2185 594 2272 pertinent
626 2187 826 2271 exprimant.
871 2185 1052 2271 Praecipue
1084 2207 1163 2251 vero
1187 2185 1311 2252 bacin
1334 2211 1369 2252 re

251 2279 459 2367 οἶκονομίκως
486 2305 542 2346 seu
567 2283 811 2368 dispensatione
831 2283 886 2366 fit,
911 2283 999 2369 quod
1023 2285 1176 2370 quamvis
1199 2305 1299 2368 vere,
1324 2295 1367 2349 ta-

251 2403 326 2446 men
349 2381 617 2446 accomodatione
641 2381 784 2467 quadam
801 2379 838 2444 fit
865 2389 898 2445 et
921 2381 1110 2446 decessione
1134 2380 1272 2468 dejure
1296 2403 1364 2449 suo.

252 2473 464 2566 „Oiaooopim
477 2479 524 2542 ait
532 2478 688 2543 Patavina
693 2529 702 2559 ,
720 2477 760 2542 de
772 2476 895 2544 Christi
910 2483 1119 2565 perpessione
1132 2489 1164 2543 et
1173 2478 1365 2566 hujusmodi

250 2578 387 2642 caeteris
411 2577 541 2659 dicitur,
566 2597 651 2662 quae
675 2575 743 2641 sola
765 2577 935 2642 voluntate
959 2587 992 2641 et
1014 2577 1219 2662 benignitate
1243 2577 1288 2643 ad
1312 2578 1363 2642 ho-

249 2678 375 2740 minum
398 2673 574 2738 utilitatem
598 2683 630 2738 et
645 2673 848 2760 exemplum,
869 2695 936 2740 non
951 2695 993 2738 ex
1015 2683 1203 2760 assumptae
1226 2685 1365 2740 naturae

247 2775 464 2861 proprietate,
489 2773 558 2836 sive
582 2781 619 2836 nt
642 2769 761 2837 Graeci
784 2771 978 2858 loquuntur,
1002 2767 1182 2857 ἀκολουθίᾳ
1203 2773 1286 2838 fecit
1309 2783 1364 2838 aut

248 2867 469 2956 sustinuit“¹).
516 2869 606 2934 Hinc
630 2891 669 2934 ea
696 2871 823 2933 ratione
853 2871 969 2935 merito
992 2871 1225 2957 exprimuntur
1247 2871 1296 2936 illi
1320 2871 1361 2935 as·

246 2970 352 3034 sectus
375 2969 545 3047 tristitiae,
579 2969 767 3052 angustiae,
792 2975 825 3031 et
847 2967 1063 3033 reluctantiae
1086 2977 1200 3032 contra
1224 2981 1360 3033 mortem

247 3078 279 3132 et
301 3068 503 3154 passionem,
528 3086 609 3152 ques
634 3063 782 3130 Christus
805 3064 906 3130 libere
930 3066 1065 3131 admisit
1087 3068 1122 3130 in
1146 3065 1240 3130 horto
1252 3067 1359 3134 Oliva-

246 3187 318 3230 rum
349 3174 382 3228 et
413 3165 546 3228 nemine
569 3163 741 3228 voluntatis
769 3185 855 3228 meaa
884 3161 1079 3250 exprimit¹).
1126 3163 1170 3228 Et
1192 3163 1358 3230 Honorius
1443 3247 1444 3250 Ἴ

322 3377 340 3449 ¹)
360 3377 400 3432 De
417 3377 523 3432 Inoam.
544 3375 573 3429 h.
594 3375 627 3430 11.
647 3391 668 3429 e.
689 3378 712 3430 1.
732 3393 758 3432 u.
779 3377 803 3429 8.

320 3457 341 3526 ')
360 3457 501 3511 Praeclare
519 3457 553 3510 ad
571 3471 627 3511 rem
645 3455 670 3510 S.
684 3456 867 3526 hominus:
883 3455 965 3522 „Cum
977 3462 1078 3511 rectam
1096 3457 1230 3512 rationem
1249 3471 1356 3525 sennan

245 3544 291 3592 tur
311 3537 381 3592 istae
399 3536 568 3600 affectiones,
587 3536 693 3604 quando
706 3536 748 3590 uti
761 3541 869 3604 oportet
881 3536 1056 3602 adhibentur,
1074 3537 1192 3604 quiaeas
1210 3547 1276 3593 tune
1294 3554 1357 3594 mor·

247 3618 292 3672 bos
310 3631 358 3671 seu
377 3616 490 3670 vitiosas
514 3615 652 3685 passiones
676 3617 776 3672 audeat
800 3617 906 3671 dicere?
937 3617 1113 3684 Quamobrem
1132 3617 1215 3672 etiam
1234 3619 1291 3688 ipsa
1308 3619 1356 3672 Do

245 3699 333 3753 minus
351 3697 380 3751 in
398 3697 484 3751 forma
502 3697 574 3752 servi
592 3711 675 3766 agere
693 3697 780 3751 vitam
798 3697 927 3766 dignatus
952 3696 1109 3761 humanam,
1128 3697 1174 3751 sed
1192 3697 1297 3754 nultum
1314 3697 1356 3750 ha·

244 3777 309 3833 bens
328 3777 434 3832 omnino
453 3782 605 3846 peccatum,
626 3775 750 3830 adhibuit
768 3792 813 3831 eas
826 3775 871 3831 ubi
891 3776 1054 3832 adhibendas
1073 3791 1131 3832 esse
1149 3777 1289 3846 judicarit.
1308 3777 1357 3830 Ne

245 3873 296 3927 que
314 3858 384 3912 enim
403 3858 432 3911 in
451 3873 502 3925 quo
520 3873 614 3912 verum
633 3864 692 3911 erat
710 3856 824 3911 hominis
852 3857 970 3924 animus,
988 3857 1073 3912 falsus
1091 3863 1153 3912 erat
1170 3858 1301 3913 humanus
1319 3857 1356 3910 as·

244 3937 338 3993 scetus.
377 3937 444 3992 Cum
463 3953 530 4007 ergo
548 3937 605 4008 ejus
625 3938 653 3992 in
662 3937 813 4007 Evangelio
831 3937 886 3992 ista
904 3943 1061 4000 narrentur,
1081 3979 1086 3989 .
1107 3981 1114 3994 .
1135 3983 1140 3993 .
1160 3941 1230 4006 qnod
1248 3939 1354 3994 dixerit:

244 4018 356 4075 Gaudeo
371 4023 488 4088 propter
505 4033 559 4084 vos,
579 4023 610 4072 ut
628 4018 759 4084 credatis,
786 4058 792 4073 .
813 4059 819 4074 .
839 4059 846 4074 .
867 4017 935 4084 quod
953 4017 1150 4086 propinquante
1169 4019 1291 4087 passione
1309 4017 1355 4070 tri·

243 4096 294 4154 stis
311 4094 396 4152 inerit
415 4097 506 4152 anima
525 4097 599 4168 ejus,
619 4113 672 4152 non
689 4095 1036 4165 falsontiquereieruntnr.
1056 4097 1156 4152 Verum
1175 4097 1222 4153 ille
1238 4099 1285 4152 hos
1303 4111 1353 4151 mo

243 4179 288 4228 tus
306 4181 393 4229 certae
420 4177 632 4244 dispensationis
653 4178 764 4244 pratia,
792 4177 832 4232 ita
857 4193 915 4232 cum
939 4177 1028 4232 soluit
1052 4179 1170 4246 suscepit
1197 4179 1283 4232 animo
1305 4175 1349 4229 hu-

241 4268 333 4318 mano,
351 4261 384 4308 nt
402 4271 461 4309 curn
479 4255 567 4309 voluit
593 4255 682 4310 factus
708 4261 750 4311 est
777 4257 878 4314 homu¹⁴
915 4257 955 4312 De
973 4257 1055 4314 civit.
1073 4257 1124 4312 Dei
1144 4257 1175 4313 1..
1195 4257 1266 4312 XIV.
1285 4273 1305 4310 a
1343 4295 1350 4308 .
