2924 4818
246 489 298 542 loo
609 483 649 541 De
668 485 754 556 Opere
771 482 1054 556 Philosophoumenon.

245 641 282 696 ut
306 630 533 697 Confessorem
558 631 656 696 valde
669 629 849 696 honorilice
864 635 900 698 iu
913 633 1052 698 ecclesia
1074 631 1225 698 habitum
1251 633 1370 698 fuisse.

246 729 343 793 Certa
373 739 483 794 autem
512 728 568 794 illa
598 751 726 793 summa
756 732 790 794 iu
823 752 952 796 menses
982 730 1127 816 singulos
1156 732 1200 796 ad
1234 734 1370 796 victum

245 829 274 890 ei
307 827 484 912 adscripta,
518 828 651 891 videtur
673 829 774 892 fuisse
806 831 920 914 pensio
944 851 1100 914 congrua,
1124 852 1209 916 quae
1234 830 1372 894 clericis

245 928 422 990 constituta
446 934 525 991 erat.
572 926 623 990 Ao
655 928 725 990 sine
750 925 852 991 dubio
884 949 921 991 eo
945 938 1092 1014 tempore
1109 928 1181 1013 jam
1206 926 1372 992 Callistus

244 1027 279 1090 in
302 1025 586 1088 administratione
609 1046 719 1088 rerum
734 1024 1029 1089 ecclesiasticarum
1045 1025 1143 1090 valde
1165 1025 1370 1111 prudentem

245 1132 277 1187 et
299 1122 475 1188 sollicitum
498 1143 568 1187 sese
592 1122 750 1204 ostendit3
781 1123 1010 1208 presbyterum
1039 1133 1151 1188 tamen
1174 1123 1268 1188 haud
1293 1147 1372 1188 oen·

245 1242 353 1286 semus
376 1222 484 1306 ipsum
507 1221 618 1287 fuisse.

92 1351 224 1452 ⁰⁰2⁵²¹²⁰⁶³⁰
334 1320 387 1383 22.
412 1319 443 1383 A
466 1318 654 1404 Zephyrino
679 1327 753 1403 post
778 1328 916 1383 mortem
934 1318 1079 1383 Victoris
1102 1319 1243 1384 Romam
1269 1341 1372 1385 voca-

135 1413 188 1454 iai.

244 1429 306 1500 tus,
331 1441 373 1482 ex
397 1419 584 1482 narratione
606 1416 761 1481 Auctoris
787 1417 875 1481 illius
901 1416 964 1480 fuit
989 1416 1124 1482 sedulus
1147 1417 1371 1496 administer-3

246 1517 503 1603 imoZephyrini
526 1517 671 1600 primum
696 1515 873 1579 diaconum
897 1515 998 1580 fuisse
1019 1514 1201 1597 Callistum,
1225 1537 1271 1578 ex
1298 1539 1372 1580 sen·

245 1617 348 1679 tentia
373 1617 519 1678 virorum
551 1635 661 1676 rerum
691 1614 897 1700 antiquitatis
920 1613 1193 1698 peritissimorum
1217 1612 1372 1678 dubitari
1453 1689 1454 1696 ἵ

245 1715 305 1776 vix
328 1721 443 1798 potest.
489 1711 567 1776 Jam
589 1720 682 1795 gesta
706 1711 941 1793 describamus,
965 1713 1014 1774 uti
1038 1709 1164 1775 collatis
1187 1711 1373 1777 documen·
1453 1753 1454 1762 .

245 1813 286 1874 tis
318 1811 524 1897 antiquitatis
557 1808 756 1895 explicanda
788 1807 906 1894 sunu).
953 1809 1046 1872 Dicit
1068 1807 1211 1891 Auctor,
1234 1809 1373 1895 Zephy·

246 1912 355 1974 rinum
372 1908 435 1972 sibi
451 1909 590 1972 sociasse
602 1906 772 1971 Callistum
788 1905 870 1990 πρὸς
885 1905 942 1993 τὴν
955 1903 1153 1970 κατάστασιν
1168 1911 1225 1970 τοῦ
1238 1906 1372 1994 κλήρου,
1453 1929 1454 1990 ]

246 2009 290 2072 ad
322 2008 573 2072 constitutionem
604 2003 697 2070 Cleri
755 2003 840 2069 Cum
878 2005 929 2069 his
967 2027 1005 2070 ea
1044 2005 1245 2070 conferenda
1278 2021 1371 2084 sunt,
1453 1993 1454 2046 l

247 2109 380 2193 quaein
394 2107 464 2169 vita
476 2103 657 2190 Zephyrini
673 2104 713 2167 de
728 2104 799 2189 ejus
818 2100 992 2168 Constituto
1006 2103 1168 2183 iubeatur,
1184 2113 1217 2167 et
1230 2127 1323 2190 quae
1338 2109 1370 2170 in
1453 2111 1454 2192 ᾖ

247 2207 316 2268 vita
330 2204 470 2285 Urbani,
487 2203 683 2266 successoris
699 2202 732 2266 S.
750 2200 887 2282 Callisti,
904 2201 1077 2265 dicuntur:
1109 2202 1172 2266 Hic
1188 2205 1372 2268 ministerio
1453 2245 1454 2250 κ

246 2313 374 2366 somata
384 2313 533 2388 argenteo
547 2301 709 2364 coristituit
722 2312 752 2364 et
762 2311 902 2385 patenae
918 2312 1083 2386 arqeatcas
1097 2301 1211 2386 viginti
1221 2303 1371 2388 quiaque,
1453 2363 1454 2368 ,

246 2402 341 2464 saum
350 2400 486 2463 cloucos.
499 2397 617 2485 (Catal.
627 2396 800 2484 Felician.)
809 2397 881 2461 —J
884 2419 938 2462 am
948 2398 1103 2479 vidimus,
1114 2395 1240 2462 ultimis
1248 2399 1370 2464 decen·

246 2501 310 2578 niis
325 2497 447 2562 saeculi
463 2497 599 2561 secundi
611 2518 785 2560 numerum
797 2495 1061 2560 Christianorum
1075 2517 1278 2582 magnopere
1293 2519 1370 2562 auc·
1453 2565 1454 2572 χ

246 2609 316 2661 tum
334 2597 444 2678 fuisse,
458 2605 557 2681 atque
573 2594 692 2658 multas
709 2595 853 2679 integras
869 2594 993 2658 Romae
1006 2593 1148 2658 familias
1165 2593 1370 2660 christianae
1453 2607 1454 2662 ἰ

246 2695 398 2780 religioni
412 2715 532 2758 nomen
548 2692 687 2757 dedisse.
717 2691 829 2772 Quum
849 2701 942 2758 tanta
964 2694 1066 2776 igitur
1084 2701 1168 2756 esset
1186 2692 1369 2758 multitudo
1453 2739 1454 2768 f

247 2793 404 2875 fidelium,
419 2801 522 2856 status
541 2791 699 2856 ecclesiae
714 2801 746 2853 et
757 2790 844 2855 Cleri
859 2793 958 2855 etiam
973 2801 1049 2876 apto
1060 2790 1157 2856 modo
1168 2812 1206 2854 eo
1217 2799 1369 2878 tempore
1453 2791 1454 2852 T

247 2892 450 2957 ordinandus
461 2899 493 2954 et
503 2889 728 2976 disponendus
738 2899 817 2970 erat,
829 2899 928 2974 atque
937 2889 1130 2974 praesertim
1139 2911 1159 2953 a
1167 2888 1225 2954 SS.
1236 2889 1368 2976 Zephy·
1453 2891 1454 2930 ³

247 2993 317 3056 rino
329 2999 361 3054 et
371 2988 506 3053 Callisto
519 2988 554 3052 id
568 2989 694 3052 factum
710 2996 767 3053 est.
791 2988 813 3053 J
815 3009 869 3050 am
880 2987 913 3053 S.
924 2987 1077 3052 Eraristo
1093 2987 1229 3073 quidem
1245 2988 1369 3052 adscri-

246 3089 337 3154 bitur
351 3088 540 3152 coustitutio
553 3085 638 3151 Cleri
649 3087 789 3150 Romani
805 3095 838 3149 et
847 3085 1026 3168 titulorum,
1041 3095 1187 3149 attamen
1208 3085 1301 3150 haud
1322 3089 1368 3151 in·

247 3187 436 3252 troductum
468 3186 531 3249 fuit
554 3185 808 3249 determinatum
836 3184 971 3270 aliquod
999 3194 1141 3268 systema
1164 3183 1367 3270 parochiale.

248 3287 293 3349 ita
316 3295 353 3348 ut
376 3283 498 3368 singuli
522 3282 704 3368 presbyteri
720 3303 848 3367 semper
864 3281 1081 3346 determinatis
1105 3281 1181 3346 locis
1204 3281 1367 3346 collectum

247 3405 324 3448 oum
347 3384 415 3446 suis
438 3380 592 3446 fidelibus
624 3379 793 3444 haberent.
840 3381 925 3444 Nam
958 3379 1044 3465 apud
1071 3379 1104 3445 S.
1128 3379 1301 3450 «Iustinum
1326 3380 1368 3444 le·

246 3484 364 3566 gimus,
395 3501 664 3565 unumquemque
694 3478 737 3542 ad
767 3479 927 3544 collectam
950 3479 1003 3570 ire
1027 3499 1092 3562 quo
1116 3478 1233 3542 melius
1256 3489 1367 3564 posset
1453 3515 1454 3530 2

248 3589 280 3644 et
294 3601 358 3665 quo
375 3575 516 3662 vellet.²)
540 3577 609 3642 Sub
626 3577 984 3662 S.Zep11yrinoautem
1000 3576 1134 3640 videtur
1148 3577 1253 3660 major
1267 3599 1367 3662 quae·

248 3678 324 3742 dam
348 3676 536 3741 introducta
559 3675 659 3740 fuisse
683 3675 853 3754 stabilitas,
886 3676 933 3738 ita
956 3684 992 3738 ut
1015 3676 1050 3739 in
1074 3675 1193 3758 viginti
1217 3676 1366 3760 quinque

247 3774 420 3861 parochias
444 3773 582 3838 ecclesia
605 3774 754 3838 Romana
784 3773 1045 3852 distribueretur,
1069 3795 1109 3836 ac
1132 3771 1253 3856 singidi
1277 3793 1366 3858 pres-

247 3875 354 3959 byteri
388 3875 593 3938 demoniacis
628 3873 693 3936 loco
719 3872 772 3936 die
805 3873 972 3936 dominica
995 3870 1165 3936 collectam
1193 3869 1364 3934 habereut.

336 3973 390 4037 23.
414 3972 476 4036 Jus
505 3970 719 4035 consecrandi
748 3971 930 4056 antiquitus
953 3979 1024 4034 erat
1046 3991 1147 4055 penes
1161 3969 1363 4055 episcopum.

248 4069 305 4135 sed
330 4070 384 4135 die
407 4069 587 4133 Dominica
619 4068 810 4132 mittebatur
839 4066 1050 4132 Eucharistia
1081 4065 1284 4152 presbyteris
1307 4067 1362 4151 qui

251 4215 456 4222 ----...-.-

324 4285 341 4354 ¹)
360 4280 393 4338 V.
413 4281 453 4334 De
465 4281 543 4335 Rosci
561 4280 578 4336 l.
597 4297 620 4336 c.
678 4282 698 4351 ⁹)
719 4281 844 4346 Ruinart,
855 4281 926 4334 Acta
934 4280 1060 4348 martyrii
1069 4279 1095 4336 S.
1104 4277 1206 4334 Justiui
1217 4293 1244 4336 n.
1255 4279 1293 4334 H.
