2924 4818
251 466 302 520 tta
490 461 532 518 De
549 459 624 516 Rom
642 457 721 518 Post
739 461 839 518 metali
857 460 936 530 primi
954 465 984 514 et
1000 453 1119 515 munti.

250 605 389 670 asseclas
412 603 582 692 spiritibus
605 603 700 668 malis
723 606 852 688 agitari.
895 602 1104 667 Montanistis
1127 600 1267 665 multum
1291 621 1379 664 auc·

249 704 390 766 totitatis
419 711 451 764 et
483 701 609 766 roboris
641 703 846 786 comparavit
869 699 1103 782 Tertullianus,
1136 699 1280 763 nominis
1315 699 1375 761 sui

251 799 439 864 celebritate
469 807 501 862 et
531 800 746 883 propugnatis
776 799 924 862 Montani
956 797 1084 882 placitis
1109 806 1223 860 conus
1247 793 1377 858 Catho-

249 896 330 960 liaos
354 895 504 961 inlibris
528 895 681 978 defuga,
705 895 747 960 de
756 895 905 979 jejuniis,
936 893 977 957 de
1000 895 1218 978 monogamia,
1243 893 1286 956 de
1309 914 1378 977 pu·

251 993 375 1075 dicitis,
399 993 441 1056 de
464 991 692 1056 exhortatione
722 991 766 1056 sd
789 992 988 1072 castitatem,
1018 990 1076 1055 ubi
1100 991 1261 1054 secundas
1286 1011 1377 1074 nup-

251 1091 313 1153 tias
336 1091 519 1175 impugnat.
566 1087 663 1153 Secta
687 1087 769 1152 haee
792 1110 852 1173 per
874 1089 1000 1167 Asiam,
1021 1087 1200 1172 Europam,
1215 1087 1376 1151 Africam

251 1196 432 1272 propagata
454 1186 527 1268 fuit,
552 1194 584 1249 et
606 1207 710 1271 usque
733 1185 776 1249 ad
795 1185 963 1250 saeculum
986 1187 1139 1270 quintum
1163 1185 1376 1270 perduravit

252 1282 353 1348 Haud
386 1283 524 1348 dubium
557 1291 615 1362 est,
655 1281 832 1347 Pontifices
864 1282 1125 1346 Montanismum
1158 1291 1192 1346 et
1222 1281 1378 1366 reliquas

252 1381 340 1446 illius
361 1381 518 1465 temporis
541 1377 692 1442 haereses
706 1380 917 1465 impugnasse
932 1390 964 1443 et
978 1402 1037 1443 sua
1059 1381 1253 1444 auctoritate
1278 1378 1377 1443 dam-

253 1499 357 1543 nasse.
405 1476 567 1558 Quamvis
600 1475 729 1560 singula
762 1477 893 1541 decreta
926 1487 958 1540 et
989 1487 1064 1540 acta
1095 1478 1272 1541 memoriae
1303 1498 1377 1540 non

253 1578 318 1641 sint
341 1583 481 1654 servata,
505 1594 623 1659 operae
646 1574 788 1658 pretium
809 1584 911 1639 estes
933 1574 1115 1654 advertere,
1140 1593 1225 1659 quae
1248 1573 1375 1638 scribit

253 1670 475 1737 Tertullianus
498 1671 570 1757 jam
599 1670 800 1735 Montanists
828 1671 934 1735 factus
964 1681 1077 1735 eontra
1106 1670 1268 1734 Praxeam
1302 1670 1377 1734 An·

252 1769 479 1834 titrinitarium
506 1767 527 1832 l.
551 1766 577 1832 Ι.
603 1790 630 1832 c.
658 1770 686 1832 1.
711 1769 798 1846 Etsi,
823 1769 947 1853 inquit,
972 1769 1115 1832 flascas
1143 1790 1256 1853 corpus
1279 1791 1378 1831 suum

254 1865 440 1930 tradidisset
461 1865 667 1943 exurendum,
691 1863 772 1928 nihii
788 1865 978 1950 profecisset
1000 1864 1196 1928 dilectionem
1218 1865 1283 1928 Dei
1307 1887 1376 1928 aaa

253 1963 385 2040 habeas,
418 1967 506 2052 cujus
537 1963 728 2026 charismata
759 1985 876 2047 quoque
908 1963 1109 2077 expupaauit.
1162 1961 1249 2024 Nam
1285 1962 1377 2026 ideas

255 2071 327 2124 tuac
343 2059 534 2145 Episcopum
548 2060 735 2137 Bouianum,
759 2071 973 2145 apuosceatem
988 2064 1066 2172 jam·
1077 2059 1263 2144 prophetias
1277 2059 1377 2123 Moa-

255 2159 340 2234 taai,
371 2155 498 2219 Riseas
528 2167 558 2218 et
581 2155 798 2234 Maximillae,
832 2179 871 2220 ec
894 2179 932 2219 ea
964 2156 1124 2242 spuitione
1141 2178 1254 2241 pacem
1276 2156 1375 2220 eccls-
1458 2217 1459 2224 ,

253 2253 311 2317 siis
334 2252 432 2317 Asiae
464 2263 494 2316 et
525 2253 679 2339 Phrypiae
703 2253 897 2339 inferentem,
921 2252 1018 2339 falsa
1045 2253 1120 2316 de
1106 2253 1187 2338 apsis
1203 2255 1376 2338 prophetis

254 2361 285 2414 st
307 2349 445 2414 ecclesiis
467 2372 572 2414 comm
595 2351 813 2429 macerando,
838 2361 869 2414 et
885 2371 1122 2436 praecessorum
1144 2354 1212 2440 ejus
1234 2352 1374 2414 auctori-

255 2457 335 2511 tates
358 2445 569 2532 defendendo,
593 2449 691 2534 coepit
713 2457 742 2512 et
770 2447 896 2512 litteras
912 2448 1006 2533 pacis
1027 2469 1172 2510 reuocare
1187 2451 1259 2538 jam
1281 2449 1376 2510 emis·

255 2565 322 2622 sas,
353 2554 383 2606 et
413 2567 433 2607 a
450 2547 618 2630 proposito
649 2545 900 2630 recipiendorum
932 2545 1151 2608 charimtum
1179 2565 1373 2608 coacesme.

255 2640 346 2706 More
383 2642 595 2704 sectariorum
637 2639 692 2704 hio
724 2641 946 2706 Tertullianus
985 2639 1189 2726 praetendit,
1223 2651 1375 2726 tempore
1458 2715 1459 2726 χ

254 2739 402 2802 Praxeae
424 2737 619 2803 Pontificem
640 2737 894 2825 (Zephyrinum)
919 2739 1060 2803 voluisse
1083 2759 1259 2822 agnoscere
1278 2739 1374 2804 Mon·

255 2836 401 2918 tanistas,
426 2835 514 2921 quod
539 2857 617 2900 sane
640 2834 759 2900 falsum
783 2858 852 2900 esse
871 2835 1078 2924 judicamus3
1107 2835 1164 2899 sed
1188 2835 1284 2901 simul
1308 2840 1374 2922 eig-

255 2931 379 3014 nificat,
402 2955 423 2996 a
445 2932 708 3018 praecessoribus
731 2954 786 2996 eos
809 2933 982 2998 damnatos
1005 2933 1115 2997 fuisse.
1141 2934 1374 2998 Praecessores

256 3027 312 3092 illi.
336 3029 468 3093 fuerant
492 3029 615 3112 Victor,
649 3027 846 3094 Eleutherna
878 3040 911 3094 et
943 3031 1053 3112 Soter3
1088 3030 1166 3095 inde
1198 3031 1240 3096 ab
1271 3032 1371 3096 initio

256 3126 357 3210 igitur
379 3126 555 3190 Pontifices
586 3148 644 3212 pro
678 3149 814 3190 munere
847 3149 905 3191 suo
929 3125 1016 3192 hanc
1048 3127 1209 3192 haeresim
1233 3131 1372 3214 proscri-

256 3235 400 3308 pserunt,
425 3234 523 3309 atque
541 3225 612 3309 jam
638 3223 789 3288 videmus
822 3245 891 3304 eos,
925 3225 1172 3308 insurgentibus
1194 3225 1373 3306 erroribus,

257 3321 485 3384 auctoritatem
509 3342 602 3385 suam
626 3330 658 3384 et
681 3320 936 3386 sollicitudinem
960 3321 1180 3386 universalem
1205 3345 1371 3387 exercere.

88 3555 248 3599 „mm
345 3515 398 3579 52.
423 3513 517 3580 Obiit
540 3513 572 3579 S.
598 3514 693 3580 Soter
714 3537 802 3580 enno
818 3517 948 3579 circiter
974 3516 1053 3597 1763
1078 3526 1188 3582 utrum
1212 3522 1372 3602 martyrio

258 3620 431 3676 coronatus
453 3612 561 3693 fuerit,
586 3633 627 3674 ex
651 3611 857 3693 documentis
881 3615 1087 3698 antiquitatis
1114 3635 1181 3678 non
1195 3614 1372 3698 colligitur.

258 3707 423 3774 Successit
446 3710 475 3772 ei
500 3707 533 3773 S.
557 3707 849 3792 Eleutherus,
879 3709 920 3774 de
944 3731 1007 3795 quo
1033 3708 1210 3795 Ostalogus
1233 3711 1371 3777 Felicia·

216 3843 219 3853 λ
259 3828 336 3869 nus:
361 3805 507 3869 sisausa
528 3807 656 3869 aatiorte
673 3803 822 3884 Graecus,
846 3829 886 3870 ee
903 3818 999 3893 patre
1017 3807 1231 3887 Abundantio,
1256 3809 1294 3872 de
1319 3833 1372 3896 op·
1458 3857 1459 3885 ,

254 3904 334 3989 pido
356 3901 516 3989 Nicopoli,
540 3903 622 3966 sedit
644 3905 939 3988 aaaospuiadecim,
962 3927 1081 3968 maces
1105 3916 1176 3984 tres,
1201 3905 1269 3970 dies
1283 3907 1370 3970 druos.

259 4000 334 4064 Fuit
357 3999 545 4086 temporibus
554 4001 711 4064 Antonini
734 4011 762 4063 et
776 4000 943 4064 Comnsodi.
979 4001 1041 4064 Hic
1065 4003 1185 4087 accepit
1207 4003 1371 4088 epistolam

259 4121 279 4160 a
304 4097 399 4160 becio
422 4095 613 4162 Britanniae
635 4121 715 4185 repa,
748 4110 783 4163 ut
810 4099 999 4162 christims
1030 4097 1205 4185 efficeretur
1222 4124 1284 4186 per
1307 4105 1372 4191 ejus

258 4193 461 4272 mandatam
493 4195 598 4257 ethos
621 4196 795 4275 comtituit,
819 4207 854 4258 at
877 4195 983 4259 sullas
1006 4195 1127 4283 (cibus)
1150 4196 1372 4282 repudiaretur
