2836 4804
359 453 480 510 Examen
499 455 637 522 Epistulae
655 456 689 510 ad
708 456 875 510 Flavianum.
1119 455 1172 508 aet

65 595 119 665 lat,
158 618 233 660 cum
272 619 312 660 ea
339 596 511 662 Praesulss
548 599 812 680 confirmassent,
846 621 930 684 quae
958 597 1059 663 Sedes
1087 597 1172 683 Apo-

12 711 13 768 ι
66 693 174 758 stolica
196 703 274 758 ante
298 694 479 776 definierat,
512 699 591 781 quia
622 707 691 760 tota
719 699 771 760 vis
795 694 1041 760 irretractabilis
1064 695 1173 759 decre·

12 769 14 878 l
65 803 167 856 torum
191 791 332 857 Concilii
355 793 517 876 generalis
548 797 753 880 potissimum
787 796 874 857 circa
896 793 1013 874 fidem,
1037 793 1080 857 ab
1104 794 1173 856 uni·

12 879 14 1004 l
64 911 121 954 one
150 889 275 974 pendet
298 912 373 954 cum
397 891 587 976 Apostolica
611 893 778 956 Romanae
801 891 896 957 Sedis
918 891 993 955 fide.
1017 929 1059 938 -
1073 891 1174 955 Porro

12 1009 13 1026 ³
65 985 103 1050 nd
124 986 312 1052 libertatem
335 991 498 1052 examinis
521 989 610 1074 quod
626 991 777 1074 pertinet,
801 988 834 1054 S.
858 989 927 1052 Leo
951 988 1097 1052 indicare
1120 1009 1174 1050 vo-

65 1083 121 1148 luit
142 1084 330 1148 libertatem
354 1088 517 1150 examinis
531 1087 786 1171 intelligentiam
810 1084 966 1150 videlicet
985 1107 1057 1148 eam
1079 1084 1175 1148 liber·

65 1193 160 1246 tatem
183 1205 205 1245 a
228 1182 384 1247 Patribus
407 1205 476 1248 esse
501 1185 625 1249 utiliter
650 1184 844 1265 adhibitam,
869 1193 906 1246 ut
928 1180 992 1246 illis
1014 1183 1177 1267 episcopis

65 1282 117 1365 qui
141 1281 183 1344 de
195 1280 320 1346 Leonis
343 1281 533 1347 delinitione
550 1282 772 1365 ambigebant,
790 1292 1035 1367 pertractatum
1058 1289 1091 1344 et
1114 1281 1176 1343 dis-

67 1382 247 1444 cussionem
261 1379 496 1460 satisfacerent,
511 1379 708 1465 eosdemque
720 1377 918 1443 catholicum
933 1401 1063 1443 sensum
1078 1399 1176 1464 quem

67 1479 170 1540 minus
194 1475 427 1560 intelligebant
440 1477 624 1557 edocerent,
640 1489 672 1541 et
687 1477 919 1540 confirmarent
932 1477 1020 1562 ipsos
1043 1479 1077 1540 in
1101 1476 1175 1540 lide.

68 1573 112 1638 lta
134 1575 172 1638 lit
195 1585 233 1638 ut
254 1575 329 1660 apsa
350 1577 468 1639 veritae
490 1585 520 1638 et
550 1575 669 1639 clarius
697 1577 881 1652 innotescat,
915 1585 944 1637 ct
958 1573 1082 1659 sortitas
1105 1577 1178 1638 reti·

67 1683 185 1752 matur,
220 1671 297 1736 dam
327 1693 405 1756 qssoe
419 1672 505 1756 fides
528 1674 623 1759 priua
654 1673 761 1736 docuit
787 1671 860 1758 (per
883 1693 1046 1736 summum
1070 1673 1177 1736 Ponti·

68 1768 273 1854 ticem),ltocc
289 1779 405 1855 postca
428 1773 623 1836 acominatio
646 1771 846 1854 confirmavit.
880 1768 964 1834 Cum
988 1793 1065 1835 vero
1088 1771 1177 1836 hunc

12 1873 13 1920 1
67 1867 161 1930 finem
197 1875 328 1930 tantum
362 1867 522 1952 ejusmodi
558 1868 692 1932 libertas
727 1877 759 1931 et
792 1889 931 1931 examen
961 1878 1117 1954 spectent,
1142 1878 1179 1930 nt

12 2005 13 2016 ι
67 1985 147 2048 quae
181 1963 336 2028 delinivit
367 1986 515 2029 summus
555 1965 709 2030 Pontifex
742 1965 887 2050 episcopi
918 1965 1112 2028 confirment
1144 1967 1178 2029 iu

12 2101 13 2106 κ
69 2061 214 2126 Concilio
244 2084 378 2126 assensu
411 2062 665 2147 intelligentiae,
700 2072 732 2127 et
764 2073 992 2148 oppugnantes
1020 2061 1179 2126 edoceant

12 2169 13 2184 ¹
67 2171 162 2244 atque
177 2159 221 2224 ab
237 2180 345 2224 errore
360 2159 535 2241 deducant,
550 2160 753 2244 intelligitur,
773 2172 925 2244 quatenus
939 2164 983 2224 sic
994 2183 1181 2224 summotum

13 2581 15 2612 l

13 2995 15 3034 l

67 2269 204 2322 ametur
227 2259 411 2337 auctoritas,
435 2269 470 2322 ut
493 2260 527 2321 ιἰι
549 2258 638 2322 nullo
658 2258 846 2343 inferiorum
862 2269 995 2344 putetur
1017 2261 1181 2322 imminuta

67 2353 205 2420 libertus.

150 2453 207 2518 50.
233 2453 332 2518 Modo
351 2454 423 2536 jam
446 2454 618 2518 videamus
631 2455 960 2537 argumentationem,
985 2473 1049 2538 qua
1067 2449 1183 2515 Illmus
1209 2477 1241 2518 ιιι.
1258 2474 1334 2518 mat.

69 2549 170 2614 llaret
206 2573 249 2613 ex
285 2553 514 2615 retractatione
538 2551 694 2636 epistolae
726 2551 849 2614 Leonis
881 2571 975 2614 suam
999 2549 1182 2612 doctrinam

69 2645 106 2710 de
129 2669 263 2712 summa
286 2650 480 2713 auctoritate
510 2651 544 2712 in
576 2647 726 2713 Ecclesia
758 2649 866 2712 divisa
890 2649 976 2710 inter
998 2647 1182 2709 Romanum

71 2743 263 2810 Pontificem
295 2757 327 2810 et
355 2748 579 2832 episcopatum
605 2746 818 2831 comprobare
841 2747 967 2809 nititur.
1005 2743 1183 2826 Postquam

70 2843 167 2926 igitur
203 2845 371 2908 enarravit
402 2865 488 2929 quae
521 2845 554 2908 in
588 2843 736 2908 Concilio
767 2843 876 2929 quoad
899 2840 1070 2927 epistolam
1094 2840 1182 2904 illam

70 2941 280 3022 acciderunt,
306 2943 353 3006 ita
375 2942 524 3006 disserit:
551 2943 670 3024 „Denx
686 2942 801 3006 choses
821 2961 903 3005 nous
926 2941 1109 3024 paraissent
1132 2961 1184 3001 en·

70 3039 243 3104 tierement
272 3041 448 3104 certaines:
485 3039 517 3105 la
548 3041 725 3126 premiere,
759 3061 823 3125 que
855 3038 886 3102 la
919 3037 1012 3101 lettre
1036 3035 1076 3099 de
1100 3037 1187 3098 saint

70 3135 173 3218 Leon,
200 3137 398 3223 quoiqu'elle
421 3139 471 3202 fut
492 3160 537 3202 un
554 3139 728 3224 jugement
751 3137 962 3222 dogmatique
986 3142 1019 3196 et
1041 3132 1186 3196 solennol

73 3231 114 3296 du
137 3235 240 3318 Siegc
263 3235 489 3322 Apostolique‚
514 3235 630 3300 n’etait
662 3258 722 3321 pas
744 3234 902 3318 regardee
926 3253 985 3317 par
1007 3231 1037 3294 le
1061 3230 1187 3294 concile

14 3325 15 3332 '
72 3353 111 3394 au
134 3343 421 3398 commencement
452 3334 493 3398 de
526 3355 562 3398 sa
594 3335 775 3418 quatribme
808 3333 947 3412 session,
972 3351 1099 3394 comme
1123 3351 1187 3392 une

73 3429 158 3512 rbgle
190 3429 327 3496 absolue
363 3431 404 3496 de
432 3433 495 3513 [οἱς
524 3431 556 3496 la
580 3430 731 3511 seconde,
766 3429 884 3515 qu’elle
906 3428 1013 3492 l'etait
1036 3427 1187 3490 devenue

14 3569 16 3616 L
73 3537 173 3592 avant
197 3527 230 3592 la
252 3529 298 3592 fin
322 3528 364 3592 de
388 3540 472 3594 cette
493 3533 599 3594 meme
615 3531 748 3593 session.
765 3527 909 3590 -Pour
932 3548 966 3588 se
991 3525 1188 3588 convaincre

74 3645 133 3708 qne
157 3624 188 3688 le
213 3625 341 3692 concile
372 3649 414 3692 ne
444 3627 609 3712 regardait
641 3649 700 3712 pas
722 3625 755 3690 la
786 3624 879 3688 lettre
912 3623 953 3687 de
977 3623 1063 3686 saint
1084 3621 1187 3700 Leon,

74 3721 313 3788 itl'ouverture
345 3725 385 3790 de
414 3724 446 3790 la
478 3728 660 3812 quatrieme
693 3725 828 3804 session,
862 3741 990 3786 comme
1013 3739 1078 3782 une
1101 3717 1190 3802 rbglc

74 3817 112 3882 de
134 3821 199 3902 foi,
223 3821 247 3886 il
271 3821 343 3886 faut
365 3847 400 3888 se
423 3823 573 3910 rappeler
594 3823 642 3888 les
665 3821 781 3886 doutes
804 3822 938 3884 serisux
961 3820 1018 3904 qui
1042 3817 1191 3879 s'dtaient

14 3975 15 3980 ,
76 3919 274 4001 manifestes,
298 3923 319 3983 t
341 3920 785 4005 troisdifferentesreprises,
805 3919 886 3981 dans
908 3915 941 3979 la
964 3912 1104 3978 seconde
1128 3935 1191 3976 ses·

74 4015 144 4080 sion
175 4021 288 4104 etqui
312 4021 447 4084 avaient
469 4019 634 4083 necessite
664 4017 722 4080 des
745 4015 957 4080 conferences
981 4011 1060 4074 chen
1084 4010 1114 4072 le
1137 4031 1192 4094 pa·

77 4119 215 4184 triarche
240 4117 281 4182 de
307 4116 587 4203 Constantinople.
635 4115 729 4179 Dans
761 4112 793 4177 la
821 4111 1006 4198 quatrieme
1037 4109 1084 4172 les
1117 4110 1191 4170 evc-

77 4239 155 4301 ques
190 4219 247 4304 qui
281 4217 415 4280 avaient
450 4214 585 4278 souleve
621 4235 675 4276 ces
710 4211 825 4276 doutes
860 4207 1080 4284 declararent,
1118 4255 1158 4270 ..
1184 4254 1191 4269 .
