2836 4804
240 443 294 496 292
595 437 636 492 De
653 433 771 490 Concilio
790 433 1006 490 Chalcedonensi.

242 585 418 669 dispersae.
465 581 634 663 Secundo,
668 581 746 666 quia
778 579 813 642 in
835 577 977 644 Actione
1007 579 1152 644 secunda
1173 579 1342 644 acclamata

241 691 312 746 erat
344 703 419 746 cum
453 677 610 745 Consiliis
642 678 863 741 oecumenicis
895 675 999 740 veluti
1027 677 1276 742 fundamentum
1298 700 1345 740 ex·
1402 741 1403 772 ,

241 779 414 865 positionis
425 777 501 842 fidei
512 775 694 857 faciendae,
707 796 766 860 per
776 795 972 840 consensum
987 775 1151 841 moraliter
1166 777 1346 840 unanimem

241 877 388 941 Petrum.
435 875 555 955 Tertio,
580 875 659 958 quia
681 893 792 936 rursus
820 873 914 936 initio
937 871 1089 938 Actionis
1111 883 1257 960 quartae,
1279 883 1348 938 ante

244 973 519 1059 subscriptionem
543 980 576 1035 et
598 970 836 1055 expositionem
860 971 1034 1052 rationum,
1060 993 1144 1056 quae
1168 995 1189 1035 a
1203 971 1349 1036 Patribus
1402 1037 1403 1042 ,

244 1070 444 1158 quibusdam
468 1068 679 1154 adjiciuntur,
715 1089 735 1131 a
769 1076 837 1130 tota
874 1066 1008 1150 Synodo
1043 1068 1227 1133 acclamata
1252 1069 1349 1132 fuerat
1402 1051 1403 1070 ¹

244 1179 280 1232 ut
302 1167 416 1252 regula
444 1166 531 1231 fidei.
577 1165 665 1250 Ergo
703 1163 866 1250 quidquid
888 1173 1040 1229 teneatur
1063 1166 1103 1230 de
1127 1165 1184 1231 illa
1207 1174 1349 1232 retracta-
1402 1195 1403 1240 g

243 1268 349 1344 tione,
373 1287 439 1350 qua
468 1263 587 1348 singuli
621 1261 876 1346 comprobarunt
908 1262 1078 1348 epistolam
1115 1265 1249 1348 Leonis,
1272 1275 1350 1328 certe
1402 1277 1403 1280 ’

245 1386 282 1429 eo
319 1385 385 1428 non
419 1364 571 1448 pertinet,
607 1368 643 1424 ut
676 1379 735 1445 per
766 1359 871 1444 ipsam
901 1359 1033 1424 demum
1066 1361 1159 1426 fieret
1189 1363 1271 1428 baec
1293 1361 1349 1447 api·

246 1460 327 1526 stola
360 1457 595 1524 irreformabile
625 1466 658 1520 et
690 1456 926 1522 irretractabile
958 1457 1035 1522 fidei
1060 1457 1305 1525 documentum.
1402 1475 1403 1542 ζ

334 1655 386 1718 44.
412 1653 478 1718 Sed
512 1652 609 1718 modo
639 1652 711 1738 jam
746 1651 890 1716 indolem
932 1653 1020 1718 illius
1052 1658 1294 1722 retractationis
1325 1665 1352 1716 et

246 1752 503 1817 confirmationis
526 1751 711 1815 accuratius
735 1751 971 1816 examinemus.
1017 1751 1350 1818 Animadvertendum
1402 1745 1403 1820 l

247 1860 304 1932 est,
328 1848 577 1934 Monopbysitas
601 1869 640 1912 ea
663 1868 738 1911 usos
761 1869 831 1911 csse
853 1859 923 1912 arte
949 1849 1070 1932 dolosa,
1094 1861 1131 1914 ut
1154 1853 1199 1916 ad
1223 1849 1353 1916 tuendos

247 1969 371 2012 errores
395 1968 470 2010 suos
494 1945 738 2026 contenderent,
763 1967 797 2010 se
820 1953 931 2010 tenere
955 1945 1115 2012 illibatam
1140 1949 1241 2015 iidem
1260 1949 1350 2033 Syna

248 2047 364 2111 dorum
373 2045 541 2108 Nicaenae
564 2052 596 2107 et
612 2041 774 2124 OPtanae,
798 2043 840 2108 ab
855 2043 1053 2108 adversariis
1078 2068 1156 2110 vero
1181 2047 1261 2112 addi
1275 2067 1351 2111 nova

248 2154 280 2208 et
303 2143 435 2206 dissona
457 2141 499 2205 ab
524 2139 579 2206 illa
603 2140 812 2226 professione.
847 2140 982 2206 Talibus
1005 2145 1243 2210 assertionibus
1265 2154 1349 2209 antea

248 2241 433 2304 irretierant
447 2239 669 2302 Theodosium
683 2237 929 2323 Imperatorem,
954 2261 1014 2303 nec
1030 2239 1171 2306 dubium
1187 2254 1245 2325 est,
1262 2241 1350 2308 CPoli
1402 2243 1403 2260 ³

248 2338 367 2402 multos
390 2337 521 2402 aulicos·
536 2337 683 2422 aliosque
706 2335 769 2400 hoc
780 2345 953 2422 praetextu
976 2337 1078 2402 fuisse
1101 2340 1264 2406 seductos.
1294 2340 1349 2404 lla-

247 2436 329 2500 ximi
354 2437 454 2519 igitur
476 2435 633 2498 momenti
657 2442 735 2516 erat,
759 2443 796 2497 nt
825 2457 884 2519 per
908 2433 1093 2500 Concilium
1117 2449 1289 2518 constaret
1310 2460 1349 2500 or-

247 2533 409 2598 thodoxos
433 2534 466 2596 iu
484 2555 543 2596 sua
557 2532 758 2618 professione
775 2532 815 2596 de
831 2532 959 2598 duabus
976 2531 1098 2598 Christi
1115 2539 1244 2600 naturis
1266 2535 1350 2622 plane

250 2630 432 2696 conformes
461 2653 531 2694 esse
562 2629 640 2693 fidei
672 2631 844 2716 antiquae,
877 2652 937 2694 nec
970 2630 1070 2696 ullam
1104 2635 1349 2699 innovationem.
1402 2633 1403 2642 ’

250 2739 286 2792 ut
321 2727 525 2812 Eutychiani
564 2729 691 2810 magnis
729 2726 927 2792 clamoribus
963 2728 1242 2809 lamentabantur,
1280 2729 1350 2793 fieri.

250 2827 339 2890 Hinc
362 2825 418 2890 illa
442 2848 526 2911 quae
555 2824 780 2910 gloriosissimi
805 2825 937 2911 judices
968 2828 1155 2912 imperiales
1184 2831 1276 2894 initio
1297 2827 1350 2890 Ac·

249 2925 348 2989 tionis
372 2923 536 2988 secundae
569 2923 697 2988 dicunt:
738 2923 831 2987 Nune
862 2925 917 2987 boc
944 2925 1155 3009 procerandum
1188 2939 1219 2990 at
1241 2923 1359 2989 maden-¹
1402 2915 1403 2978 l

250 3024 324 3086 dam
356 3033 385 3086 et
407 3022 619 3110 judicandum
648 3031 704 3098 cst,
739 3032 773 3084 ut
795 3044 870 3084 vera
883 3021 969 3104 fidas
1000 3023 1199 3098 stabiliatur,
1218 3045 1277 3110 pro
1299 3041 1350 3106 pua

251 3121 385 3184 marimo
419 3131 448 3182 et
475 3117 648 3184 Concilium
671 3117 798 3203 factam
829 3127 883 3182 cst.
931 3117 1070 3184 Sciratae
1100 3122 1215 3206 ἐρίων,
1239 3121 1308 3208 quia
1328 3125 1352 3178 et
1402 3133 1403 3166 ὲ

251 3219 318 3280 Dec
342 3218 497 3280 rationem
518 3216 678 3280 reddituri
699 3218 783 3294 estis
799 3226 863 3280 ram
873 3239 935 3302 pro
953 3220 1099 3303 propriis
1122 3219 1286 3282 animabus
1298 3215 1349 3280 sio·
1402 3245 1403 3294 j

250 3314 318 3402 puli
339 3324 482 3390 uestrum,
507 3336 599 3399 qaum
633 3323 662 3376 et
691 3336 754 3398 pro
788 3315 906 3378 nostris
940 3315 1091 3394 omuibus,
1126 3319 1182 3401 qai
1210 3327 1241 3380 ct
1261 3311 1352 3378 doceri

251 3435 330 3498 quae
364 3411 406 3474 od
433 3411 615 3497 relipr'orsem
635 3413 799 3497 pertinent
830 3423 910 3476 recte
937 3413 1163 3492 desideramus,
1197 3427 1228 3478 et
1249 3429 1349 3476 omnen

253 3509 485 3594 ambipaitatem
508 3509 642 3596 auferri,
666 3531 706 3573 ccc
730 3511 864 3572 omnium
890 3519 1068 3573 sanctorum
1091 3511 1223 3576 Patr-um
1244 3530 1350 3574 concor·
1402 3515 1403 3574 l

253 3608 309 3672 dia
344 3617 373 3670 at
407 3629 566 3684 consensu,
591 3617 620 3670 at
643 3627 779 3670 corwoaa
812 3608 1005 3692 expositione
1030 3617 1060 3670 et
1081 3607 1243 3674 doctrina:
1269 3605 1350 3694 festi·
1402 3625 1403 3696 j

252 3716 325 3770 cate
350 3706 416 3768 sinc
440 3703 505 3768 ullo
530 3705 638 3768 timore
661 3715 692 3766 et
712 3707 820 3790 pratia
835 3716 926 3791 utque
950 3707 1119 3770 inimicitia
1133 3709 1233 3791 fidem
1250 3725 1350 3792 parom
1402 3727 1403 3762 r

254 3825 418 3888 capuam,
453 3804 501 3865 ita
536 3812 571 3864 ut
604 3811 634 3866 et
667 3804 721 3887 pai
754 3803 899 3866 uidentur
921 3825 984 3866 aon
1007 3804 1115 3867 eadam
1137 3829 1205 3869 cum
1227 3801 1352 3867 omuibus

254 3924 379 3986 sapere,
401 3901 625 3986 percantatis
652 3902 842 3986 upoitiooem
874 3901 926 3964 od-
950 3901 1147 3966 concordiam
1177 3909 1349 3966 reroeentur·
1402 3921 1403 3984 r

255 3999 343 4062 Scire
366 4001 447 4062 enirn
481 4020 534 4060 voa
568 3997 716 4074 uolumus,
751 3999 827 4084 quia
850 4009 914 4062 tam
950 3999 1129 4062 dirissimus
1156 4011 1186 4063 et
1203 3997 1352 4084 piissimas
1402 3987 1403 4054 l

255 4096 339 4159 orbis
363 4110 463 4161 torrae
488 4095 648 4168 dominus,
678 4119 771 4181 quam
798 4119 855 4160 aaa
879 4097 1062 4161 catlrolieam
1076 4097 1175 4180 fldem
1207 4121 1227 4160 α
1249 4089 1351 4157 suarii!

255 4197 401 4258 trecentis
424 4195 526 4258 decem
549 4205 578 4256 et
602 4205 678 4270 octo,
704 4205 733 4256 et
756 4217 777 4256 a
795 4197 912 4259 caneth
935 4205 1054 4257 centum
1078 4205 1107 4257 et
1129 4191 1348 4282 quinquaqinta
