2924 4818
253 491 305 544 174
592 489 631 540 lle
651 501 731 554 opere
749 485 1032 554 Philoscpbcumcnon.

252 631 334 696 illud
362 653 431 696 esse
467 631 604 712 censuit,
642 639 675 693 et
711 627 806 692 titulo
837 628 1136 716 Philoscpbcumeac
1172 631 1225 694 vel
1261 635 1381 717 potius

251 731 472 814 fragmentum
500 728 820 813 Philosopbocmeaoa
857 725 938 790 illud
972 729 1154 811 insignivit.
1214 726 1381 796 Continet

252 828 340 891 enim
369 825 423 890 hic
450 824 535 891 liber
566 826 732 888 succincte
766 825 944 888 sententias
968 834 1000 887 et
1030 824 1195 890 doctrinas
1218 837 1377 892 veterum

250 922 530 1010 pbilosophorum.
554 959 597 968 --
622 919 736 984 Codex
767 943 787 984 a
815 920 973 1004 Mynoide
997 923 1101 1006 Myna
1124 933 1274 1008 repertus
1297 947 1377 990 con-

250 1023 334 1086 tinet
347 1022 447 1085 totius
470 1021 577 1105 operis
591 1018 693 1084 libros
717 1028 842 1104 septem
857 1021 1069 1104 posteriores3
1093 1022 1218 1105 priores
1237 1021 1377 1104 desunt,

251 1120 323 1182 sive
346 1117 434 1204 quod
459 1139 513 1180 eos
537 1137 602 1180 non
626 1116 836 1201 exscripserit
859 1115 1022 1196 librarius,
1047 1119 1117 1180 sive
1142 1118 1231 1204 quod
1255 1141 1377 1186 secun-

252 1215 313 1280 dus
336 1225 368 1279 et
390 1215 506 1278 tertius
529 1212 613 1278 liber
646 1212 743 1298 plane
772 1213 1008 1278 interciderint.
1063 1214 1110 1278 At
1131 1213 1206 1280 libri
1230 1217 1376 1282 secundi

251 1321 284 1374 et
297 1313 386 1376 tertii
400 1319 631 1396 argumentum
646 1310 842 1392 discernere,
858 1321 1016 1373 atrorum
1031 1311 1181 1377 ordinem
1197 1317 1377 1380 restituere

252 1411 429 1495 inquirenti
454 1408 544 1473 haud
569 1407 705 1472 difficile
738 1417 796 1470 est.
843 1407 992 1471 Millerus
1022 1411 1224 1494 corrigendis
1247 1413 1376 1478 scriba·

251 1528 325 1570 rum
348 1505 478 1570 mendis
501 1507 627 1590 ingenii
650 1525 791 1570 acumen
804 1503 974 1588 adhibuit,
998 1506 1081 1570 inde·
1099 1508 1242 1594 plurima
1264 1531 1374 1597 quum

251 1603 294 1667 ad
310 1605 483 1689 pristinam
499 1604 721 1686 integritatem
732 1604 934 1685 restituisset,
951 1625 1016 1666 unc
1033 1603 1211 1687 volumine,
1229 1609 1374 1673 suaden—

250 1701 340 1766 tibus
363 1702 493 1782 amicis,
516 1711 550 1764 ct
581 1701 724 1784 priorem
757 1699 878 1762 librum
906 1701 978 1785 jam
1012 1711 1126 1765 notum
1159 1713 1192 1766 et
1221 1715 1374 1770 caeteras

250 1801 358 1885 operis
381 1807 490 1884 partes
514 1822 534 1862 a
559 1797 717 1882 Mynoide
749 1805 905 1882 repertas,
930 1796 1052 1862 Oxonii
1086 1821 1116 1862 a.
1143 1800 1224 1864 1851
1251 1802 1373 1866 edidit.

251 1895 361 1960 Aliam
385 1896 563 1960 editionem
597 1896 747 1958 versione
779 1892 882 1957 latina
914 1894 1029 1959 addita
1058 1905 1215 1960 curarunt
1238 1896 1373 1963 Gottin-

249 2015 310 2080 gae
342 1993 429 2058 Lud.
462 1993 662 2056 Dunckcrus
695 2001 727 2055 et
759 1991 796 2055 E.
830 1989 871 2056 G.
904 1991 1177 2058 Schneidewinus
1205 2018 1236 2058 a.
1263 1997 1371 2076 1859,

250 2113 290 2154 ac
313 2091 411 2178 paulo
434 2099 508 2176 post
529 2111 559 2154 a.
585 2089 671 2154 1860
693 2089 829 2153 Parisiis
851 2089 1014 2153 Patricius
1029 2089 1148 2154 Oruice
1172 2091 1274 2156 idem·
1287 2117 1372 2181 opus

252 2209 269 2251 e
293 2187 406 2252 codice
429 2188 580 2252 Parisino
603 2187 800 2273 productum
824 2189 998 2266 recensuit,
1022 2187 1124 2252 latine
1147 2191 1257 2273 vertit,
1283 2194 1371 2256 notis

251 2287 417 2350 variorum
460 2286 592 2370 suisque
630 2285 805 2364 instruxit,
847 2283 1088 2368 prolegomenis
1129 2294 1162 2348 et
1198 2287 1371 2354 indicibus

251 2384 355 2448 auxit.

147 2513 171 2572 ιιΙ
276 2495 279 2504 ⁴
339 2481 371 2545 3.
395 2478 589 2545 subtiliores
618 2481 745 2544 interea
774 2501 813 2542 ac
836 2478 1099 2544 vehementiores
1128 2479 1369 2567 disputationes

117 2574 142 2602 '⁰
199 2593 204 2602 '
251 2578 292 2643 de
316 2579 377 2642 isto
401 2599 498 2663 opere
522 2588 725 2642 exarserunt.
773 2577 818 2641 Ut
849 2575 931 2640 alias
955 2578 1162 2662 quaestiones
1184 2590 1368 2664 praeterea·

251 2695 333 2758 mus,
357 2697 397 2740 ea
420 2677 564 2739 maxime
588 2675 735 2739 discussa
757 2685 844 2753 sunt,
877 2696 961 2760 quae
984 2673 1068 2739 libro
1092 2695 1177 2738 nono
1201 2674 1370 2742 habentur
1449 2677 1450 2696 ¹

250 2774 288 2837 dc
312 2774 484 2862 Zephyriui
506 2784 535 2836 ct
561 2769 691 2836 Callisti
713 2773 927 2836 Romanorum
950 2772 1134 2855 Pontificum
1155 2775 1251 2860 pestis
1276 2787 1368 2862 ctqrrc

250 2872 412 2951 doctricis,
450 2870 743 2954 vehementiusque
767 2871 865 2933 etiam
904 2869 1029 2952 agitata
1066 2877 1115 2933 est
1140 2872 1291 2955 quaestio
1331 2871 1368 2935 dc
1448 2925 1449 2934 ,

251 2978 375 3032 auctam
399 2968 727 3054 Philosopbcameaon.
777 2967 888 3047 Quum
912 2965 1068 3030 videlicet
1099 2977 1214 3031 auctor
1235 2967 1366 3031 illorum

249 3065 448 3130 Pontificum
477 3064 622 3129 indolem
652 3075 684 3127 et
702 3064 790 3128 facta
809 3067 888 3128 atris
912 3063 1078 3128 describat
1101 3064 1276 3148 coloribus,
1301 3087 1367 3130 eos-

250 3183 314 3250 que
346 3164 445 3227 etiam
478 3173 595 3246 arguat
625 3171 758 3247 propter
790 3161 956 3225 doctrinas
987 3160 1179 3243 haereticas,
1213 3183 1367 3227 erroneas

250 3258 303 3323 vel
327 3268 495 3346 suspectas
532 3281 614 3346 quas
641 3261 885 3346 proposuerint,
918 3257 1141 3342 gratissimum
1165 3259 1201 3322 id
1224 3258 1290 3322 fuit
1313 3260 1366 3324 ad-

250 3357 403 3421 vorsariis
435 3357 604 3422 Ecclesiae
637 3356 835 3435 catholicae,
869 3355 925 3442 qui
959 3358 1043 3420 mira
1074 3356 1137 3420 sibi
1171 3367 1366 3440 argumenu

250 3456 416 3520 invenisse
439 3453 640 3519 videbantur
662 3455 797 3518 acrioris
829 3455 863 3517 in
887 3453 1071 3517 Ecclesiam
1095 3454 1365 3538 impugnationis.

250 3551 305 3616 Ad
328 3561 495 3616 auctorem
520 3573 597 3616 vero
622 3552 710 3638 quod
725 3560 861 3638 spectat,
876 3553 911 3615 in
935 3551 1045 3615 varias
1068 3549 1221 3615 abierunt
1244 3553 1364 3617 eruditi

250 3651 437 3736 opiniones3
471 3649 624 3736 permulti
657 3659 767 3715 autem
792 3648 1012 3714 attribuerunt
1039 3669 1122 3734 opus
1145 3648 1187 3712 de
1210 3670 1276 3734 quo
1301 3651 1365 3736 cgi-

250 3767 323 3811 mus
346 3745 378 3810 S.
405 3745 595 3834 Hippolyto,
619 3748 708 3811 Patri
733 3746 810 3810 inde
837 3745 879 3810 ab
903 3747 1140 3831 antiquissimis
1162 3747 1366 3832 temporibus

250 3842 472 3908 celeberrimo.
522 3845 742 3908 Protestantes
771 3842 906 3929 quidem
937 3845 1036 3906 etiam
1062 3842 1163 3928 hujus
1186 3845 1250 3906 viri
1275 3865 1365 3910 sanc·

249 3944 343 4006 titate
375 3951 407 4004 et
439 3941 528 4005 fama
552 3940 733 4005 clarissima
766 3961 824 4005 sua
848 3943 882 4004 in
915 3939 1100 4004 Ecclesiam
1132 3941 1286 4004 convicia
1316 3939 1365 4004 fir·
1444 3939 1445 3974 l

251 4058 341 4104 mare
364 4037 576 4122 studuerunt3
623 4038 776 4103 catholici
808 4059 886 4103 vero
911 4039 1084 4124 scriptores
1108 4045 1289 4123 utcumque
1312 4059 1364 4101 cx-

250 4136 374 4224 plicare
397 4137 461 4202 nisi
485 4147 571 4219 sunt,
596 4136 760 4224 quomodo
784 4135 818 4203 S.
842 4134 1043 4222 Hippolytus
1066 4135 1102 4198 in
1125 4131 1183 4201 SS.
1207 4133 1363 4220 Zephyri·

251 4255 330 4300 num
363 4243 461 4319 atque
495 4233 666 4300 Callistum
701 4233 880 4298 virulentas
912 4231 985 4298 illas
1015 4232 1243 4298 mustiones
1272 4231 1363 4310 ferat,
