2766 4836
464 491 603 548 vindiciae
620 487 731 546 hiberii.
1117 484 1153 536 ῡιι

61 647 89 702 ιι
106 637 298 702 Arianorum
331 637 509 702 narrationi
542 636 682 702 nimium
705 632 830 714 fideret,
863 641 896 696 et
919 631 997 696 dum
1022 630 1153 695 diversa

60 734 215 799 conciliare
240 734 349 814 vellet,
374 733 469 820 plura
501 733 717 800 confunderet
749 730 801 796 vel
831 751 965 794 erronee
995 737 1152 794 narraret.

130 833 181 898 81.
203 831 315 918 Atque
339 830 401 896 hoc
427 833 489 916 ipsi
512 833 548 896 in
571 853 610 894 ea
637 829 795 894 relatione
819 827 859 893 de
884 850 948 912 qua
971 829 1080 912 agitur
1102 850 1153 890 ao

57 929 168 1012 cidisse,
191 930 282 996 haud
304 929 444 994 dubium
474 939 531 994 est.
577 929 698 994 Narrat
727 929 815 992 enim
847 927 886 990 L.
909 925 968 990 IV.
993 949 1021 989 c.
1048 924 1153 988 1318-

56 1031 204 1110 gationem
244 1029 472 1114 episcoporum
510 1029 566 1112 qui
608 1050 628 1092 a
671 1024 810 1090 concilio
844 1023 1022 1107 Ancyrano
1061 1025 1153 1086 missi

56 1137 133 1189 emnt
155 1127 198 1214 (a.
223 1125 312 1211 368),
337 1134 370 1189 et
393 1147 421 1190 o.
448 1127 489 1190 14
511 1124 682 1210 epistolam
706 1123 805 1188 refert
827 1144 927 1209 quam
942 1119 1154 1185 Constantius

55 1224 168 1308 scripsit
190 1223 234 1288 ed
258 1223 449 1288 Eudoxium
472 1223 727 1288 Antiochorum.
774 1222 863 1286 Dein
895 1245 923 1285 c.
956 1221 996 1285 15
1020 1218 1152 1284 scribit:

55 1320 139 1384 Haud
161 1319 258 1386 multo
275 1332 352 1408 post
383 1321 559 1407 Imperator
590 1320 629 1386 ab
658 1320 733 1386 urbe
757 1322 860 1384 Romo
883 1318 1032 1384 Sirmium
1054 1341 1153 1382 rcum·

53 1441 95 1481 aas
114 1429 185 1500 cta,
211 1441 251 1483 ao
274 1427 406 1484 enarrat
429 1429 629 1486 conventum
660 1420 694 1482 in
717 1439 783 1503 quo
807 1417 960 1482 Liberius
983 1435 1152 1480 consenso·

53 1517 85 1578 rit
105 1515 328 1582 semiarianis.
375 1516 441 1584 Sed
464 1516 647 1602 Imperator
664 1517 736 1603 jam
760 1514 837 1581 inde
861 1515 905 1579 ab
927 1523 1050 1579 aestate
1073 1514 1151 1578 anni

51 1615 103 1676 tbi
117 1613 232 1680 Sirmii
256 1626 335 1695 erat,
360 1637 463 1700 eoque
487 1625 650 1680 venerunt
673 1612 746 1700 post
759 1612 888 1678 Pascha
911 1635 940 1676 a.
965 1613 1030 1676 358
1053 1611 1151 1695 legati

51 1711 155 1793 synodi
180 1712 391 1797 Ancyrauae.
437 1713 577 1799 Reliqua
600 1714 701 1797 igitur
723 1715 750 1776 si
774 1733 859 1798 quse
882 1710 1074 1775 acciderunt
1089 1709 1152 1773 Sir·

51 1812 96 1874 mii
119 1810 313 1876 coincidunt
336 1833 413 1878 cum
437 1811 493 1878 illa
516 1813 701 1897 praesentia
729 1811 920 1894 legatorum,
945 1818 977 1872 et
999 1806 1153 1872 habenda

50 1920 145 1972 essent
159 1919 197 1972 ut
221 1908 423 1974 continuatio
448 1911 570 1993 negotii
584 1929 661 1974 cum
685 1907 749 1972 illia
772 1910 906 1993 peracti.
922 1945 965 1956 -—
978 1908 1152 1971 Praeterea

51 2004 133 2086 plane
157 2005 389 2091 improbabile,
422 2008 487 2071 imo
520 2016 608 2072 certe
639 2005 758 2072 falsum
791 2016 848 2086 est,
881 2005 1053 2070 ,Liberium
1088 2027 1152 2068 mo·

51 2115 133 2168 rente
157 2103 284 2168 Basilio
317 2114 350 2168 et
378 2107 475 2170 sociis
505 2105 576 2190 ejus
608 2104 819 2174 sollicitatum
842 2105 952 2185 fuisse,
976 2115 1012 2167 at
1033 2103 1153 2167 lilium

51 2200 128 2264 Patri
149 2225 217 2266 aava
241 2224 306 2266 esse
327 2201 624 2268 consubstantialem
632 2202 842 2289 profiteretur.
889 2202 975 2266 Nam
999 2225 1017 2266 e
1041 2211 1153 2265 contra
1232 2281 1239 2294 ι

50 2297 99 2380 ipsi
120 2298 225 2382 legati
254 2299 566 2364 anathematismum
599 2301 634 2368 in
664 2299 798 2384 Synodo
827 2300 1008 2384 Ancyrana
1040 2311 1154 2364 contra

49 2416 150 2464 rocem
177 2397 461 2464 οοιιιιιὸειαιιιίαίίι
491 2399 617 2466 factum
644 2398 869 2479 absciderunt,
907 2401 954 2462 nti
990 2399 1076 2463 clare
1106 2400 1154 2461 in·

48 2493 143 2558 sinuat
175 2493 215 2562 S.
240 2493 388 2561 Hilarius
417 2494 438 2560 l.
470 2517 498 2561 c.
531 2495 636 2584 quue
666 2497 884 2560 certissimum
908 2497 945 2561 tit
967 2519 1009 2560 ex
1033 2497 1153 2561 duode-

48 2593 101 2654 cim
122 2591 413 2658 anathematismis
445 2617 475 2657 a.
500 2592 533 2658 S.
566 2593 695 2664 Hilario
729 2593 853 2676 relatis,
878 2617 959 2680 quos
981 2594 1080 2679 legati
1105 2594 1152 2659 illi

47 2689 145 2756 strati
181 2701 441 2776 proposuerunt3
482 2693 567 2756 inter
588 2691 648 2758 bos
671 2693 759 2758 enim
783 2692 837 2758 ille
860 2691 1153 2758 anathematismus

49 2809 101 2852 non
124 2791 309 2854 invenitcu.
346 2827 389 2836 -
426 2789 543 2873 Legati
574 2789 708 2876 quidem
731 2791 901 2874 Ancyrani
935 2790 1018 2855 forte
1041 2811 1153 2855 secum

47 2883 191 2951 ferebant
204 2886 408 2970 encyclicam
424 2887 542 2972 synodi
559 2887 757 2972 Ancyranae
772 2898 805 2952 et
817 2887 1031 2974 probabiliter
1053 2891 1152 2953 etiarn

48 2981 108 3046 illas
129 2983 301 3060 formulas,
326 3007 465 3070 quarum
481 2988 542 3050 ista
556 2985 727 3070 encyclica
741 2997 811 3052 crat
833 2987 967 3051 ulterior
990 2987 1152 3072 quaedam

46 3080 228 3166 explicatio.
259 3082 325 3148 b'ed
350 3083 459 3168 quoad
473 3083 739 3169 compilationem
752 3084 966 3150 formularum
991 3087 1025 3150 in
1049 3107 1152 3149 unum

46 3175 185 3244 libellum
211 3198 251 3244 ac
280 3179 554 3265 subscriptionem
587 3203 710 3263 aarum,
743 3181 925 3248 &somene
956 3182 1053 3248 fidem
1086 3205 1152 3248 non

47 3273 227 3344 habendam
259 3299 449 3358 censemus3
480 3279 568 3364 -quid
596 3281 686 3344 enim
718 3303 800 3366 opus
829 3291 899 3345 erat
922 3280 984 3345 hac
1006 3304 1051 3361 re,
1076 3303 1152 3345 cnm

45 3395 127 3438 susm
151 3376 340 3442 doctrinam
364 3385 477 3442 contm
505 3377 692 3442 Anomoeos
715 3378 861 3461 synodus
884 3379 1065 3462 Ancyrana
1088 3381 1153 3463 epi-

45 3471 116 3538 stola
139 3473 295 3558 synodali
318 3485 353 3538 et
379 3475 665 3542 anathematismis
682 3476 754 3561 jam
778 3477 1020 3562 proposuisset?
1067 3477 1153 3543 Satis

46 3569 144 3654 inepte
169 3571 271 3636 ctiam
286 3572 488 3638 sozomenus
512 3583 684 3659 postquam
714 3595 752 3638 ea
776 3577 925 3638 narravit
946 3597 1030 3660 quae
1054 3575 1152 3659 legati

45 3665 209 3752 ancyrani
223 3679 256 3732 et
272 3668 426 3736 Liberius
448 3671 596 3752 fecerint,
622 3673 667 3762 itp
692 3674 816 3757 pergit:
846 3673 909 3738 His
926 3697 987 3759 per
1006 3673 1152 3737 Occiden-

45 3765 147 3832 talium
171 3766 292 3852 lepatos
314 3767 473 3854 conseatis,
488 3770 665 3856 Imperator
687 3772 820 3834 Romam
842 3771 996 3836 redeundi
1013 3783 1152 3857 potesta·

44 3873 94 3924 tem
117 3863 246 3930 Liberis
270 3869 432 3932 conmorit·
457 3867 579 3932 Totum
594 3870 762 3952 negotium
786 3877 896 3932 tamen
919 3891 962 3932 ex
986 3871 1055 3953 ipso
1079 3889 1153 3932 con-

44 3959 158 4026 iectum
173 3973 245 4028 erat
258 3986 317 4049 per
330 3964 504 4031 orientales
519 3967 700 4051 episcopos.
719 4004 763 4014 —
776 3965 897 4032 Errare
920 3967 1053 4030 videtur
1075 3966 1153 4031 dein

43 4057 238 4126 Soaomcnus
262 4061 342 4128 dum
366 4062 475 4145 tradit,
500 4062 542 4128 ab
567 4065 729 4149 episcopis
752 4063 877 4129 litteras
900 4064 994 4130 datas
1017 4087 1086 4128 esse
1109 4065 1153 4129 ad

45 4153 212 4239 Romanos,
245 4169 282 4222 ut
298 4159 465 4224 Liberius
497 4170 530 4224 et
552 4161 647 4226 Felix
678 4160 775 4226 simul
797 4161 982 4228 Ecclesiam
1013 4162 1152 4228 admini-

43 4267 195 4338 strarent3
232 4257 395 4342 ejusmodi
427 4257 563 4344 epistole
595 4259 658 4324 fuit
690 4257 889 4342 Constantii,
920 4260 1102 4347 eademque
1132 4285 1152 4326 a
