2936 4814
567 477 676 546 ltpooha
693 477 784 536 tertia
1198 485 1233 538 25

119 631 346 704 moverentur,
391 641 505 686 eorum
550 621 638 686 facta
681 622 814 704 egregia
857 621 1068 704 extollerent,
1114 647 1233 691 memo·

116 723 266 805 memque
289 721 437 804 ipsorum
474 727 587 782 contra
615 717 849 782 obtrectatores
878 720 1088 786 vindicarent
1124 735 1157 786 et
1186 747 1232 788 re·

116 827 312 882 sumerent
358 817 434 882 Duo
459 815 588 880 axillis
613 816 675 878 viri
701 816 826 898 eximii,
850 817 1040 882 Fridericus
1054 819 1180 885 Hurter
1201 832 1234 886 et

115 915 261 996 Gir-brer,
285 935 330 978 ex
352 913 480 978 haeresi
505 913 548 976 ad
571 911 835 976 catholicismum
858 913 1035 980 redierunt.
1073 955 1117 964 -
1150 918 1234 984 Sunt

115 1029 225 1078 tamen
248 1012 327 1077 libri
343 1011 491 1076 historici
506 1021 677 1076 auctorum
692 1012 954 1096 protestantium,
970 1013 1070 1076 etiam
1086 1016 1112 1078 si
1136 1015 1233 1080 bene·

116 1109 297 1176 solentiam
321 1131 400 1193 erga
418 1108 602 1172 Ecclesiam
626 1107 822 1172 catholicam
846 1117 879 1170 ct
891 1108 1069 1174 Pontifices
1096 1134 1175 1197 prae
1199 1135 1233 1178 se

113 1209 233 1288 iemnt,
250 1207 384 1272 nonnisi
400 1227 476 1270 cum
500 1205 627 1270 cautela
650 1205 795 1290 quadam
817 1204 967 1290 legenda.
991 1207 1125 1274 Etenim
1142 1233 1234 1298 prae·

108 1305 283 1390 judicatae
314 1305 487 1389 opiniones
515 1313 548 1367 et
576 1304 741 1388 principia
763 1305 1020 1388 protestantismi
1050 1307 1152 1372 veluti
1176 1332 1235 1394 per

112 1426 146 1466 se
169 1401 358 1468 identidem
382 1400 534 1466 inlibris
557 1402 629 1466 istis
652 1400 800 1486 dispersa
823 1400 935 1483 latent,
959 1411 1058 1488 atque
1081 1407 1233 1472 incautus

112 1501 216 1565 lector
239 1521 280 1563 eo
304 1498 436 1564 facilius
459 1500 500 1564 iis
523 1497 677 1579 afficitur,
709 1520 773 1583 quo
798 1501 903 1582 magis
933 1501 996 1583 ipsi
1019 1511 1149 1584 gratum
1174 1514 1232 1588 est,

114 1601 203 1662 viros
218 1597 441 1662 heterodoxos
465 1605 556 1660 tanta
579 1617 655 1660 oum
679 1595 777 1660 laude
791 1595 976 1660 Ecclesiam
1000 1599 1136 1684 ejusque
1149 1601 1233 1666 Pon-

113 1697 220 1760 titices
253 1693 421 1758 extollere.
486 1693 559 1758 Hoc
595 1695 786 1779 praesertim
823 1693 1064 1760 advertendum
1102 1698 1234 1762 videtur

113 1789 224 1878 quoad
249 1791 422 1856 historiam
435 1791 658 1856 Romanorum
677 1790 886 1873 Pontificum,
911 1813 1010 1876 quam
1034 1794 1140 1858 edidit
1152 1795 1233 1860 Leo·

113 1889 233 1976 poldus
257 1889 392 1968 Ranke3
417 1888 533 1953 cadem
547 1889 646 1952 etiam
669 1889 703 1951 in
725 1887 874 1971 linguam
889 1887 1052 1954 Gallicam
1076 1891 1233 1958 translata

113 1989 176 2050 fuit
198 1997 233 2050 et
258 2007 459 2072 magnopere
482 1985 722 2066 commendata,
741 1987 822 2070 quin
846 1995 956 2051 tamen
980 1997 1076 2052 notae
1099 1989 1232 2054 additae

112 2087 239 2149 suerint
262 2085 397 2148 omnino
421 2084 636 2164 necessariae,
652 2094 688 2147 ut
707 2107 727 2147 a
747 2083 839 2148 falsis
862 2085 1074 2169 opinionibus
1096 2084 1233 2152 lectores

113 2191 379 2268 praeserventur.

204 2280 260 2344 29.
284 2277 339 2342 Ad
353 2277 507 2362 Belgium
521 2278 611 2364 quod
621 2287 756 2364 spectat,
768 2287 926 2363 superest,
941 2289 978 2342 ut
991 2301 1097 2364 pauca
1111 2281 1233 2347 addam
1291 2311 1316 2341 u
1342 2313 1364 2342 η

112 2378 154 2442 de
179 2377 277 2441 libris
298 2374 477 2461 praeclaris
500 2376 542 2442 ab
567 2377 689 2440 eximio
714 2397 785 2440 meo
811 2377 846 2440 in
869 2375 932 2440 hac
956 2377 1114 2442 cathedra
1137 2379 1233 2444 Prae·
1302 2374 1313 2401 ⁰
1336 2373 1367 2402 ⁸⁰·

113 2475 299 2554 decessore,
330 2474 469 2538 Hearioo
503 2472 660 2538 Gulielmo
698 2473 855 2552 Wouters,
886 2477 1091 2560 conscriptis.
1148 2475 1232 2542 Com·

110 2573 268 2658 perediam
299 2571 401 2654 igitur
433 2571 608 2648 Humum,
622 2571 848 2636 ecclesiasticae
880 2571 922 2636 ab
947 2575 1017 2658 ipso
1036 2574 1108 2658 jam
1132 2578 1234 2640 variis

113 2667 321 2734 editionibus
352 2669 387 2732 in
419 2668 527 2734 lucem
559 2670 726 2751 emissum,
760 2668 884 2754 ubique
915 2671 1064 2754 gentium
1098 2695 1118 2736 a
1152 2675 1233 2738 viris

114 2766 229 2852 probis
253 2775 286 2828 et
309 2765 447 2830 eruditis
470 2787 589 2850 magno
614 2787 690 2830 cum
713 2765 832 2850 plausu
855 2768 919 2830 fuit
941 2778 1140 2854 susceptum.
1179 2772 1233 2836 Et

113 2866 204 2928 cuim
229 2883 347 2926 revera
370 2861 461 2928 nulla
484 2865 597 2928 existit
622 2863 760 2928 historia
783 2863 971 2946 Ecclesiae,
994 2864 1097 2930 latina
1119 2867 1233 2952 lingua

113 2971 146 3024 et
169 2961 289 3046 paucis
319 2959 544 3025 voluminibus
575 2962 770 3046 conscripta,
802 2983 886 3046 quae
916 2961 995 3026 huic
1018 2967 1108 3048 operi
1131 2969 1234 3050 possit

113 3057 287 3144 praeferri.
332 3057 420 3122 Illud
443 3057 508 3123 sibi
522 3059 692 3144 proprium
707 3057 816 3139 habet,
838 3069 875 3122 ut
897 3061 940 3123 sit
963 3060 1125 3145 imprimis
1149 3085 1233 3128 com·

113 3155 277 3242 pendium
310 3151 465 3220 historiae
498 3155 596 3220 valde
629 3155 845 3240 completum3
883 3157 993 3220 omnia
1026 3161 1114 3224 enim
1146 3161 1232 3226 factu

112 3253 260 3338 alicujus
273 3253 440 3336 momenti,
465 3255 608 3335 conciso,
633 3252 719 3317 claro
744 3261 777 3315 et
800 3254 958 3337 castigato
984 3275 1133 3320 sermone
1157 3257 1233 3324 fide·

113 3349 190 3414 liter
222 3349 419 3416 reseruntur.
465 3351 554 3416 Dein
587 3351 686 3414 etiam
720 3353 1017 3414 controversiarum
1051 3375 1109 3417 seu
1136 3377 1233 3441 quae·

113 3449 262 3510 stionum
295 3448 463 3512 variarum
502 3471 588 3534 quae
620 3449 654 3512 in
688 3457 799 3512 nostra
837 3447 1014 3533 disciplina
1046 3465 1232 3535 occurrunt,

27 3563 38 3582 ·
114 3545 256 3610 solidam
294 3545 426 3608 invenis
458 3547 493 3610 in
525 3544 588 3610 hoo
627 3566 725 3630 opere
757 3545 971 3629 solutionem,
996 3556 1046 3630 et,
1080 3553 1233 3634 quamvis

114 3643 264 3724 brevem,
298 3643 503 3727 aptissimam
536 3651 646 3707 tamen
679 3642 943 3727 explicationem.
990 3646 1167 3727 Postremo,
1199 3649 1233 3714 in

114 3751 182 3804 toto
207 3739 272 3804 hoc
296 3738 381 3802 libro
405 3741 535 3804 animus
559 3742 679 3826 spirat,
703 3750 836 3804 sanotae
859 3741 1028 3806 Ecclesiae
1051 3744 1233 3810 catholicae

114 3849 147 3900 et
169 3837 249 3904 Sedi
272 3836 484 3922 Apostolicue
507 3859 635 3902 summe
658 3837 808 3920 devotus,
836 3840 883 3903 ita
906 3849 943 3904 ut
965 3841 1064 3904 etiam
1088 3840 1233 3925 legentes

113 3935 229 4000 eodem
254 3933 492 4000 accendantur.
538 3935 660 3998 Mirum
694 3935 796 4018 igitur
827 3959 893 4001 non
917 3947 976 4019 est,
1000 3937 1120 4002 librum
1145 3939 1234 4006 hunc

114 4036 148 4098 in
170 4044 240 4098 tam
266 4033 372 4096 variis
394 4032 585 4116 regionibus
604 4031 761 4096 selectum
784 4033 896 4116 fuisse,
920 4043 957 4098 ut
980 4036 1020 4098 iis
1044 4039 1100 4121 qui
1125 4040 1234 4102 studia

112 4129 341 4196 ecclesiastica
380 4129 573 4214 persolvunt
611 4131 714 4194 instar
753 4131 916 4196 manualis
954 4131 1030 4196 libri
1064 4137 1233 4202 inserviat.

112 4234 203 4312 Opus
228 4227 293 4292 hoc
317 4237 435 4290 auctor
457 4249 499 4289 ex
521 4237 616 4313 parte
638 4226 815 4291 illustravit
837 4239 870 4292 et
892 4229 1085 4315 explanavit
1108 4235 1233 4296 Disser-
