2924 4818
510 489 631 544 Rumon
648 487 779 544 criticum.
1153 487 1204 543 tes

103 631 289 698 condemnat
312 633 508 715 Fascianus,
541 641 668 698 mutata
700 635 807 697 erucis
838 649 964 718 mena,
998 629 1041 697 ad
1072 632 1205 697 metalla

102 731 271 797 Strdiniae.

178 830 229 896 20.
255 829 352 911 Quae
385 829 427 893 de
467 828 661 894 liberatione
685 828 811 892 Auctor
842 836 963 910 narrat,
998 827 1107 913 quoad
1131 828 1204 892 sub-

101 929 240 992 stantiam
264 949 345 992 vera
369 949 439 991 esse
471 949 653 992 censemus.
699 926 861 991 Accidere
890 927 1006 1011 potuit,
1030 935 1067 988 ut
1090 926 1205 990 Victor

101 1025 178 1091 haud
200 1027 348 1092 traderet
372 1024 499 1090 Callisti
532 1046 663 1106 nomen,
694 1025 749 1088 vel
772 1047 814 1088 ex
838 1023 1014 1106 oblivione,
1039 1023 1093 1086 vel
1116 1025 1204 1110 quod

101 1127 197 1188 ninus
227 1124 370 1208 dignum
402 1126 511 1209 ipsum
544 1124 586 1188 ob
618 1123 845 1186 accusationes
868 1122 1028 1207 quasdam
1059 1121 1203 1188 haberet.

100 1219 214 1306 Operae
238 1222 383 1307 pretium
407 1233 457 1285 est
479 1232 602 1299 notare,
634 1220 676 1284 ab
701 1219 845 1286 Auctore
869 1219 966 1283 valde
990 1229 1143 1284 accurate
1166 1243 1205 1285 sa

101 1321 209 1402 referri,
224 1343 312 1406 quae
336 1321 379 1384 ad
396 1319 647 1406 Carpophorum
663 1329 694 1382 et
708 1320 876 1384 Victorem
900 1328 1059 1404 spectant.
1106 1319 1205 1383 Forte
1310 1343 1311 1348 ¹

100 1429 166 1500 erat,
189 1422 237 1482 uti
257 1420 331 1505 jam
355 1419 511 1497 diximus,
543 1417 747 1503 Carpophori
778 1419 918 1498 amicus,
944 1417 1106 1503 simulque
1130 1418 1204 1482 Vic-

100 1517 166 1579 toris
187 1517 361 1581 Pontificis
384 1516 594 1597 administer3
620 1517 685 1579 imo
709 1516 764 1580 vel
787 1517 856 1600 ipse
880 1538 900 1577 a
915 1513 1126 1601 Carpophoro
1151 1539 1205 1580 ex-

100 1614 205 1678 citatus
228 1617 338 1700 potuit
362 1617 396 1678 in
422 1635 630 1696 caussasse,
656 1622 692 1676 ut
716 1612 840 1677 Callisti
872 1635 993 1677 nomen
1024 1616 1109 1678 inter
1132 1637 1205 1701 cap·

100 1713 174 1775 tirus
194 1712 387 1777 liberandos
410 1711 555 1776 Marciae
584 1723 616 1774 et
640 1711 831 1797 Hyacinthe
855 1733 921 1776 non
944 1713 1137 1779 traderetur.
1162 1753 1205 1761 -

101 1807 264 1873 Liberatus
297 1812 401 1894 igitur
433 1807 587 1873 Callistus
625 1831 701 1873 cum
738 1808 891 1894 reliquis,
925 1810 1063 1876 Romam
1096 1811 1204 1876 rediit,

101 1907 434 1972 Animadvertendum
468 1929 546 1972 vero
580 1917 647 1989 est,
681 1908 752 1993 ejus
790 1907 1012 1971 conditionem
1044 1917 1204 1972 mutatam

100 2003 206 2088 fuhse3
230 2006 388 2070 videlicet
405 2007 476 2091 jam
500 2027 566 2070 non
591 2015 660 2068 erat
687 2004 829 2091 amplius
852 2027 966 2068 servus
990 2004 1205 2092 Carpophori.

103 2101 220 2168 Etenim
253 2103 376 2190 aliquis
406 2125 520 2167 servus
552 2127 572 2166 a
604 2113 764 2189 potestate
800 2101 935 2189 publica
967 2104 1205 2170 condemnatus

102 2201 137 2264 sd
157 2223 296 2288 poenam
321 2201 500 2288 publicam,
525 2223 563 2266 eo
588 2203 659 2287 ipso
683 2199 784 2265 fiebat
807 2225 913 2265 aeroas
930 2225 1064 2288 poenae,
1089 2225 1128 2267 ac
1152 2203 1205 2268 do-

105 2300 182 2364 mino
204 2299 482 2382 subtrahebatur;
506 2302 532 2363 si
557 2321 636 2362 vero
659 2309 772 2385 postes
796 2301 858 2384 ipsi
882 2303 981 2364 venia
1005 2301 1205 2366 concedeba-

103 2409 153 2477 tur,
162 2397 246 2462 liber
254 2409 335 2464 erat.
360 2399 417 2464 Sic
433 2399 467 2463 in
478 2397 588 2484 aliquo
598 2399 755 2484 rescripto
766 2397 1149 2484 AntoniniImperatoris
1160 2401 1206 2466 di-

103 2495 190 2558 citur:
216 2495 302 2568 Quia
325 2496 419 2560 semel
441 2497 563 2559 domiui
576 2519 640 2558 esse
659 2495 805 2576 deamat,
822 2519 928 2560 seruus
944 2519 1067 2582 poenae
1083 2498 1205 2584 factus,

102 2615 156 2655 sou
175 2617 238 2658 essa
262 2617 332 2658 eum
355 2597 390 2658 io
407 2605 596 2680 potestatem
618 2593 739 2656 domiai
754 2605 870 2679 postca
891 2595 1084 2658 reddendum
1092 2593 1125 2680 ¹).

179 2694 231 2757 21.
255 2691 506 2756 Liberationem
530 2701 563 2754 et
580 2690 723 2754 reditum
740 2689 865 2754 Callisti
890 2694 1070 2776 aegerrime
1093 2693 1205 2758 tulisse

105 2787 268 2872 Victorem,
286 2791 415 2854 Auctor
438 2789 623 2870 coutendit3
648 2787 730 2852 fides
753 2790 796 2852 sit
817 2789 906 2874 apud
931 2792 1049 2875 ipsum.
1095 2790 1207 2855 Potuit

105 2899 179 2950 certe
208 2911 260 2952 res
292 2889 341 2952 sic
374 2911 408 2952 se
440 2886 581 2968 habere,
615 2897 653 2950 ut
675 2896 808 2972 propter
840 2910 879 2951 ea
910 2910 993 2974 quae
1017 2889 1207 2953 acciderant

105 2981 205 3049 Victor
226 2988 338 3050 minus
361 2986 447 3050 bene
469 2987 604 3050 sentiret
627 2985 668 3048 de
684 2983 817 3048 Callisto
837 2986 879 3049 ab
903 2985 976 3050 aliis
990 2997 1204 3072 praeventum

105 3103 257 3170 quumque
282 3083 534 3170 Carpophorum
566 3081 713 3168 aliosque
745 3082 869 3146 Romae
893 3082 1048 3148 Callistus
1071 3084 1207 3149 haberet

105 3179 307 3263 adremarios,
323 3182 519 3268 prudentiae
534 3181 609 3262 fuir,
626 3189 663 3243 ut
677 3180 815 3244 Antium
832 3181 887 3244 hic
911 3184 1086 3248 secederet.
1112 3183 1206 3264 Quae

107 3297 171 3343 toro
193 3281 387 3346 acciderunt
410 3280 465 3344 illo
488 3289 635 3365 tempore
659 3279 773 3342 decem
798 3279 865 3343 lere
889 3303 1061 3364 annorum,
1086 3281 1207 3368 quihus

107 3375 186 3441 Antii
212 3379 322 3464 degit,
351 3378 489 3443 subdole
521 3377 647 3441 Auctor
678 3379 802 3442 reticet.
853 3378 940 3443 Satis
972 3389 1082 3444 tamen
1106 3389 1205 3466 patet,

106 3493 169 3538 cnm
190 3498 255 3540 non
288 3479 388 3541 unico
420 3476 525 3540 veluti
558 3475 642 3539 saltu
669 3485 781 3561 postea
804 3475 993 3562 Zephyrino
1023 3487 1090 3541 tam
1114 3478 1207 3542 fami·

105 3569 203 3638 liuram
235 3575 379 3656 sactum3
402 3575 552 3660 adeoque
575 3596 616 3637 ex
648 3595 758 3638 rerum
783 3584 900 3639 natura
928 3585 961 3639 et
983 3577 1112 3660 integra
1135 3599 1206 3642 nar·

106 3673 216 3736 ratione
249 3673 433 3757 colligitur,
465 3673 559 3738 Antii
592 3693 668 3736 eum
701 3674 736 3736 in
769 3673 891 3736 clerum
925 3695 995 3737 esse
1027 3683 1205 3760 receptum.

105 3767 160 3834 Sed
181 3793 282 3857 quum
308 3793 345 3834 eo
378 3783 525 3856 tempore
556 3769 613 3834 tali
638 3771 672 3834 in
704 3791 740 3833 re
763 3780 928 3835 maturum
952 3795 1092 3836 examen
1116 3772 1207 3836 adhi-

105 3865 223 3934 beretur
245 3880 277 3932 et
300 3869 448 3934 fidelium
472 3890 602 3956 quoque
630 3869 822 3952 suffragium
846 3871 1025 3953 audiretur,
1049 3872 1206 3958 sequitur,

106 3969 243 4032 mnino
273 3970 424 4033 instituto
461 3977 627 4053 repertum
666 3965 780 4049 fuisse,
806 3965 941 4032 Callisto
964 3992 1110 4058 eaquae
1134 3991 1206 4034 eve·

107 4079 208 4131 ueram
229 4069 265 4132 in
289 4065 422 4153 culpam
445 4087 486 4130 ac
514 4067 634 4130 vitium
658 4067 742 4128 verti
772 4087 839 4130 non
863 4068 1016 4152 potuisse,
1040 4069 1106 4132 imo
1130 4091 1206 4133 eum

172 4281 189 4341 ¹)
207 4281 237 4336 Ι),
252 4283 296 4346 ts,
311 4287 331 4334 t
344 4283 384 4333 la.
395 4279 413 4332 l
424 4275 449 4334 8.
458 4280 482 4349 fl.
494 4281 535 4333 ta,
545 4279 586 4334 Cf.
597 4279 746 4347 Dollinger,
757 4279 912 4348 Hippolitus
922 4295 946 4334 u.
957 4279 1099 4346 Kallistus,
1110 4281 1133 4335 S.
1147 4283 1206 4335 121.
