2874 4812
436 473 595 536 Persecutio
612 477 788 536 Diocletiani.
810 523 814 530 .
856 509 860 517 ·
1114 478 1168 534 383

79 621 247 686 vindiesbat
268 629 475 734 potestatem,
503 624 601 688 sicuti
625 645 698 688 eom
721 626 756 688 in
780 621 871 688 cultu
893 623 1082 708 gentilium,
1098 643 1166 688 non

78 719 258 784 obstantibus
292 720 394 784 variis
425 721 522 784 scotis
555 731 588 784 et
619 721 839 806 opinionibus,
863 721 1081 834 Imperatores
1106 721 1167 786 Ro

79 819 148 880 noni
169 815 364 882 habuerant.

145 915 195 977 34.
218 913 452 978 Diocletianus
463 912 558 978 bellis
567 913 707 978 feliciter
714 917 816 999 gestos
830 914 939 980 hostes
952 925 1105 980 externos
1113 915 1168 980 de

79 1013 189 1120 vicerat,
205 1031 374 1096 quumque
388 1011 685 1095 animadvertisset,
701 1013 863 1076 vastiores
879 1031 948 1076 esse
963 1014 1092 1098 imperii
1107 1025 1168 1078 ter

79 1109 175 1188 minos,
188 1129 286 1193 quem
303 1119 339 1172 ut
353 1107 396 1172 ab
411 1129 476 1172 uno
493 1110 606 1174 omnin
621 1109 844 1174 administrari
861 1120 1003 1194 possent,
1013 1110 1166 1196 prudenti

77 1204 191 1268 consilio
215 1204 416 1290 providerat,
442 1216 478 1269 nt
491 1216 556 1270 tres
570 1205 865 1292 alioeimperentes
887 1207 952 1270 sibi
975 1206 1170 1292 adjungeret

77 1303 199 1386 ipsisque
223 1304 413 1386 provincias
435 1302 655 1368 distribueret.
702 1303 768 1370 Sed
796 1313 865 1366 tum
890 1305 924 1366 in
949 1303 1076 1368 delectu
1100 1325 1169 1390 per·
1196 1340 1199 1346 ·

76 1419 208 1462 sonarum
231 1409 304 1464 tum
328 1400 362 1464 in
387 1398 601 1484 disponendis
616 1400 715 1464 rebus
734 1401 779 1463 ita
803 1409 922 1486 egerat,
948 1409 984 1463 nt
1006 1419 1168 1467 summam

77 1506 249 1578 potestatem
281 1495 345 1560 sibi
378 1506 568 1562 reservaret.
614 1497 839 1582 Perspiciebet
870 1505 990 1578 autem,
1024 1498 1170 1566 christia-

77 1593 201 1656 nismum
223 1603 419 1678 perpetuum
452 1593 521 1658 sore
554 1593 760 1658 obstaculum
791 1593 879 1658 illins
912 1596 1048 1660 unitatis
1071 1617 1169 1680 quam

76 1687 126 1752 sibi
155 1689 369 1756 obtinendam
401 1701 623 1776 proposuerat.
669 1691 723 1754 Ex
754 1689 864 1754 indole
893 1693 982 1754 enim
996 1713 1066 1755 sue
1082 1693 1171 1756 baec

77 1785 172 1870 “585⁰
195 1797 266 1852 erat
287 1788 459 1872 ejusmodi,
484 1797 521 1851 ut
542 1789 747 1873 Imperatori,
771 1789 915 1852 maxime
928 1787 1062 1872 gentili,
1086 1811 1171 1854 sum·
1267 1803 1268 1808 ’

78 1903 134 1946 nso
154 1895 260 1970 partes
279 1905 545 1968 *supremamque
576 1886 805 1949 auctoritatem
833 1886 868 1948 in
890 1885 990 1949 rebus
1012 1885 1172 1971 religiosis

77 1981 193 2046 omnino
214 1991 366 2066 negaret3
391 2001 530 2066 eamque
553 1981 748 2066 dignitatem
763 1991 796 2044 et
816 1991 1010 2066 potestatem
1034 1981 1102 2046 fere
1126 1984 1171 2047 di·

80 2076 183 2158 vinam,
206 2100 308 2164 quem
331 2077 551 2144 Diocletianus
573 2079 688 2144 Jooios
710 2081 902 2164 praesertim
924 2100 1040 2144 versus
1069 2079 1172 2144 finem

78 2174 155 2256 regni
176 2177 227 2238 sui
250 2174 314 2240 sibi
339 2173 542 2258 vindicabat,
567 2174 747 2240 Christiani
771 2197 950 2260 agnoscere
967 2175 1062 2242 baud
1084 2188 1172 2263 pote·

80 2279 147 2334 root
188 2271 279 2336 Hinc
312 2293 413 2358 quum
445 2271 534 2338 felici
564 2293 730 2338 successu
751 2272 935 2358 Imperator
960 2294 1098 2359 regnum
1123 2274 1173 2338 fir·

81 2381 190 2446 1444444,
210 2381 433 2456 opportunum
447 2381 577 2457 tempus
597 2369 711 2438 adesse
726 2372 756 2434 ei
772 2372 880 2436 visum
897 2380 965 2452 est,
981 2382 1018 2435 ut
1032 2372 1174 2437 destrue·

78 2477 116 2526 net
135 2463 215 2534 banc
248 2467 460 2552 religionem·
484 2478 582 2554 atque
615 2479 695 2534 tunc
718 2469 884 2554 ingentem
902 2472 1174 2554 persecutionem:

80 2559 226 2651 incepit¹).

151 2663 201 2726 35.
225 2662 319 2726 Haec
352 2661 517 2748 explanat·
509 2683 540 2728 ιο
573 2661 669 2728 nobis
701 2663 779 2726 setis
811 2645 979 2750 probetur,
1013 2633 1175 2776 qnatenus

82 2755 177 2822 eedem
200 2757 392 2870 ostenditur,
417 2759 677 2842 persecutionem
700 2757 961 2846 Christianorum
984 2764 1175 2845 provenisse
1211 2811 1214 2816 -

82 2871 115 2918 ex
138 2853 199 2922 illis
220 2857 422 2942 principiis,
438 2855 559 2940 quibus
591 2854 865 2920 Diocletianus'
857 2879 892 2920 111
925 2879 983 2922 suo
1015 2858 1175 2943 gubernio

84 2946 266 3036 disponendo
291 2951 504 3036 dirigebatur.
533 2952 682 3016 Nimium
692 2957 805 3018 tamen
820 2953 997 3040 procedere
1021 2955 1177 3021 videntur

85 3064 167 3162 quom
181 3051 382 3129 existimant,
398 3050 474 3114 inde
498 3047 564 3112 ab
555 3050 649 3113 mitio
664 3049 706 3112 ab
720 3049 866 3144 Imperat
869 3071 923 3114 ore
938 3053 978 3116 ist
966 3051 1097 3146 thaeco
1111 3075 1177 3144 om.

85 3145 128 3208 444
152 3148 218 3234 jem
252 3150 430 3214 constituta
462 3147 582 3227 fuisse,
616 3149 662 3211 ite
694 3157 730 3210 ut
754 3159 829 3230 tom
863 3147 961 3215 finem
990 3171 1086 3214 suum
1109 3139 1176 3218 tam

87 3243 319 3330 nediesingula
334 3245 550 3328 determinato
572 3197 668 3310 inodo
685 3221 917 3309 intenderetet
931 3245 1049 3310 cellide
1072 3247 1177 3334 dispo

88 3355 171 3405 neret.
193 3343 257 3410 Sed
269 3343 410 3406 decursu
422 3343 698 3427 temporiopotins
708 3341 791 3405 hoec
805 3343 924 3422 omnia,
940 3345 987 3406 uti
1001 3340 1071 3407 fieri
1087 3346 1177 3428 solet,

89 3457 114 3498 se
133 3443 228 3525 magis
253 3442 424 3526 magisque
448 3433 653 3506 evolverunt.
682 3439 760 3504 Post
782 3439 892 3526 plures
904 3437 1041 3526 Imperii
1065 3463 1177 3530 annos,

89 3535 265 3622 principium
291 3535 373 3604 illud
398 3537 440 3600 de
462 3539 655 3602 auctoritate
671 3536 828 3602 ¹absolute
853 3546 884 3600 et
907 3559 1060 3625 suprema
1074 3539 1179 3625 Impe.

89 3648 161 3696 rotor
189 3633 272 3700 ultra
305 3657 417 3700 omnes
449 3633 569 3712 limites
604 3634 780 3700 extendere
814 3631 933 3714 voluit,
959 3648 1056 3722 etque
1081 3639 1178 3704 etiem

90 3729 124 3791 sol
143 3731 326 3816 religionem
340 3731 526 3818 applicare.
556 3731 651 3796 Tunc
673 3753 751 3796 mon
775 3735 951 3817 perspexit,
977 3731 1180 3798 Christianos

92 3825 141 3910 ipsi
162 3851 224 3892 esse
248 3829 498 3915 impedimento,
523 3842 555 3892 et
573 3831 619 3894 ita
633 3829 676 3893 ad
690 3849 803 3904 eorum
826 3831 1086 3916 persecutionem
1111 3851 1180 3916 per-

93 3927 176 3992 venit.
202 3927 236 3992 si
260 3929 371 3991 iteres
387 3928 581 4014 concipitur,
598 3949 673 3990 cum
688 3925 739 3990 his
755 3927 853 3990 etiam
869 3925 1086 3992 concilientur
1100 3929 1181 3990 anti-

91 4073 267 4090 -n-——a—-u

92 4231 118 4284 R
134 4155 409 4292 lllsvbslmmmp'
437 4158 468 4211 Β.
495 4157 517 4212 I.
546 4158 569 4226 ὅ.
598 4160 639 4211 74.
668 4189 701 4198 -
730 4157 871 4220 1444444444,
891 4157 984 4214 Geeoh.
1004 4157 1029 4214 d
1048 4156 1087 4214 St
1107 4157 1181 4212 Rom.

147 4278 152 4288 .
185 4278 192 4290 .
274 4253 331 4304 sqq.
