2806 4848
347 487 372 544 S.
390 488 524 544 Martinus
542 487 571 543 in
590 503 670 544 censs
690 487 861 544 Priscilliuni.
1107 485 1159 540 107

64 631 141 716 pulos
162 633 196 696 in
219 635 335 698 crimen
365 643 543 697 arcesseret.
590 633 695 697 Ausus
727 633 808 697 enim
830 634 1002 713 miserest,
1026 657 1064 699 ea
1088 646 1159 708 tem·

62 739 166 814 pestate
200 731 342 794 Martiae
371 731 529 816 episcopo,
561 732 628 794 viro
651 730 751 817 plane
774 731 936 817 Apostolis
958 733 1159 820 conferendo,

62 827 156 911 palam
178 828 334 918 objectare
357 829 494 892 haeresis
517 828 694 913 infamiam.
742 830 886 916 Namque
910 842 973 895 tum
997 833 1161 895 Martinus

64 925 137 1011 opud
160 927 189 990 Τ
185 948 311 990 reseres
333 927 519 990 constitutus
540 949 604 990 non
627 926 789 991 desinebat
810 929 973 1014 increpare
998 930 1157 1007 Itlracium,

63 1035 89 1086 ut
116 1023 153 1086 ch
185 1026 384 1088 accusatione
407 1025 590 1103 desisteret,·
625 1025 802 1088 Manimum
825 1049 927 1104 orare,
951 1037 986 1090 ut
1007 1028 1158 1110 sanquine

62 1121 222 1206 infelicium
245 1121 435 1201 obsanare&
466 1122 546 1186 satis
574 1145 723 1208 superque
752 1122 904 1209 sufficere,
927 1136 963 1188 ut
985 1124 1159 1210 episcopali

61 1221 204 1284 uolentia
225 1221 374 1284 henotici
399 1220 541 1308 Micam
568 1220 704 1284 ecclesiis
720 1219 938 1306 pellerentur·‚·
960 1243 1071 1285 'nomem
1094 1244 1159 1286 esse

7 1404 8 1408 Ἰ
62 1325 83 1376 rt
103 1317 280 1380 inauditum
302 1317 405 1403 nefas,
428 1329 464 1381 ut
487 1340 615 1384 causam
634 1318 794 1382 Ecclesiae
810 1319 915 1409 juder
937 1317 1056 1384 saecrsli
1070 1319 1158 1408 judi·

60 1423 140 1476 rrrret.
164 1452 209 1460 -
232 1413 355 1500 Liquet
378 1417 486 1500 igitur,
520 1418 618 1480 etiem
651 1416 684 1482 S.
708 1417 849 1482 Mertino
881 1419 1025 1482 maxime
1049 1417 1158 1502 displi-

61 1511 163 1590 cuisse,
199 1512 288 1597 quod
320 1536 419 1578 cauea
447 1513 668 1578 ecclesiastica
700 1512 743 1578 ed
766 1515 909 1580 tribunal
934 1515 1032 1580 civile
1057 1515 1159 1579 defer-

60 1621 143 1690 mtur,
167 1631 210 1672 ac
233 1621 401 1695 praeterea
425 1613 533 1696 ipsum
564 1611 811 1696 reprehendisse
834 1623 961 1677 uestrum
984 1612 1103 1677 Ithacii
1128 1621 1160 1678 ct

59 1708 264 1790 existimasse,
289 1711 367 1774 setis
390 1709 452 1774 hoc
476 1712 509 1773 in
543 1731 620 1774 cusu
644 1710 809 1795 provideri
838 1733 933 1796 posse
956 1733 1015 1796 per
1037 1732 1160 1798 poenes

59 1805 297 1890 ecclesiastices,
322 1807 470 1894 adeoque
484 1809 654 1892 sanguinis
672 1799 866 1873 effusionem
882 1829 947 1873 non
972 1810 1160 1873 convenire.

58 1939 91 1950 -
112 1903 257 1989 Denique
281 1906 480 1992 quoadusque
511 1907 672 1970 diurtinns
704 1907 845 1970 Trsrrcris
859 1908 941 1995 fuit,
965 1909 1071 1972 dilata
1093 1931 1161 2003 cop-

59 2003 125 2064 nitio
149 2013 208 2080 est,
233 2013 263 2066 et
284 2027 357 2066 mon
380 2004 582 2080 discessurus,
613 2006 735 2088 epreqia
762 2008 948 2070 rrrrcson'ears
971 2029 992 2068 a
1017 2007 1158 2070 runcina

58 2095 152 2162 eiecit
166 2099 469 2185 sponsionem,nihil
483 2113 642 2166 ansatum
664 2104 698 2166 in
720 2126 790 2166 reos
813 2104 1070 2168 consumentem.
1097 2103 1160 2169 Sed

54 2209 153 2279 postea
187 2199 363 2284 Imperator
388 2223 450 2285 per
474 2201 624 2284 Mapnum
655 2211 684 2262 et
708 2199 828 2286 Rufum
860 2205 1019 2289 episcopos
1045 2203 1158 2289 depra-

57 2305 145 2373 catus,
168 2305 202 2358 et
232 2319 253 2358 a
283 2297 460 2362 mitioribus
491 2296 631 2362 consiliis
661 2299 808 2386 dejisxun
840 2323 967 2364 causam
996 2299 1158 2385 praesecto

57 2393 165 2456 Ecorlio
188 2397 343 2480 permisit,
366 2397 434 2459 viro
458 2398 526 2459 acri
545 2407 575 2459 et
589 2419 702 2461 secero.
807 2397 911 2462 Gestis
935 2398 979 2460 ad
996 2397 1158 2483 palatium

56 2489 162 2554 delatis
186 2495 306 2557 ceruuit
322 2495 505 2580 Imperator,
523 2494 759 2558 Priscillianum
774 2497 930 2580 sociosque
954 2501 1020 2586 ejus
1043 2498 1158 2583 capitis

56 2587 198 2652 damnari
220 2601 371 2676 oportere.
422 2590 585 2656 Caetemm
610 2593 745 2657 Ithadus
767 2593 885 2670 eidem,
909 2615 1002 2678 quam
1024 2593 1158 2657 invictio-

56 2709 113 2748 rum
135 2687 202 2752 sihi
223 2689 310 2773 apud
332 2689 494 2775 episcopos
508 2688 608 2775 foret,
641 2693 671 2754 si
693 2703 855 2755 accusator
878 2693 973 2754 etiam
991 2693 1160 2778 postremis

57 2807 149 2848 rerum
182 2785 370 2871 capitalium
386 2787 524 2876 judiciis
555 2788 746 2868 adsfimsmt,
778 2789 907 2873 (emmim
934 2790 1049 2853 iterari
1070 2789 1158 2876 jucli-

1 2943 2 2950 ,
55 2883 126 2945 dum
148 2907 271 2947 necesse
295 2885 389 2968 erat),
414 2885 568 2951 subtrahit
591 2909 622 2948 se
645 2887 823 2972 coperitioni.
857 2935 864 2950 .
906 2935 913 2950 .
951 2887 994 2950 Ar
1018 2897 1081 2950 tum
1098 2910 1161 2971 per

56 2980 228 3045 ,tissimum
251 2993 414 3048 acnuator
436 2985 608 3068 apponitur
635 2984 794 3048 Patricius
816 2985 944 3070 quidam
957 2983 1033 3068 fisci
1053 2995 1159 3070 patro·

55 3101 113 3141 nus.
163 3080 215 3142 Ita
248 3103 282 3143 so
312 3082 474 3145 insistente
503 3081 725 3144 Priscillianus
757 3083 872 3168 capitis
903 3081 1073 3144 damnatus
1104 3093 1159 3160 est,

54 3198 170 3262 unaque
194 3201 263 3240 cum
285 3200 320 3242 eo
339 3178 551 3243 Felicissimae
574 3189 603 3242 et
618 3179 782 3257 Armenes,
806 3182 860 3266 qni
881 3201 982 3265 nuper
1003 3203 1024 3240 a
1051 3176 1160 3243 Catho-

54 3271 116 3338 licis
138 3274 248 3340 clerici
272 3275 507 3340 Priscillianum
530 3278 628 3341 secuti
650 3277 844 3342 desciuerant
867 3287 922 3340 etc.
932 3275 966 3362 ¹).

134 3373 190 3436 33.
216 3372 333 3459 Itaque
364 3376 399 3438 in
428 3375 482 3439 ille
514 3375 712 3439 Priscillisni
745 3397 845 3439 ceusu
878 3375 909 3440 S.
944 3375 1105 3438 Martinus
1128 3382 1160 3437 et

53 3467 208 3555 Snipitius
231 3471 373 3536 Severus
395 3471 484 3537 heud
509 3473 645 3538 inficiati
674 3483 751 3536 sunt
780 3472 861 3536 iliud
890 3473 1090 3558 principium
1118 3470 1159 3535 de

1 3579 2 3584 ’
54 3565 222 3632 haereticis
245 3571 361 3634 merito
385 3572 484 3634 etiem
513 3563 572 3656 per
601 3592 724 3656 poenas
752 3570 947 3656 temporales
970 3569 1160 3634 coercendis

52 3675 79 3727 ct
101 3667 334 3752 reprimendis,
359 3668 417 3732 scd
441 3667 522 3732 elias
552 3667 593 3732 ob
617 3669 760 3732 rationes
792 3691 877 3754 quse
899 3675 992 3752 geste
1014 3675 1090 3730 sunt
1112 3689 1158 3730 re-

1 3791 2 3812 r
52 3763 303 3846 prehenderunt.
349 3764 517 3830 Videlicet
535 3764 703 3852 displicuit
716 3767 806 3852 ipsis,
831 3764 919 3852 qnod
933 3763 1160 3850 imprudenter

53 3871 216 3926 utcontra
235 3862 292 3949 jus
316 3885 416 3928 cause
438 3862 660 3928 ecclesiastica
689 3864 732 3928 ad
756 3865 914 3949 principis
937 3862 1082 3926 tribunal
1106 3861 1158 3926 de·

53 3959 197 4042 ferretur,
220 3960 308 4046 quod
332 3962 478 4048 episcopi
498 3961 760 4026 mensuetudinis
775 3961 902 4024 muneri
926 3981 1018 4024 sacro
1042 3981 1159 4023 convc-

52 4059 171 4122 nientis
193 4057 299 4140 obliti,
325 4058 505 4123 vindictam
531 4067 699 4123 cruentam
724 4057 983 4122 dePriscillieno
1008 4067 1041 4120 et
1063 4059 1158 4122 sociis

121 4269 148 4338 ¹)
167 4267 237 4327 Risi
255 4287 332 4325 sacre
348 4270 379 4325 1..
399 4271 435 4327 11.
455 4272 488 4324 ed
507 4269 593 4325 finem
