2908 4828
485 441 583 498 ‘l'estes
600 441 698 498 nenti
716 443 815 509 quarti
1176 449 1210 502 41

84 587 210 668 On'enta
235 597 385 672 purtem
409 587 447 650 in
473 583 656 650 Occidente
679 585 869 670 etquidem
894 587 1017 654 Romm
1040 595 1209 676 transegit,

85 687 177 750 cnam
200 686 264 770 qni
292 695 374 748 arte
398 683 522 748 critica
544 680 699 746 excelluit
721 691 754 746 et
775 683 940 770 quidquid
963 686 1081 753 habuit
1104 690 1211 753 erudi-

86 784 165 848 tionis
196 783 399 868 antiquitas
431 779 635 861 veneranda,
664 780 701 844 in
724 801 758 844 ae
791 781 895 846 veluti
919 782 1060 870 collegit.
1107 787 1212 850 Multa

88 881 207 966 quidem
231 901 280 943 ex
306 879 449 964 scriptis
473 879 552 958 auis,
577 879 624 940 uti
648 897 692 940 ex
713 878 851 962 epistola
874 880 918 944 ad
941 881 1124 946 Damasum
1143 887 1212 970 pie

89 979 190 1042 cende
214 997 447 1054 weceseorem,
478 975 666 1038 testimonia
696 974 738 1040 de
766 976 805 1042 Β.
830 977 919 1042 Petri
950 977 1098 1044 Romano
1129 983 1211 1067 epis·

89 1087 195 1161 copam
219 1074 342 1158 colligi
368 1081 522 1158 possent3
554 1074 631 1138 satis
654 1083 704 1136 est
734 1081 831 1138 ntea
854 1076 1039 1158 afferamus,
1069 1081 1212 1164 quaein

92 1171 233 1260 &alnao
259 1171 467 1257 Scriptonmt
490 1170 768 1234 ecclesiaaieoram
787 1172 857 1256 ipae
877 1171 918 1236 de
938 1173 971 1238 S.
980 1173 1077 1238 Petro
1100 1175 1211 1241 hebet.

97 1269 120 1290 Ἢ
90 1271 347 1334 mnonPetr-us
375 1267 472 1351 ,filias
508 1267 665 1346 Jeannie,
697 1270 885 1352 provinciae
926 1269 1108 1353 Galilaeae,
1145 1277 1212 1339 eico

91 1368 269 1446 Bethsaida,
286 1367 403 1452 frater
426 1365 576 1430 Andreae
599 1364 748 1450 Apostoli
770 1378 800 1430 et
816 1390 969 1454 princeps
981 1368 1212 1454 Apostolorum

88 1477 152 1550 μα
184 1467 410 1552 matum
439 1463 659 1526 Antiochensis
690 1462 849 1541 eccleciae,
883 1475 913 1528 et
938 1467 1213 1550 praedicationem

89 1563 296 1648 maioma
311 1583 421 1624 mm
441 1560 498 1644 atei
520 1559 602 1623 de
573 1562 805 1624 nraemeieioae
828 1562 1065 1628 crediderant'
1052 1589 1087 1628 m
1102 1567 1212 1644 Ponto,

92 1657 237 1738 annea,
274 1655 504 1744 Cappadocia,
537 1657 618 1720 Asia
649 1668 679 1720 et
711 1657 879 1744 Bythinia,
913 1663 1048 1726 sectando
1083 1660 1214 1727 Claudii

88 1777 171 1820 omae
194 1757 242 1820 ad
264 1755 517 1870 apepnarsdam
539 1751 695 1820 &monem
716 1777 840 1841 mapem
863 1759 997 1821 Romam
1015 1763 1131 1845 perpit,
1155 1761 1212 1824 ibi·

88 1877 141 1940 με
173 1855 293 1941 mqinte'
331 1855 469 1939 quaeqae
502 1853 597 1916 annis
628 1853 808 1918 eadoedram
844 1855 1071 1920 sacerdotalem
1103 1859 1213 1935 temnit,

89 1973 182 2037 aeque
205 1951 252 2015 ad
273 1950 422 2016 Mam
450 1971 570 2012 annam
594 1949 743 2030 Neronis,
773 1951 857 2016 idest
883 1951 1036 2016 dammam
1058 1965 1211 2040 quartam

89 2049 116 2112 A
148 2073 209 2134 qno
243 2059 274 2112 st
307 2045 430 2134 affixas
463 2047 550 2110 maci
580 2049 732 2133 martyrio
765 2060 931 2112 mronatas
963 2061 1009 2114 eet
1040 2053 1143 2137 capite
1171 2053 1214 2116 ad

89 2157 207 2210 terram
227 2169 318 2210 cereo
342 2156 373 2208 et
394 2147 433 2208 in
458 2140 588 2208 sublime
614 2145 752 2230 pedibas
775 2145 914 2224 elevatis,
946 2169 1088 2212 asserem
1111 2172 1142 2213 se
1165 2150 1212 2212 ia-

90 2243 217 2328 aym
240 2255 275 2308 nt
298 2245 344 2308 sie
365 2241 608 2328 memflperetar,
631 2253 667 2334 get
689 2243 845 2308 Dominae
868 2266 942 2308 snas
965 2291 973 2308 .
999 2293 1006 2307 .
1032 2292 1040 2307 .
1065 2243 1215 2330 Sepeltas

92 2342 209 2405 lionae
231 2344 268 2406 ia
287 2341 445 2406 Vaticano
461 2343 563 2428 juata
584 2341 670 2404 mam
683 2341 911 2426 triumphalem,
939 2343 1034 2406 totius
1055 2343 1144 2408 erbis
1165 2367 1213 2408 ve·

93 2441 251 2503 maone
280 2439 468 2504 marana.
516 2437 668 2500 Breviter
698 2447 730 2502 et
759 2460 898 2502 nervose
927 2439 1152 2525 Hieronymus
1175 2463 1214 2505 ea

93 2531 181 2598 bisce
201 2534 350 2617 exbibet,
373 2555 466 2621 quae
495 2555 538 2598 ex
559 2536 771 2620 antiquorum
795 2536 863 2600 fida
884 2536 1043 2603 relatione
1068 2549 1101 2602 et
1124 2540 1213 2603 testi-

94 2631 243 2698 ficatione
267 2633 309 2698 de
331 2634 372 2698 B.
397 2633 498 2696 Petro
521 2641 557 2695 ut
580 2641 669 2698 certa
693 2632 910 2700 habebantur.

184 2731 232 2796 19.
256 2730 418 2817 Reliquae
446 2732 745 2815 praetermittentes
768 2733 942 2797 veniamus
968 2733 1012 2797 ad
1035 2733 1214 2814 Hasebiam,
1245 2754 1357 2797 amonim

94 2827 151 2910 qui
174 2839 258 2892 carte
283 2828 469 2894 maximam
494 2827 648 2894 adhibuit
668 2828 874 2913 diligentiam
899 2831 935 2894 in
957 2830 1053 2895 fectis
1075 2831 1215 2896 referen-

95 2921 156 3006 dis,
178 2949 216 2990 ac
239 2927 345 2991 dubia
369 2925 511 2990 sollicite
543 2948 563 2990 a
595 2928 693 2990 certis
717 2927 866 2992 secernit.
912 2927 945 2992 Is
975 2929 1076 3012 igitur
1099 2930 1133 2992 in
1156 2949 1215 2992 sno

96 3019 269 3106 Chronico,
303 3033 381 3110 post
412 3023 551 3088 relatam
580 3022 652 3088 Caii
686 3023 770 3108 Imp.
799 3025 997 3088 occisionem
1028 3032 1061 3088 et
1084 3025 1215 3088 initium

94 3123 185 3204 regni
199 3121 346 3204 Claudii,
372 3120 490 3184 scribit
512 3120 555 3184 ad
578 3141 702 3186 annum
718 3120 753 3184 Π
763 3123 866 3207 ipsius
889 3121 1000 3209 (juxte
1018 3122 1216 3206 Hieronymi

91 3219 354 3306 paraphrasim:
379 3219 493 3282 Petras
516 3217 688 3304 Apostolos
710 3220 839 3282 nodone
859 3217 1035 3297 Galilaeae,
1064 3215 1216 3284 Christia-

91 3316 367 3404 componam
384 3317 522 3402 primns,
543 3338 636 3402 paoem
653 3318 793 3402 primam
807 3316 1034 3381 Antiochenam
1056 3317 1218 3382 ecelesiam

81 3413 258 3496 fundasset
291 3409 441 3498 (πρώτην
473 3411 675 3494 θεμελιώσας
707 3407 890 3500 ἐκκλησίαν)
919 3417 1052 3479 Romam
1073 3413 1216 3500 proficis-

88 3513 180 3588 citu,
205 3513 263 3576 ubi
285 3510 498 3595 Heartpelinm
513 3511 712 3596 praedicans
734 3511 829 3574 XXV
854 3513 949 3574 annis
971 3511 1109 3601 eJ'nsdem
1130 3511 1217 3576 ardis

89 3609 256 3696 episcopm
273 3617 471 3695 permoerm.
518 3607 629 3693 Atque
651 3608 696 3674 ad
718 3627 842 3672 annum
867 3607 954 3672 XIII
976 3608 1117 3672 Neronis
1141 3611 1216 3671 sori-

90 3703 153 3770 bit:
187 3707 318 3770 Priame
352 3705 442 3770 Nero
476 3727 569 3790 stipor
600 3707 707 3770 ommia
730 3705 848 3770 scelera
878 3729 937 3770 aaa
959 3707 1054 3770 etiam
1071 3729 1214 3791 perseca-

89 3803 203 3868 tiocem
225 3803 265 3866 in
291 3797 493 3866 Chdctianos
508 3801 605 3886 facit,
628 3805 665 3867 ia
687 3825 749 3888 aaa
763 3804 875 3868 Petras
898 3813 927 3866 et
942 3803 1061 3867 Paulas
1083 3802 1217 3888 plo-ricae

90 3901 208 3967 Hm
221 3899 447 3964 oeaebaemmt.
464 3933 508 3946 -·
522 3899 562 3964 In
586 3922 646 3964 sua
659 3900 806 3964 Historia
827 3899 907 3964 ecel.
932 3901 1034 3964 variis
1056 3899 1137 3964 locis
1150 3901 1215 3966 Eu-

90 3997 196 4064 sebius
221 3999 266 4064 de
290 3997 382 4062 Petri
406 3996 557 4060 Romano
581 3998 773 4082 episcopatu
804 4007 836 4060 et
860 4007 963 4060 morte
986 3996 1141 4082 loquitur.
1165 3999 1216 4064 Ite

92 4095 129 4162 ll.
161 4098 201 4163 E.
227 4097 267 4164 L.
295 4095 341 4160 H.
376 4115 406 4158 c.
432 4092 568 4156 XXIV:
602 4094 736 4158 Paolum
768 4117 802 4158 eo
826 4091 984 4181 (Nerone)
1009 4097 1128 4158 Romae
1151 4119 1215 4182 rep-

92 4209 179 4262 onte
202 4194 313 4262 secari
327 4213 519 4280 percussina
532 4192 702 4256 etPetr-am
716 4191 811 4256 etiam
834 4189 984 4277 saffiamn
1007 4193 1100 4270 aaa,
1123 4193 1217 4256 histo-
