2874 4812
278 491 330 544 356
713 485 753 542 De
771 486 796 541 S.
816 487 958 555 Cypriane.

277 642 410 718 propter
433 629 594 716 ejusmodi
618 631 761 694 rationes
789 651 855 692 non
884 628 962 694 licet
990 633 1023 694 in
1048 631 1273 715 suspicionem
1298 629 1399 693 addu-

278 753 351 794 cere
387 729 625 814 genuinitatem
657 727 788 790 illorum
826 726 1116 792 documentorum:
1152 727 1278 791 similia
1312 730 1397 791 enim

278 827 429 913 exempla
453 827 571 913 quovis
603 825 671 890 fere
694 835 841 910 tempore
873 825 1039 890 accidunt.
1085 824 1140 888 Ad
1164 845 1235 887 rem
1260 824 1299 888 P.
1324 825 1398 886 Bos-

278 947 351 990 sue:
379 925 530 1007 „Nemini
546 945 613 987 non
627 931 704 986 nota
721 931 771 986 cst
785 925 1017 1006 controversia,
1040 945 1125 1009 quae
1149 923 1241 986 circa
1265 923 1395 984 initium

279 1021 401 1086 saeculi
431 1020 532 1086 XVII
563 1020 716 1084 efferbuit
746 1020 955 1084 Bossuctium
987 1021 1072 1083 inter
1102 1027 1135 1083 et
1167 1018 1397 1096 Fenelonium

279 1117 645 1202 vehementioribusque
669 1119 855 1180 animorum
878 1116 1020 1180 motibus
1043 1119 1176 1202 agitata.
1200 1117 1297 1181 Pone
1320 1115 1397 1180 haec

279 1219 454 1300 contigisse
483 1214 579 1300 plura
602 1224 677 1278 ante
710 1213 842 1278 saecula
865 1223 897 1277 et
920 1223 996 1278 ante
1026 1215 1105 1278 artis
1137 1213 1397 1300 typographicae

280 1335 394 1395 usum,
419 1313 578 1375 nonnosi
610 1313 782 1376 sinceritas
812 1313 1009 1396 scriptorum
1043 1311 1264 1396 dijudicanda
1289 1321 1395 1374 estex

280 1411 433 1475 dictionis
457 1431 513 1472 seu
538 1409 749 1473 vehementia
772 1431 830 1472 seu
853 1411 1038 1494 asperitate,
1063 1411 1175 1496 spuria
1198 1418 1233 1472 ct
1259 1408 1394 1472 conficta

279 1517 490 1571 conserentur
513 1529 598 1592 quae
620 1529 640 1569 a
664 1508 801 1570 summis
821 1506 885 1570 illis
900 1509 981 1571 viris
1004 1507 1094 1571 edita
1116 1516 1197 1570 tunc
1220 1505 1395 1592 prodiere?

281 1605 364 1686 Quis
397 1604 544 1668 crederet
577 1603 808 1684 Fenelonium,
843 1604 937 1689 eujus
970 1603 1060 1689 apud
1090 1625 1204 1668 omnes
1229 1603 1395 1690 depraedi-

280 1713 397 1768 cantur
420 1701 636 1766 mansuetudo
661 1711 694 1764 ct
708 1703 838 1783 caritas,
853 1701 931 1765 folia
955 1701 1037 1764 adeo
1061 1703 1246 1788 pungentia
1272 1711 1307 1765 et
1329 1723 1395 1765 acu-

280 1802 365 1866 leata
388 1810 487 1886 atque
511 1799 678 1862 mordacia
712 1801 880 1884 scripsisse
911 1809 1025 1862 contra
1048 1798 1253 1864 Meldensem
1281 1801 1395 1884 episco-

280 1921 369 1986 pum,
394 1899 460 1962 imo
485 1907 517 1960 et
539 1899 627 1982 rupti
652 1895 749 1979 sigilli
766 1895 1012 1960 sacramentalis
1036 1895 1201 1983 (adhibita
1224 1919 1313 1961 voce
1337 1917 1396 1960 am·

280 1995 395 2083 bigua)
412 2017 504 2060 reum
528 1993 736 2058 insinuasse?
767 1993 850 2074 Quis
874 1993 1031 2076 crederet,
1056 1994 1195 2058 alterum
1218 2003 1292 2058 tam
1318 1995 1396 2056 viru·

280 2096 397 2174 lenter,
422 2103 489 2157 tam
514 2091 667 2172 verbose,
692 2099 760 2155 tam
790 2091 931 2176 superbe
963 2091 1029 2154 imo
1054 2100 1086 2154 ct
1109 2092 1221 2177 inique
1248 2089 1397 2155 Camera-
1428 2105 1429 2174 ᾗ

281 2215 411 2258 oensem
433 2189 623 2255 Praesulem
646 2189 822 2268 lacerasse,
856 2197 893 2251 ut
916 2189 1111 2252 Montanum
1145 2189 1274 2252 diceret
1298 2209 1396 2252 novae

280 2288 472 2356 Priscillae?
499 2289 666 2371 Legamus
688 2285 763 2350 libri
789 2294 820 2348 ct
852 2285 954 2349 libelli
980 2287 1145 2372 utrimque
1168 2287 1203 2349 in
1225 2286 1393 2370 publicum
1428 2271 1429 2351 l

281 2411 342 2454 nec
375 2389 446 2451 sine
478 2387 658 2450 offensione
691 2385 812 2468 sparsi3
837 2392 869 2446 et
901 2384 935 2446 ni
960 2383 1173 2448 vehementer
1203 2383 1321 2465 fallar,
1346 2383 1395 2444 vix

281 2509 347 2551 non
380 2486 423 2549 ad
455 2505 558 2548 unum
582 2504 705 2563 omncs,
730 2503 772 2543 ex
795 2482 967 2566 principiis
999 2491 1032 2545 et
1064 2483 1194 2545 critices
1225 2480 1352 2565 regulis
1380 2501 1396 2542 a

282 2577 433 2648 Missorio
457 2582 594 2666 aliisque
619 2578 784 2643 nonnullis
799 2579 842 2642 ad
858 2600 953 2642 usum
970 2601 1067 2643 suum
1086 2579 1309 2659 concinnatis,
1332 2599 1397 2640 cen·

282 2681 442 2746 sebuntur
465 2679 567 2764 spurii
592 2685 625 2740 et
647 2677 689 2740 ab
706 2675 876 2740 Ecclesiae
899 2675 1048 2741 hostibus
1072 2675 1214 2741 conficti.
1240 2726 1248 2740 .
1278 2726 1288 2741 .
1311 2673 1397 2739 Adeo

284 2801 399 2844 verum
429 2787 477 2841 est
507 2775 595 2862 quod
619 2774 775 2838 monebat
796 2773 973 2852 Baluzius,
1007 2795 1126 2859 nempe
1156 2775 1182 2837 si
1215 2770 1395 2837 istiusmodi

284 2877 497 2963 conjectursis
522 2871 697 2956 stragulis
721 2870 893 2955 indulgere
916 2870 966 2934 fas
990 2880 1083 2953 esset,
1109 2869 1236 2934 nullum
1262 2893 1332 2934 non
1349 2891 1397 2932 an-

283 2976 445 3062 tiquitatis
470 2981 719 3036 monumentum
743 2969 840 3032 facile
863 2968 1135 3034 labefactaveris“
1146 2967 1179 3054 ¹).

376 3073 447 3136 108.
472 3069 527 3134 Ad
542 3077 737 3152 argumenta
760 3067 938 3130 cameraco
951 3066 1041 3152 quod
1063 3067 1216 3152 pertinet,
1233 3077 1272 3128 nt
1291 3085 1394 3128 eorum

285 3169 410 3235 indoles
423 3167 634 3251 intelligatur,
650 3167 794 3229 sufficiat
804 3166 920 3249 paucis
936 3184 1192 3228 commemorare
1204 3185 1292 3249 quae
1305 3161 1395 3224 habel

285 3269 398 3333 lllmus
420 3265 554 3330 Praesul
582 3263 777 3327 Nisibensis.
824 3261 1023 3325 Primarium
1053 3261 1196 3324 auctoris
1229 3279 1394 3344 argomen-

285 3377 354 3430 tum
379 3365 562 3430 desumitur
585 3383 628 3424 cx
660 3360 789 3424 silentio
814 3359 1046 3443 indigenarum
1075 3368 1107 3421 et
1130 3359 1329 3443 scriptorum
1352 3376 1390 3417 co
1427 3345 1428 3432 l

285 3485 451 3529 aevorum.
477 3461 523 3539 si,
547 3460 664 3545 inquit,
687 3481 757 3522 ocre
780 3457 948 3524 dissidium
962 3455 1151 3542 Afficaaum
1174 3457 1308 3532 matida
1331 3473 1394 3538 quo·
1427 3461 1428 3482 ²

285 3563 375 3626 modo
400 3583 503 3624 omncs
522 3557 600 3644 Afru‘
615 3555 790 3643 Augustino
815 3564 941 3640 eccepto
965 3553 1048 3616 illud
1065 3547 1396 3639 praetermisissesrt²ll

286 3661 367 3724 Tres
384 3667 533 3722 auctores
548 3655 662 3718 coaevi
682 3655 869 3737 signantur,
885 3650 1083 3734 Anonymus
1100 3650 1141 3714 dc
1156 3647 1393 3734 rebaptismate,

287 3758 468 3840 Dionysius
492 3751 683 3832 Alexandr,
709 3759 742 3814 et
763 3750 901 3814 Pontius
919 3749 951 3813 S.
966 3747 1125 3834 Cypriani
1150 3747 1321 3826 diaconus,
1345 3743 1393 3828 qui

286 3857 357 3940 ejus
382 3856 484 3918 vitam
508 3851 711 3934 conscripsit.
758 3847 824 3912 Sed
848 3846 936 3932 quod
959 3845 1003 3910 ad
1026 3844 1242 3928 Anonymum
1266 3853 1392 3929 specta.

287 3975 350 4016 non
372 3952 504 4014 videtur
527 3949 660 4012 omnino
684 3946 822 4028 siluisse,
845 3966 947 4030 quum
962 3944 1067 4008 dicat:
1092 3943 1225 4028 ideoqve
1248 3937 1393 4004 murillo

286 4073 379 4135 asper
394 4051 450 4111 laic
465 4071 547 4110 noro
563 4046 743 4131 qrioosliorrc
763 4044 882 4128 scriptu
897 4052 926 4104 ct
939 4042 1096 4126 rescripto
1110 4063 1175 4103 csso
1182 4039 1392 4127 jactabantur.
