2924 4818
442 469 605 538 Propagstio
623 467 829 524 Christianismi.
1143 469 1191 522 tos

90 627 165 696 sunt,
187 637 286 701 quam
301 637 379 701 qens
392 615 488 678 totisss
510 613 604 691 orbis,
630 611 819 676 Christiani.
843 611 974 676 Deinde
998 613 1032 674 in
1055 611 1191 697 ampliti-

90 715 205 776 catione
237 735 298 776 sua
330 733 390 796 per
420 710 543 794 gadas
566 710 782 794 prosequitur,
815 710 1010 772 assertiones
1042 729 1118 772 suas
1150 709 1191 772 de
1253 748 1258 759 ·

90 807 288 874 multitudine
303 807 566 872 Christianorum
591 807 806 870 confirmans:
853 805 1002 870 Hesterni
1025 829 1139 883 murus,
1163 817 1191 869 et

91 917 180 970 resto
195 909 303 970 υπιπία
318 906 515 991 implevimus
527 916 581 968 etr.
622 903 762 973 Multum
779 904 881 986 igitur
896 902 1002 981 abest,
1021 913 1056 966 ut
1071 925 1114 966 ex
1129 903 1192 968 hac

89 1003 343 1088 amplificatione,
368 1024 453 1088 quae
477 1012 604 1066 textum
638 1001 766 1085 dequo
791 1002 920 1084 egimus
943 1003 1091 1086 equitur,
1116 1000 1192 1065 Ter·

90 1099 232 1164 tullianus
265 1099 431 1164 adductus
462 1101 505 1162 sit
536 1098 579 1161 ad
607 1098 847 1162 restrictionem
879 1096 1065 1161 faciendam
1093 1099 1192 1182 juxta

90 1199 267 1282 opinionem
304 1199 458 1262 auctoris.
476 1233 518 1242 —
539 1196 790 1260 Restrictionem
833 1194 976 1258 sobriam
1014 1195 1191 1280 amplifica-

90 1310 133 1358 tae
152 1296 399 1380 propagationis
424 1292 658 1358 christianismi
691 1301 724 1354 et
746 1290 968 1356 multitudinis
993 1289 1191 1356 Christiano-

90 1413 160 1468 mm,
183 1391 390 1456 Tertulliano
417 1401 452 1454 ut
476 1389 597 1454 rhetori
626 1399 786 1467 assuetae,
811 1399 926 1454 auctor
949 1391 1049 1454 etiam
1064 1389 1193 1455 invenit

90 1491 118 1552 in
144 1488 204 1554 illis
234 1488 350 1552 verbis
380 1509 421 1551 ex
445 1487 528 1552 libro
551 1487 604 1554 De
627 1489 738 1552 anima
762 1509 790 1550 c.
814 1487 873 1550 49:
906 1487 1009 1552 Nullo
1024 1493 1096 1577 jam
1118 1511 1192 1575 pens

91 1587 143 1650 Dei
170 1599 328 1652 manea
359 1596 420 1663 est,
453 1588 488 1650 in
519 1607 639 1648 omrsem
671 1595 786 1647 terram
818 1595 847 1648 et
879 1586 915 1647 in
938 1587 1085 1650 terminos
1108 1586 1193 1650 orbis

90 1685 248 1771 &amelio
291 1694 482 1747 monte.
546 1681 612 1748 Sed
649 1691 763 1746 auctor
797 1679 851 1744 hic
887 1680 1046 1763 singulari
1081 1681 1192 1766 lapsus

91 1795 131 1844 est
151 1803 270 1846 errore.
306 1779 470 1864 Opinatus
493 1789 551 1860 est,
576 1800 708 1842 sensum
733 1777 826 1842 verbi
850 1789 992 1844 cmuscat
1014 1799 1087 1842 eam
1111 1800 1191 1860 esse,

90 1891 118 1940 ut
138 1877 301 1961 significet
324 1876 475 1942 lsoeescere
505 1878 617 1961 incepit
645 1874 855 1961 (dttmmern).
864 1873 889 1959 ¹)
935 1873 1058 1940 Omnes
1082 1885 1192 1939 mmen

89 1977 135 2061 qni
163 1975 312 2058 lingnam
344 1973 465 2038 callent
493 1973 630 2038 latinam
663 1974 875 2054 convenient,
909 1995 1072 2036 consecra
1095 1971 1192 2056 plane

89 2072 178 2136 alium
200 2093 335 2136 sensum
352 2068 485 2152 habere,
502 2070 628 2134 scilicet
642 2071 790 2134 emittere
805 2069 1011 2154 splendorem
1035 2090 1190 2153 magnum

90 2171 129 2232 uti
150 2169 195 2234 sol
218 2181 368 2254 tempore
391 2168 583 2232 meridiano.
624 2165 799 2232 Caeterum
822 2187 860 2230 eo
883 2165 955 2230 loco
970 2165 1192 2232 Tertidlianus

90 2265 221 2351 loquitur
245 2266 288 2330 de
312 2267 446 2330 natione
469 2264 599 2348 Lybica
622 2263 810 2346 Atlantum,
835 2264 877 2329 de
899 2287 966 2350 qua
989 2265 1072 2330 mira
1095 2287 1191 2351 quae·

91 2362 155 2426 dam
180 2361 310 2426 Plinius
340 2371 374 2424 et
398 2361 585 2426 Herodotus
614 2361 775 2440 reserunt3
811 2383 918 2445 neque
950 2362 1190 2443 contendimus,

90 2479 153 2522 eum
177 2457 262 2522 velle
285 2481 440 2539 asserere,
472 2461 506 2522 in
529 2457 690 2543 ejusmodi
720 2458 910 2522 nationibus
940 2459 1129 2548 long'nquis
1152 2482 1191 2524 ac

90 2555 230 2620 barbana
247 2557 319 2642 jam
344 2555 443 2620 valde
465 2555 593 2641 amplos
616 2577 806 2640 progressus
829 2555 1020 2640 religionem
1044 2557 1191 2624 christia-

90 2675 156 2718 nam
186 2655 313 2718 secisse.
359 2652 426 2718 Sed
459 2675 500 2716 ex
524 2652 645 2717 talibus
673 2674 738 2717 uon
762 2655 1004 2737 restringuntur
1027 2677 1080 2734 ea,
1106 2675 1191 2738 quae

90 2749 259 2816 identidem
289 2750 514 2815 Tertullianus
544 2749 585 2813 de
616 2749 818 2835 amplissima
848 2753 1084 2835 propagatione
1119 2749 1189 2814 reli·

88 2849 184 2929 gioms
207 2847 407 2912 christianae
430 2846 540 2912 habet.

167 2945 219 3010 62.
243 2945 355 3010 Etiam
380 2966 526 3030 eaquae
550 2947 584 3010 in
607 2943 691 3008 libro
716 2945 759 3008 ad
783 2943 953 3030 Scapulam
968 2944 1190 3012 Tertullianus

90 3040 125 3104 de
148 3042 356 3107 multitudine
370 3041 632 3106 Christianorum
649 3039 758 3122 habet,
775 3040 864 3104 haud
887 3053 964 3124 apte
987 3043 1031 3106 ad
1053 3064 1189 3128 scopum

91 3159 177 3202 suurn
199 3151 313 3204 auctor
343 3149 470 3203 vertere
495 3139 612 3204 studet.
660 3137 782 3202 Scribit
805 3138 1043 3204 Tertullianus:
1081 3140 1191 3223 Utique

89 3259 123 3296 rs
143 3237 315 3323 disciplina
333 3239 511 3322 patientiae
535 3237 663 3300 divinoe
693 3259 782 3321 opere
810 3259 867 3300 rios
890 3238 970 3300 sutis
991 3237 1194 3323 manifestum

89 3355 146 3396 esse
169 3334 251 3398 volis
268 3345 386 3420 potest,
410 3357 478 3396 cum
501 3345 593 3396 tanto
614 3334 770 3398 hominum
793 3333 970 3410 multitudo,
989 3357 1071 3418 pars
1088 3356 1193 3419 poene

91 3435 182 3517 major
203 3433 343 3496 cludens
365 3435 511 3518 cujvtsque
535 3431 570 3494 in
592 3431 717 3494 silentio
748 3440 778 3493 et
801 3430 953 3494 modestia
976 3432 1106 3516 mimus,
1130 3431 1192 3494 sin·

89 3525 149 3606 puli
170 3529 256 3612 forte
290 3530 357 3592 uoti
390 3529 488 3612 napis
510 3551 603 3612 quam
635 3551 753 3604 omrws,
788 3551 841 3590 nec
868 3526 998 3590 alimrde
1030 3527 1195 3592 rtosuhs‘les

90 3645 175 3704 qma
195 3625 231 3687 de
255 3625 470 3688 enwrsdonone
495 3626 640 3688 fitiorum
657 3626 869 3710 pristinorum
892 3623 935 3710 (c.
959 3623 1003 3708 2).
1020 3663 1062 3670 -
1079 3623 1194 3688 Arrius

93 3717 258 3786 Antoninus
280 3724 315 3786 in
334 3721 415 3786 Asia
438 3744 530 3806 quum
539 3732 778 3807 persequeretur
791 3723 957 3798 instanter,
979 3745 1083 3785 omrses
1106 3720 1195 3784 illius

91 3817 216 3882 dumus
234 3815 409 3882 Christim
430 3829 504 3882 unte
528 3819 703 3884 tnhunolio
729 3822 796 3906 ejus
818 3842 849 3882 se
865 3839 961 3881 manu
975 3816 1063 3894 factu
1079 3817 1194 3880 obtulle-

162 3985 180 4047 ')
197 3945 287 4048 ,se-ine
313 3983 427 4038 Ausicht
456 3983 601 4040 inBetreff
625 3985 672 4038 der
709 3984 896 4052 attgemeiuem
928 3983 1112 4050 Arabreituug
1148 3985 1193 4038 des

93 4059 294 4118 cumanum
325 4063 472 4132 ermttssigt
503 4079 531 4117 er
550 4063 642 4128 datin,
663 4064 740 4126 „dass
771 4063 819 4116 das
837 4062 917 4116 Licht
935 4061 981 4116 des
1000 4062 1194 4132 Evangeliums

93 4139 166 4282 :aa
181 4141 319 4292 pom)
331 4141 433 4250 “Lente
460 4141 515 4197 und
546 4141 586 4196 bis
604 4157 637 4198 zu
665 4141 716 4198 deu
736 4142 859 4198 Greuzen
884 4141 929 4196 des
948 4140 1104 4198 Itrdkreisss
1122 4141 1194 4200 ttu-
