2806 4848
118 597 242 640 t'indiimtnr

129 657 232 700 delinitio.

269 451 321 504 118
447 449 487 504 De
505 449 652 504 Ariouismi
669 447 843 506 decrementis
861 465 894 502 ac
910 447 943 504 de
961 449 1039 504 conc
1059 449 1167 505 OPtsuo
1185 451 1206 505 L

357 594 410 658 44.
434 593 509 656 Nou
532 592 731 658 addiderunt
745 593 859 658 Patres
882 615 1034 680 expresse
1049 593 1208 678 Spiritum
1222 595 1352 662 Scurtnm

270 713 312 754 ex
326 690 410 756 Filio
424 690 610 776 procedere,
626 689 781 776 quiahoc
796 690 837 756 de
852 713 886 754 re
901 712 967 754 uon
981 699 1052 755 erat
1066 694 1288 772 controversis,
1309 691 1352 754 sed

270 787 489 852 admittebant
512 787 546 851 id
570 787 738 853 haeretici.
784 789 936 852 Errorem
952 811 1029 853 vero
1054 811 1176 870 eorum,
1202 789 1280 854 hanc
1299 811 1353 874 pro-

271 887 451 950 cessionem
474 907 515 949 ex
539 885 623 950 Filio
648 908 717 950 esse
747 909 805 971 per
835 888 1044 966 creationem,
1069 889 1148 951 satis
1172 900 1353 952 removerunt

270 984 383 1047 Patres
416 984 516 1047 variis
550 983 613 1048 illis
644 983 882 1065 locutionibus,
915 983 1035 1070 quibus
1067 983 1210 1070 Spiritus
1232 985 1354 1050 divinans

271 1082 474 1165 majestatem
498 1083 697 1166 exprimunt.
743 1080 935 1146 Formulum
964 1081 1002 1145 sd
1025 1079 1060 1144 ἐκ
1086 1087 1144 1146 roi
1166 1082 1290 1165 Πατρός
1308 1105 1354 1142 ‚ro

270 1176 436 1264 ρευόμενον
463 1179 662 1265 adoptarunt
685 1181 731 1244 uti
757 1181 791 1244 in
814 1179 996 1265 Evangelio
1021 1183 1171 1262 occurrit,
1197 1193 1233 1244 ut
1254 1182 1355 1266 aptissi-

271 1299 358 1342 mam
373 1276 416 1341 ad
431 1299 572 1341 errorem
587 1277 826 1342 haereticorum
838 1276 1067 1361 refellendum3
1078 1278 1211 1360 addere,
1222 1279 1354 1365 Spiritum
1377 1263 1378 1312 l

271 1376 369 1439 etiam
393 1398 435 1438 ex
445 1374 530 1439 Filio
554 1377 730 1462 procedere
753 1398 818 1441 uon
843 1386 912 1440 erat
934 1377 1166 1456 necessarium,
1182 1377 1357 1464 quiullscc·

271 1472 406 1538 doniani
417 1474 597 1538 universim
612 1473 674 1538 hoe
693 1498 758 1539 nou
774 1473 953 1560 negabant3
978 1473 1012 1537 id
1027 1495 1104 1537 vero
1119 1475 1211 1560 quod
1226 1477 1357 1538 incorum

272 1571 421 1636 doctriua
436 1593 607 1636 erroneum
618 1582 696 1654 erat,
712 1571 785 1636 aliis
800 1573 912 1636 incisis
929 1572 1161 1656 corrigebatur.
1186 1571 1358 1657 Scopusl'n·

270 1679 357 1732 trum
381 1691 447 1733 nou
471 1679 549 1752 erat,
574 1679 610 1734 ut
631 1671 736 1736 fusius
756 1679 788 1736 et
807 1669 967 1756 complete
981 1673 1140 1736 rationem
1165 1669 1359 1754 processionis

271 1767 413 1852 Spiritus
436 1766 548 1831 Sancti
576 1778 786 1854 exponerent,
820 1769 878 1834 sed
909 1779 947 1833 ut
977 1768 1161 1833 doctrinam
1185 1766 1359 1832 catholicam

272 1865 490 1943 vindicarent,
508 1879 649 1954 respecto
673 1892 811 1932 errorum
833 1869 887 1954 qni
909 1867 949 1932 ab
972 1868 1136 1934 liaerctiois
1155 1865 1360 1930 tenebantnrb.

359 1965 412 2028 45.
435 1963 537 2028 Plane
568 1966 729 2030 immerito
758 1964 839 2030 dicit
870 1966 970 2048 igitur
1000 1965 1136 2048 Langen
1160 1963 1182 2029 l.
1208 1987 1247 2044 c,
1270 1985 1360 2026 coure-

273 2062 417 2128 dendum
450 2085 539 2144 esse,
563 2064 675 2128 Patres
709 2061 858 2128 OPtanos
889 2085 955 2127 nou
990 2065 1185 2146 cognovisse
1210 2083 1280 2126 eam
1302 2059 1358 2124 dcc-

271 2163 401 2242 trinam,
435 2161 594 2245 Spiritum
626 2160 783 2226 Sanctum
816 2162 938 2245 pariter
960 2159 1136 2246 procedere
1165 2183 1209 2224 ex
1231 2161 1320 2224 Patre
1338 2171 1358 2218 rt

271 2259 366 2323 Filio.
413 2259 483 2322 lmo
516 2259 597 2324 haec
631 2259 843 2324 doctrinalis
873 2257 1043 2345 explorata
1066 2268 1144 2338 erat,
1170 2269 1269 2344 atque
1290 2251 1357 2340 apud

271 2356 385 2420 Patres
408 2355 496 2420 illins
519 2358 674 2442 temporis
697 2356 893 2442 multiplicia
910 2356 973 2422 hac
998 2355 1038 2420 de
1061 2379 1096 2420 re
1120 2355 1304 2420 testimonis
1324 2373 1358 2414 oc·

273 2463 418 2520 currunt.
464 2455 514 2519 Ite
547 2475 574 2520 e.
607 2476 638 2538 g.
672 2453 704 2519 S.
738 2455 915 2540 Gregorius
938 2455 1108 2540 Nyssenus
1141 2453 1241 2518 oleris
1270 2449 1359 2514 verbis

273 2551 371 2616 dicit:
396 2551 536 2638 Spiritus
560 2551 694 2618 Sanctus
717 2563 746 2616 ct
769 2575 809 2618 eor
832 2553 927 2618 Patre
950 2553 1076 2632 dicitnr,
1100 2563 1130 2616 et
1153 2575 1195 2616 cor
1210 2551 1292 2615 Filio
1313 2571 1360 2610 esre

273 2652 473 2716 attestatione
505 2651 723 2732 confirmatam
752 2653 872 2736 siquis
894 2654 976 2716 enim
999 2649 1152 2737 Spiritum
1181 2646 1295 2714 Christi
1314 2667 1360 2708 non

272 2749 371 2828 babet,
395 2750 443 2812 bic
465 2773 529 2814 nors
552 2759 598 2814 est
620 2753 702 2839 ejns;
733 2751 831 2836 igitar
855 2749 994 2836 Spiritsrs
1017 2771 1057 2812 cc
1078 2749 1146 2814 Deo
1171 2758 1202 2812 et
1226 2748 1287 2811 Dei
1307 2743 1361 2827 opi·

272 2847 353 2910 ritas
377 2845 462 2932 eso).
510 2846 543 2910 S.
572 2845 716 2931 Cyrillus
739 2847 1077 2932 Hierosolymiteuus:
1115 2845 1205 2910 Siccst
1232 2841 1361 2931 proprios

273 2955 318 3009 est
333 2944 412 3008 Filii
425 2943 575 3030 Spiritus,
598 2945 790 3010 naturaliter
809 2956 839 3010 et
851 2948 887 3010 in
909 2947 977 3032 apso
1002 2947 1139 3010 escistcm
1162 2955 1194 3006 et
1207 2967 1268 3028 per
1280 2943 1360 3026 spen

351 3112 370 3181 ¹)
389 3113 514 3167 Breviter
533 3113 665 3168 rationem
684 3129 738 3180 qun
750 3113 871 3180 synodus
890 3113 957 3183 egit,
975 3113 1206 3168 declcmtBeocns
1225 3097 1362 3166 Patriirche

273 3191 405 3246 OPtsnus.
445 3191 642 3262 „interrogatio
666 3193 895 3248 schismaticorum
914 3202 986 3248 erat:
1015 3209 1061 3247 cur
1088 3191 1122 3246 ὃς
1150 3193 1248 3247 Patres
1274 3185 1360 3244 secuml

273 3273 385 3328 Concilii
419 3289 523 3328 sacrum
554 3273 709 3341 Symbolum
736 3273 904 3342 explicantes
923 3273 1096 3328 divinitatem
1123 3273 1232 3340 quidem
1265 3269 1361 3339 Spiritu

273 3354 366 3409 Sancti
384 3369 507 3422 expresse
537 3361 691 3422 posuerunt,
719 3354 752 3408 de
770 3355 937 3423 processione
963 3369 1027 3409 vero
1046 3354 1103 3422 eius
1122 3353 1251 3409 dixerunt
1268 3363 1362 3406 mneos

273 3434 436 3505 Evangelio:
460 3436 506 3503 qni
534 3451 567 3490 ex
586 3435 669 3489 Petne
687 3435 815 3503 procedit,
844 3441 872 3490 st
899 3451 952 3490 non
977 3434 1138 3489 addiderunt
1162 3435 1249 3488 etiam
1265 3431 1323 3487 illud
1348 3467 1352 3474 r

274 3516 373 3570 Fine?
391 3515 544 3584 Respondet
572 3515 671 3570 Beccns
698 3522 759 3584 post
786 3515 841 3570 elia
864 3516 957 3584 plum:
997 3514 1145 3570 Verissims
1168 3530 1252 3570 cansa
1274 3529 1316 3566 cur
1330 3509 1361 3562 si.

273 3596 369 3650 Petres
388 3595 417 3650 in
434 3595 600 3664 processione
619 3595 736 3664 Spiritus
755 3596 780 3650 S.
799 3611 853 3650 non
872 3594 1034 3651 addiderunt
1051 3595 1158 3660 lilium,
1178 3594 1228 3648 illa
1246 3601 1292 3648 est
1308 3587 1360 3656 qnd

274 3675 379 3742 quidem
397 3675 527 3730 haeretici
547 3675 656 3730 aiebant
674 3681 703 3730 et
715 3675 876 3740 sentiebant,
894 3674 1026 3743 Spiritum
1043 3675 1170 3730 Sanctum
1189 3689 1224 3728 ex
1242 3673 1294 3728 solo
1310 3669 1362 3722 lilio

273 3757 421 3824 procedere
452 3797 458 3810 .
488 3800 493 3810 .
515 3757 605 3822 Igitur
622 3755 750 3810 haeretici
770 3755 926 3811 asserebant
943 3755 1072 3824 Spiritum
1091 3771 1125 3810 cx
1143 3755 1214 3809 Filio
1232 3761 1261 3808 et.
1277 3769 1323 3806 uos
1338 3761 1362 3798 rs

273 3837 364 3894 Patre.
400 3837 493 3892 Ssucti
521 3853 584 3892 vero
611 3836 639 3891 id
666 3836 735 3904 quod
760 3836 899 3906 negabant
924 3835 1060 3900 haeretici,
1091 3835 1220 3904 explicite
1248 3830 1362 3902 praedio·

273 3923 338 3972 mut
355 3917 384 3972 iu
403 3917 534 3984 symbolo,
558 3917 689 3972 dicentes:
717 3917 763 3984 qui
788 3932 821 3971 ex
848 3915 932 3971 Patre
949 3916 1086 3984 procedit;
1109 3932 1170 3970 nam
1188 3913 1323 3985 procedere
1338 3925 1361 3960 ὕ

272 3996 350 4060 Filio,
369 3995 499 4051 baeretici
517 3997 702 4062 concedebant,
722 4003 844 4052 necerat
869 3996 897 4052 in
924 3997 973 4052 hoc
999 4014 1058 4052 curn
1089 3998 1153 4067 ipsis
1172 3991 1362 4050 controversis·

274 4077 359 4147 (Becc
378 4077 406 4132 in
426 4078 518 4132 Dictis
527 4080 687 4132 Sanctorum
707 4077 780 4132 iuter
798 4080 926 4146 opuscula
945 4093 1026 4132 sures
1044 4092 1069 4146 p.
1089 4079 1140 4132 155
1154 4093 1192 4144 sq.
1212 4077 1280 4132 Vide
1297 4075 1364 4127 linn-

272 4156 351 4224 aeliu,
370 4158 386 4212 l.
405 4175 427 4214 c.
447 4173 471 4226 p.
490 4157 563 4228 510.)

346 4241 368 4312 s)
388 4237 477 4293 Sermo
496 4239 544 4296 ΠΙ.
563 4239 591 4294 in
611 4240 678 4294 Oret
705 4238 826 4293 dominic
