2806 4848
157 493 164 510 ‚
253 441 304 497 124
436 449 474 504 De
493 450 826 518 Arieninmdecrernentis
839 468 914 524 code
928 468 1004 524 Cone
1018 473 1134 530 OPtanc.
1148 477 1170 532 1.

251 602 283 656 et
306 594 403 681 hujus
432 597 575 663 civitatis
607 605 752 691 episcopi
784 608 957 694 gradatim,
990 617 1108 700 partim
1135 641 1176 683 ex
1200 621 1341 687 industria

251 699 284 754 et
319 693 472 777 explicito
506 697 606 762 animi
642 705 819 789 proposito,
853 712 972 792 partim
1011 735 1052 776 ex
1086 725 1202 783 natura
1239 722 1281 783 rei
1313 735 1342 783 ut.

251 791 499 858 necessitatibus
531 795 741 864 ecclesiarum
776 803 1007 892 subvenirent,
1032 811 1279 898 adlaborarunt,
1314 831 1342 882 ut

249 890 326 952 istas
349 892 497 974 regiones
520 915 597 958 suae
621 897 689 962 sedi
713 900 951 970 submitterent.
997 907 1087 973 Bene
1106 911 1340 980 Thomassinus:

250 987 373 1052 Emicat
396 1001 499 1054 autem
516 1016 650 1078 prorsus
672 1020 712 1060 ero
745 1000 894 1066 historiae
925 1008 1003 1070 serie
1027 1019 1057 1071 st
1080 1032 1120 1072 ea
1143 1015 1245 1098 rspice
1267 1015 1343 1103 lapis

248 1085 335 1149 erbis
367 1090 580 1175 episcoporum
612 1093 757 1181 deinceps
779 1101 882 1183 pestis,
917 1107 1047 1169 cononis
1073 1109 1165 1197 bajas
1194 1111 1281 1174 eaba
1301 1135 1342 1175 eos

249 1185 282 1246 in.
314 1208 378 1248 rem
410 1210 498 1249 sacro
529 1191 577 1253 ita
609 1193 832 1278 interpretatos
864 1222 946 1280 esse,
969 1213 1004 1265 ct
1036 1227 1140 1268 eorum
1166 1207 1286 1272 obtentu
1306 1209 1343 1272 rel

248 1283 418 1368 cupiditati
441 1308 515 1349 ecce
540 1299 569 1351 ct
593 1289 831 1375 amplificationi
845 1297 1010 1382 oollifioari
1025 1313 1176 1386 possent,
1202 1305 1247 1368 ool
1267 1305 1342 1369 ecclc

248 1381 366 1444 siarum
397 1385 634 1450 necessitatibus
667 1411 706 1451 aa
729 1393 862 1458 caritate
886 1398 1010 1461 servire.
1062 1397 1256 1488 Quamqttom
1277 1407 1342 1467 onia

247 1477 327 1541 sitit
349 1482 448 1566 magio
472 1482 653 1548 adversetur
676 1489 807 1552 caritati
825 1515 917 1576 quam
940 1496 1108 1580 trepiditas,
1134 1547 1141 1561 .
1168 1549 1175 1563 .
1201 1504 1343 1588 utriusqus

247 1585 350 1640 tomen
374 1579 489 1664 agendi
511 1583 593 1644 ratio
617 1584 651 1645 io
675 1588 806 1669 speciem
834 1589 996 1654 simillima
1020 1605 1073 1658 cst.
1121 1597 1207 1684 Ergo
1230 1623 1289 1662 coa
1309 1600 1345 1662 od

246 1673 346 1737 selom
368 1677 493 1744 dococta
525 1689 554 1742 et
586 1701 746 1746 consessus
764 1690 1022 1774 proerogatioom
1054 1717 1173 1759 canone
1197 1697 1253 1760 ista
1280 1699 1343 1760 nite·

247 1773 362 1836 bantur
401 1772 522 1840 CPtaoi
553 1779 706 1865 episcopi,
748 1783 851 1867 ipsam
889 1785 1071 1874 plerumque
1102 1793 1344 1880 jurisdictionem

246 1871 343 1935 latios
373 1876 612 1960 propagabant,
652 1901 715 1941 noo
747 1881 846 1945 solam
880 1883 966 1954 oltra
998 1887 1271 1976 Metropolitcnis,
1301 1893 1345 1956 sed

246 1971 339 2033 ctiam
362 1971 447 2036 oltra
471 1973 626 2038 Erat-ciria
642 1980 859 2066 praescriptos
890 1981 1014 2061 limites,
1048 1997 1111 2049 brot
1134 1987 1204 2053 illio
1228 2001 1287 2053 tum
1307 1993 1345 2052 dir

245 2068 334 2153 infra
357 2094 388 2134 se
412 2072 577 2158 depressio,
593 2085 622 2137 et
642 2077 745 2139 caesia
753 2077 945 2166 judiciisque
969 2105 1073 2145 eorum
1090 2090 1239 2172 propriis
1261 2089 1300 2152 ad
1321 2113 1345 2152 ss

244 2167 437 2254 revocatio).

332 2265 385 2330 52.
418 2266 670 2334 innovationem
709 2269 796 2335 illum
834 2277 928 2338 tertio
968 2299 1093 2343 canone
1135 2283 1344 2349 introductam

246 2361 424 2428 Flavianus
456 2365 588 2451 quidem
622 2367 849 2436 Antiochense
881 2376 980 2438 tacite
1014 2381 1182 2464 accepisse
1216 2382 1343 2456 videtur,

245 2459 302 2524 sed
325 2459 543 2526 Alexandrini
559 2464 770 2532 Patriarchae
794 2479 826 2534 et
839 2471 994 2536 Pontifex
1010 2473 1178 2542 Romanus
1203 2479 1259 2544 diu
1282 2501 1342 2542 earn
1384 2473 1385 2566 l

245 2557 418 2622 noluerunt
441 2582 627 2644 agnoscere.
675 2563 728 2629 Ad
753 2565 997 2634 Alexandrinos
1030 2574 1117 2658 qued
1142 2587 1279 2662 spectat
1301 2577 1343 2640 Ti—

245 2657 364 2721 mothei
389 2679 590 2724 successores
613 2659 824 2748 Theophilus,
850 2665 992 2751 Gyrillus
1017 2679 1048 2733 et
1062 2671 1245 2738 Dioscorus
1267 2673 1342 2738 illam

244 2755 383 2822 Consilii
408 2758 653 2844 dispositionem
678 2761 978 2846 perhorrescebant‚
1013 2771 1166 2853 quamvis
1191 2772 1342 2836 interdum

243 2856 434 2919 necessitate
459 2857 601 2942 quadam
626 2859 733 2924 adacti
754 2861 912 2926 indirecte
937 2869 1185 2951 praerogativas
1210 2868 1341 2955 episcopi

242 2951 418 3036 Byzantini
443 2977 501 3019 sua
523 2955 648 3020 ratione
672 2958 791 3042 agendi
815 2964 1019 3045 agnoverint.
1066 2963 1137 3028 lino
1161 2965 1342 3032 absentibus

242 3049 413 3116 Timotheo
438 3063 470 3116 et
494 3053 666 3139 Aegyptiis
697 3054 827 3121 decreta
850 3057 906 3123 illa
930 3060 1062 3126 condita
1086 3061 1223 3130 dixeris.
1247 3063 1342 3129 Timo·

242 3147 335 3212 theus
359 3151 457 3214 etiam
481 3149 569 3215 haud
595 3151 726 3216 videtur
753 3155 950 3240 approbasse
974 3157 1215 3226 ordinationem
1239 3163 1341 3227 Necta-

241 3248 290 3328 rii,
316 3247 372 3311 sed
396 3249 535 3313 Maximi
559 3250 799 3317 ordinationem
822 3254 923 3318 tuitus
948 3277 1016 3319 esse
1041 3279 1143 3344 caque
1170 3261 1212 3325 de
1236 3283 1269 3325 rc
1291 3259 1340 3324 Ro-

241 3367 327 3408 mam
352 3349 528 3433 scripsisse.
574 3348 703 3413 Ibidem
719 3348 966 3416 haesitaverunt
989 3355 1022 3418 in
1046 3359 1257 3440 agnoscendo
1271 3359 1340 3422 Nec·

241 3444 336 3526 tario,
371 3445 475 3509 donec
508 3446 712 3511 Theodosius
745 3450 843 3514 missa
874 3449 1037 3534 legatione
1068 3455 1338 3521 confirmationem

240 3541 310 3626 ejus
343 3541 510 3608 electionis
540 3543 758 3633 obtinuerit¹).
807 3546 974 3612 Cononem
1008 3571 1085 3615 vero
1109 3555 1245 3618 tertium
1269 3554 1339 3618 (bn-

239 3637 304 3702 cilii
331 3639 477 3705 Romana
511 3643 611 3708 Sedes
642 3665 810 3729 nunquam
842 3648 979 3736 accepit,
1014 3648 1078 3712 imo
1103 3649 1194 3714 baud
1219 3651 1340 3716 videtur

313 3847 331 3912 ¹)
348 3847 435 3900 Vetus
455 3847 595 3915 disciplina
613 3847 641 3900 P.
662 3847 683 3902 I.
704 3847 732 3903 C.
758 3850 797 3902 to.
817 3864 842 3903 n.
862 3851 886 3906 3.

311 3927 331 3993 ²)
350 3927 504 3982 Bonifatius
524 3928 535 3979 Ι
564 3929 597 3981 ad
617 3927 751 3996 episcopos
778 3931 950 3986 Macedoniae
968 3931 1073 3986 scribit:
1102 3933 1338 3999 „clementissimae

238 4007 429 4062 recordationis
448 4008 569 4076 princeps
588 4009 751 4064 Theodosius
770 4010 889 4066 Nectarii
902 4011 1105 4076 ordinationem,
1124 4013 1337 4083 proptereaque

237 4090 265 4142 in
283 4095 376 4142 nostri.
396 4089 505 4142 notione
523 4105 575 4143 non
604 4095 681 4156 esset,
705 4089 802 4144 babere
820 4107 873 4146 non
893 4092 1049 4146 existimans
1075 4093 1240 4160 inritatam
1258 4095 1336 4150 mno-

237 4187 251 4222 c
271 4169 355 4223 latere
373 4183 420 4223 suo
444 4169 537 4222 aulicis
562 4187 620 4223 curn
644 4169 774 4239 episcopis
801 4171 944 4226 formatam
968 4172 1029 4225 huic
1048 4189 1065 4225 a
1082 4172 1149 4227 Sede
1166 4175 1286 4229 Romana
1303 4173 1334 4225 di·

237 4249 290 4317 rigi
309 4249 471 4317 regulariter
489 4250 649 4318 depoposcit,
669 4265 736 4317 qnae
755 4251 812 4319 ejus
831 4253 1007 4306 sacerdotium
1027 4252 1187 4308 mounes-⁴
