2876 4814
224 497 277 550 282
670 491 710 546 De
728 493 746 546 S
765 492 907 561 cypriano.

224 639 295 702 doit
318 637 418 702 adbuc
440 636 560 715 mollia,
584 638 620 699 in
637 658 716 700 noco
735 638 896 702 custodiae
910 640 1045 718 contine,
1069 640 1176 704 atatim
1199 640 1348 704 ambiunt

223 737 348 814 amedei,
372 736 479 798 statim
496 735 614 798 adeunt
627 734 855 819 fornicatores,
872 740 944 824 jam
963 723 1117 822 lacrymae
1142 738 1347 820 rimandaq-

223 845 304 898 nuot
325 831 478 896 maalon
500 835 655 921 citiusque,
679 855 735 894 uec
749 831 811 895 olli
832 835 933 918 mopis
956 833 1078 896 aditam
1100 835 1237 897 cararia
1258 834 1345 896 redi-

225 942 322 1013 munt,
339 953 432 1016 quam
455 931 509 1016 qui
525 929 698 992 Ecclesiam
715 929 928 1014 perdidemat
929 978 1070 994 .....
1096 927 1247 1016 Sufficiat
1260 953 1345 994 mor-

225 1031 295 1116 tyri„
314 1028 452 1115 propria
483 1024 601 1090 delicta
626 1049 791 1112 pwpoase.
838 1027 962 1114 Ingrati
992 1026 1041 1090 uel
1064 1027 1190 1113 superbi
1222 1039 1281 1106 est,
1312 1029 1346 1090 in

225 1127 307 1191 alios
330 1147 447 1212 qaoque
470 1145 626 1209 sporgere,
650 1124 734 1208 qaod
745 1147 809 1210 pro
824 1147 936 1210 mopno
952 1124 1058 1210 flectat
1080 1136 1345 1190 conscentias...

228 1221 292 1296 Qoi
318 1221 474 1287 &sistam
496 1213 668 1284 aemularis
690 1221 840 1285 donando
868 1221 994 1300 delicto,
1019 1224 1048 1285 si
1069 1223 1149 1286 east
1170 1224 1241 1308 ipae
1267 1223 1347 1286 dali-

225 1322 322 1407 qaisti
339 1320 440 1406 plone
466 1329 580 1405 potere
607 1340 671 1404 pro
694 1339 750 1382 mc.
798 1316 836 1382 Si
858 1342 929 1382 oero
956 1330 1105 1405 peccator
1124 1342 1164 1399 ea,
1189 1321 1348 1406 quomodo

226 1419 326 1482 oleum
341 1415 475 1504 factsloo
500 1426 571 1479 tuoe
595 1413 737 1501 sufficere
761 1427 791 1478 et
815 1416 872 1480 tibi
899 1428 930 1479 ot
951 1415 1217 1503 mttipocon'rt1)
1258 1417 1349 1482 Satis

226 1539 268 1579 ex
291 1515 343 1578 bis
366 1522 457 1600 patet
479 1514 679 1598 principium
701 1533 766 1597 quo
791 1512 957 1577 nitebatur
979 1512 1062 1577 baec
1086 1516 1348 1578 communicatio

226 1615 333 1698 pacis;
357 1633 395 1674 eo
419 1609 575 1674 videlicet
595 1631 660 1696 quo
681 1610 780 1673 etiam
804 1609 1029 1696 indulgentiae
1052 1612 1212 1676 nituntur.
1237 1612 1348 1676 Juxta

226 1710 394 1775 Ecclesiae
418 1707 600 1772 doctrinam
625 1707 787 1790 Martyres
809 1718 936 1792 partem
960 1707 1082 1772 valoris
1105 1709 1348 1772 satisfactoriae

226 1809 390 1894 passionis
421 1829 499 1869 suae
532 1807 566 1868 vi
599 1807 907 1870 communicationis
939 1815 1126 1870 sanctorum
1163 1806 1349 1870 mustene

226 1916 377 1992 poterant
406 1906 440 1968 in
464 1905 684 1990 poenitentes,
715 1912 814 1988 atque
844 1903 923 1967 hinc
946 1905 999 1967 isti
1023 1903 1268 1988 indulgentiam
1295 1903 1348 1967 vel

227 2003 398 2090 partialem
423 2001 476 2064 vel
505 2000 685 2085 plenariam
718 2001 996 2086 adipiscebantur.
1044 2001 1206 2084 Martyres
1230 2011 1347 2065 tamen

227 2101 395 2167 habebant
426 2107 554 2162 tantum
581 2099 638 2183 jus
670 2098 819 2183 suffragii
850 2121 910 2184 per
940 2097 1068 2162 libellos
1095 2099 1348 2184 poenitentibus
1432 2097 1433 2100 ’

228 2200 335 2280 datos3
360 2197 403 2261 ad
426 2197 628 2282 praepositos
647 2195 816 2260 Ecclesiae
839 2195 1027 2283 pertinebat
1049 2205 1201 2278 statuere,
1227 2206 1342 2260 utrum

228 2296 418 2382 poenitenti,
442 2293 483 2358 ob
506 2292 654 2357 libellum
678 2295 778 2378 pacis,
798 2294 1001 2378 poenitentia
1024 2293 1222 2357 remittenda
1247 2305 1345 2384 esset,

228 2417 267 2460 ae
290 2415 349 2480 per
371 2394 562 2478 episcopum
586 2400 665 2454 tunc
695 2390 738 2455 ad
762 2393 1026 2456 communionem
1055 2389 1204 2456 fidelium
1228 2391 1348 2455 admit·

228 2491 368 2556 tebatur.
404 2489 478 2570 Quo
502 2489 588 2552 lacto
604 2488 809 2571 indulgentia
829 2487 885 2554 illa
899 2487 1084 2552 habebatur
1107 2488 1221 2552 valida
1246 2491 1348 2552 etiam

229 2593 264 2654 in
288 2590 357 2653 foro
382 2587 505 2652 divino.

130 2711 137 2752 s
181 2710 220 2751 ee.
318 2687 371 2752 25.
397 2684 597 2768 Carthagine
626 2684 728 2767 igitur
757 2685 792 2747 in
815 2683 1041 2768 persecutione
1071 2680 1127 2745 illa
1153 2681 1255 2746 Decii
1279 2705 1349 2768 per-

231 2785 325 2849 multi
348 2783 554 2862 coeiderunt3
579 2782 632 2844 isti
656 2801 734 2843 vero
758 2782 849 2866 pacis
871 2779 999 2844 libellos
1023 2802 1043 2842 a
1066 2779 1271 2862 martyribus
1295 2802 1348 2865 pe·
1431 2779 1432 2802 ¹

231 2883 346 2946 tebant
370 2890 402 2943 et
425 2877 620 2944 obtinebant
643 2899 680 2940 eo
705 2876 812 2959 modo,
838 2869 934 2963 quem
960 2877 986 2938 si
1002 2875 1190 2961 Cyprianus
1214 2876 1348 2940 toleras-

231 2991 287 3061 set,
312 2999 510 3064 permagnus
525 2974 647 3039 abusus
662 2974 861 3054 inolevisset,
881 2996 920 3038 ac
934 2974 976 3038 de
991 2975 1193 3058 poenitentia
1209 2973 1349 3058 publica

230 3088 341 3142 actum
371 3076 495 3139 fuisset.
555 3073 655 3152 Initio
692 3072 826 3157 quidem
860 3071 994 3135 videtur
1022 3073 1085 3136 ista
1116 3073 1149 3134 in
1174 3093 1209 3134 re
1235 3070 1347 3158 aliqua

231 3174 345 3239 saltem
373 3171 486 3256 regula
510 3181 542 3234 et
565 3169 791 3234 subordinatio
815 3169 876 3232 sub
896 3171 1049 3254 episcopo
1074 3177 1204 3235 servata
1229 3169 1348 3248 fuisse3

231 3273 287 3337 sed
320 3293 398 3336 mox
430 3270 514 3332 varii
547 3277 708 3352 martyres
740 3266 1028 3330 indiscriminatim
1053 3268 1217 3330 universis
1247 3265 1350 3352 lapsis

230 3391 346 3456 pacem
369 3365 604 3433 concedebant.
648 3363 758 3450 Atque
786 3363 819 3426 hi
844 3365 936 3449 pacis
959 3362 1101 3428 obtentis
1123 3363 1245 3428 libellis
1268 3375 1345 3428 tam-

231 3489 330 3555 quam
349 3468 406 3553 jus
429 3463 492 3529 sibi
517 3461 744 3544 vindicabant,
775 3471 811 3525 ut
834 3461 877 3525 ad
908 3463 1174 3526 communionem
1196 3461 1349 3526 admitte-

231 3575 352 3630 rentur.
408 3564 590 3646 Martyrum
624 3559 843 3646 qnorumdam
879 3557 1118 3644 benignitatem
1151 3559 1242 3623 haud
1275 3581 1349 3644 pru-

232 3665 364 3729 dentem
408 3660 494 3725 olare
538 3659 716 3723 ediscimus
762 3679 803 3720 ex
842 3656 979 3742 epistola
1021 3657 1162 3721 Luciani
1207 3657 1252 3722 ad
1292 3655 1349 3720 Ce-
1430 3677 1431 3698 ÷

230 3762 382 3826 lerinum.
429 3759 494 3822 Hic
519 3757 690 3822 Celerinus
713 3755 882 3819 Romanus
906 3755 1115 3818 convenienti
1140 3755 1267 3818 ratione
1293 3775 1350 3840 per
1430 3755 1431 3810 i

232 3859 403 3945 epistolam
426 3857 566 3942 petierat
588 3877 608 3919 a
629 3854 788 3935 Luciano,
813 3863 849 3916 ut
873 3854 943 3938 ipse
967 3861 999 3915 et
1023 3853 1145 3915 soeile
1128 3851 1198 3936 ejus
1221 3853 1257 3914 in
1283 3873 1348 3914 car
1430 3849 1431 3912 3

232 3979 306 4022 cere
329 3956 498 4020 constituti
531 3973 647 4038 pacem
680 3950 899 4016 concederent
931 3949 1097 4013 sororibus
1125 3949 1348 4012 Numerianus
1430 3951 1431 4000 l

233 4065 265 4118 et
288 4051 459 4121 Candidae
483 4051 592 4136 lapsis,
617 4071 702 4138 quae
725 4059 836 4113 tamen
855 4069 915 4134 per
936 4046 1027 4111 bona
1049 4069 1149 4132 opera
1172 4046 1292 4131 dignas
1315 4069 1347 4108 se

308 4269 328 4336 ¹)
348 4266 387 4321 De
406 4263 536 4334 pudicitia
555 4279 576 4317 c
596 4263 638 4317 22.
