2766 4836
457 501 597 558 Vindicius
618 501 724 558 Liberii.
1112 515 1147 568 55

44 647 151 712 badius
183 647 229 711 ad
260 647 426 733 objectum
459 646 501 711 ab
525 645 660 711 Arianis
683 648 777 712 Hosii
809 648 938 735 lapsum
970 657 1147 740 respondet

42 747 103 810 sine
123 745 194 810 ulla
227 747 395 810 mentione
425 744 563 809 Liberii.
609 746 691 809 Inde
725 749 839 810 merito
873 749 1045 835 colligitur,
1078 775 1146 818 uon

41 865 127 908 susos
151 844 255 908 fuisse
279 842 421 907 Arianos
444 842 654 924 calumniam,
680 867 779 930 quarn
803 856 876 930 post
899 847 992 912 Hosii
1017 848 1146 935 lapsum

41 941 75 1006 dc
97 941 232 1006 [tiberio
256 953 444 1028 sparserant
457 941 599 1029 (sozom.
615 941 674 1007 lv.
701 941 765 1028 15),
790 944 949 1008 sustinere
959 944 991 1031 ι).
1028 947 1144 1012 Merito

41 1041 130 1122 igitur
154 1038 311 1126 Stilting:
351 1039 445 1122 „Nou
477 1041 610 1124 attingit
632 1039 761 1125 lapsum
785 1039 920 1124 Liberii,
955 1045 1025 1108 sive
1052 1043 1146 1110 illum

39 1137 208 1203 asserendo
229 1140 300 1202 sive
315 1138 419 1202 solum
435 1147 472 1202 ut
485 1138 651 1224 objectum
667 1138 888 1223 memorando,
909 1138 995 1204 ullus
1011 1141 1146 1206 Petrum

39 1235 237 1300 Graecorum
260 1245 318 1300 eut
341 1236 546 1318 Latinorum,
571 1239 627 1323 qui
642 1245 733 1301 tanto
756 1257 893 1301 numero
917 1237 1051 1303 fuerunt
1072 1249 1147 1326 post
1178 1229 1291 1272 ⁸¹¹⁰¹¹‘¹'¹¹³

40 1333 204 1398 Liberium
229 1333 360 1398 saeculo
384 1343 509 1418 quarto,
544 1335 658 1422 quinto
692 1341 724 1397 et
751 1333 974 1420 sequentibus.
1020 1337 1147 1401 Tacent
1186 1292 1280 1334 mmm·

39 1431 72 1495 de
103 1431 160 1496 illo
194 1453 309 1496 omnes
333 1431 480 1496 historici
513 1431 654 1518 alicujus
686 1433 846 1513 nominis,
880 1435 935 1519 qui
970 1434 1085 1498 eodem
1115 1443 1148 1498 et

39 1531 182 1613 proxime
206 1529 421 1616 sequentibus
445 1529 585 1593 saeculis
600 1529 789 1612 floruerunt,
815 1532 880 1594 imo
904 1531 1023 1596 Graeci
1048 1533 1146 1596 etiam

38 1629 238 1710 posteriores,
263 1637 299 1691 ut
313 1629 423 1692 omniu
439 1627 615 1692 videantur
629 1650 649 1691 o
663 1626 762 1691 medii
778 1629 852 1692 aevi
876 1629 1006 1693 Latinis
1030 1629 1148 1694 heusta

38 1747 72 1788 ex
95 1727 320 1790 monumentis
352 1727 587 1811 supposititiis,
618 1724 882 1811 Asianorumque
913 1735 946 1790 et
968 1725 1147 1791 Luciferis·

37 1845 147 1887 norum
174 1823 413 1910 alumnusffl).

118 1923 176 1986 74.
199 1920 254 1986 Ad
278 1920 360 1986 haec
382 1920 511 1986 nullum
534 1924 664 2008 uspiam
696 1922 865 1985 invenitur
892 1923 1068 2004 vestigium
1093 1919 1219 1984 velden·
1235 1937 1314 1980 cruos

40 2021 190 2084 minimae
214 2019 438 2101 dissensionis,
462 2041 547 2105 quae
570 2019 668 2084 fuerit
691 2041 731 2083 ea
754 2017 795 2083 de
819 2041 919 2082 cause
942 2021 1027 2083 inter
1050 2017 1146 2082 Libe·
1167 1999 1298 2042 mmm·

40 2119 113 2182 n'um
137 2127 176 2180 et
199 2117 373 2182 Romanos.
412 2118 590 2204 Nunquam
608 2126 811 2199 retractasse,
836 2139 870 2180 se
894 2137 1069 2181 excusasse
1092 2113 1146 2180 vel

40 2214 222 2280 defendisse
235 2213 354 2299 legitur
367 2215 531 2297 Liberius,
548 2215 636 2301 quod
653 2237 732 2279 sane
756 2217 875 2280 mirum
898 2215 991 2294 foret,
1016 2215 1042 2278 si
1067 2233 1146 2278 vera

40 2323 114 2376 essct
137 2315 253 2398 opinio
277 2312 319 2377 de
341 2314 412 2400 ejus
435 2312 540 2400 lapsu.
586 2313 686 2377 Rexit
702 2313 889 2378 Ecclesiam
912 2321 986 2399 post
1008 2310 1145 2376 exilium

40 2413 126 2475 sicuti
151 2421 253 2476 autea
274 2420 419 2494 rexerat3
444 2411 620 2476 concilium
645 2411 865 2492 Ariminense,
889 2414 924 2475 in
947 2433 1012 2497 quo
1035 2409 1145 2474 haere·

40 2511 173 2574 ticorum
198 2509 314 2574 fraude
343 2508 471 2574 haeresi
503 2509 765 2594 subscripserant
794 2507 958 2588 catholici,
990 2510 1144 2572 contiuuo

42 2607 246 2692 improbavit,
271 2607 489 2694 deceptosque
522 2609 692 2693 episcopos
720 2606 763 2671 ad
795 2609 1031 2693 poenitentiam
1054 2625 1145 2669 ravo

41 2707 132 2770 cavit.
180 2705 285 2790 Vigor
307 2707 369 2770 iste
391 2727 489 2792 aegre
519 2708 727 2791 componitur
748 2725 824 2768 cum
848 2702 1066 2790 praecedente
1089 2701 1145 2766 ali-

41 2825 96 2887 quo
126 2803 234 2889 lapsu,
267 2825 329 2869 nec
358 2804 564 2889 intelligitur,
589 2803 752 2890 quomodo
782 2825 822 2867 ea
854 2803 1026 2866 occasione
1055 2797 1145 2864 nulla

41 2899 120 2966 tacta
143 2911 304 2988 appareat
326 2905 448 2968 mentio
471 2903 765 2988 praevaricationis
789 2903 891 2987 ipsius
914 2899 1050 2964 Liberii.
1081 2898 1145 2962 De·

41 3001 133 3085 nique
155 2999 224 3064 ulis
247 3000 350 3065 multa
372 3001 540 3086 praeclare
571 3000 651 3064 lecit
679 2998 833 3064 Liberius
865 3007 937 3063 octo
961 2995 1025 3061 illis
1048 2997 1145 3060 anuis

40 3097 155 3182 quibus
186 3097 306 3164 deinde
339 3101 442 3180 vixit,
467 3105 499 3162 et
527 3097 619 3162 nulla
642 3096 684 3161 de
716 3097 787 3183 ejus
818 3099 979 3182 regimine
1011 3092 1145 3180 querela

40 3197 204 3260 iuvenitur
225 3196 316 3282 apud
348 3197 522 3281 scriptores
551 3194 698 3281 ejusdem
731 3196 896 3279 temporis.
949 3193 1043 3274 Quae
1065 3211 1143 3255 vero

41 3291 77 3356 de
99 3295 171 3380 ejus
193 3293 287 3380 lapsu
302 3293 443 3358 credidit
455 3296 638 3380 posteritas,
660 3292 800 3356 conficta
823 3293 979 3357 videntur
1001 3291 1144 3355 maxime

42 3411 94 3472 per
114 3391 341 3457 schismaticos
370 3391 616 3474 Luciferianos,
648 3393 704 3476 qui
728 3411 862 3454 causam
895 3411 988 3454 suam
1013 3386 1143 3453 mende-

42 3491 95 3552 ciis
125 3489 284 3555 audacter
313 3491 520 3556 sustinebant
550 3492 758 3576 prioremque
782 3488 991 3554 ‘Ariauorum
1024 3486 1144 3552 celum·

42 3589 124 3652 uisus
147 3587 243 3653 facile
264 3609 424 3653 renovare
446 3595 633 3674 potuerunt.

125 3687 176 3752 lb.
199 3686 298 3751 Modo
316 3687 388 3772 jam
412 3688 548 3750 seorsim
579 3687 806 3750 examinemus
833 3688 943 3749 varias
967 3684 1145 3748 sententias

43 3803 160 3863 eornm,
170 3787 224 3870 qui
234 3787 370 3870 primae,
382 3784 556 3868 secundae,
567 3781 1077 3862 tertiaeveformulaeSirmiensi,
1088 3788 1146 3844 aut

112 3961 138 4030 ¹)
157 3961 195 4016 Ex
213 3961 256 4018 his
274 3961 394 4030 profecto
411 3960 622 4031 peremptorium
634 3965 826 4030 argumentum
844 3960 939 4016 deduci
958 3963 1055 4028 potest,
1067 3956 1144 4012 Libe-

45 4039 116 4096 dnm.
137 4055 214 4108 quum
233 4041 399 4096 Phoebodius
423 4041 559 4106 scriberet,
585 4040 656 4094 haud
674 4040 778 4108 lapsum
797 4055 868 4106 esse;
898 4040 985 4094 simile
1003 4053 1143 4107 argumen-

46 4131 95 4173 tum
114 4121 216 4176 eruitur
233 4138 266 4176 ex
285 4121 310 4176 S.
329 4120 440 4186 Hilario,
460 4121 506 4188 qui
530 4121 558 4175 in
581 4119 648 4175 libro
676 4121 709 4174 de
728 4120 840 4188 Synodis
859 4120 936 4174 Hosii
954 4119 1058 4188 lapsum
1076 4133 1144 4172 corn·

46 4205 175 4258 nemont
191 4202 224 4256 le
240 4201 349 4256 Liberlo
367 4209 458 4256 sutem
477 4200 584 4255 omnino
602 4205 684 4255 tacet.

113 4284 140 4350 ¹)
158 4282 185 4338 t.
202 4299 222 4336 c.
241 4283 267 4354 9.
285 4283 334 4338 ΙΧ.
352 4297 379 4338 ιι.
400 4281 458 4336 168.
