2806 4848
463 475 605 532 Viudioiae
621 474 732 532 Liberii.
1119 477 1153 530 79

63 617 253 685 Conveniunt
275 621 363 684 euim
395 642 507 685 omues
537 630 688 686 auctores
711 618 799 683 illius
830 621 956 702 aetatis,
980 619 1153 687 Liberium

62 739 166 782 summa
190 719 376 782 constantia
400 719 434 782 in
465 717 601 782 exilium
633 719 818 804 profectum
842 739 921 800 esse,
947 723 1057 805 etqui
1082 721 1153 807 ejus

60 815 166 900 lapsum
190 827 460 898 commemorant,
484 818 531 879 uti
548 825 580 879 et
603 818 711 900 ipsum
726 816 923 899 Hieronymi
940 814 1152 900 Chronicum,

59 935 118 976 enm
137 913 280 977 fractum
311 914 488 999 opinantur
510 935 569 999 per
600 937 776 978 aerumnas
799 912 901 978 exilii.
926 914 978 978 De
1002 915 1153 980 sollicita·

11 1013 12 1032 ¹
57 1013 128 1075 tione
156 1012 390 1076 Fortunatiani
422 1033 519 1075 nemo
551 1011 705 1098 loquitur,
730 1023 762 1076 et
794 1013 946 1097 quamvis
969 1035 1153 1099 supponere

56 1111 217 1192 possimus,
250 1109 423 1173 Liberium
462 1109 649 1174 Mediolano
690 1112 850 1174 Beroeam
891 1111 1152 1195 proficiscentem

56 1209 208 1270 transiisse
232 1229 291 1293 per
313 1203 503 1293 Aquilejam
527 1217 559 1270 et
582 1207 628 1271 ibi
660 1231 679 1272 a
702 1209 939 1272 Fortunatiano
962 1208 1063 1273 fuisse
1087 1219 1153 1274 ten-

56 1319 152 1387 tatum,
184 1303 375 1370 nullatenus
405 1304 576 1391 probabile
607 1315 664 1388 est,
697 1327 772 1370 eum
791 1307 863 1392 jem
891 1306 968 1370 inde
991 1305 1034 1371 ab
1059 1309 1153 1372 initio

55 1403 223 1468 vacillasse.
269 1399 336 1467 Se'd
368 1425 452 1488 quac
476 1402 524 1470 ,de
548 1404 785 1468 Fortunatiano
817 1403 873 1468 hic
900 1413 1076 1470 narrantur
1099 1427 1153 1491 ap-

53 1503 140 1584 prime
176 1499 354 1565 cohaerent
377 1521 452 1564 eum
485 1501 535 1582 iis,
569 1503 711 1586 quaein
738 1503 915 1587 suppositis
937 1501 1064 1566 Liberii
1088 1505 1153 1588 epi-

53 1598 126 1662 stolis
158 1598 203 1662 de
237 1597 353 1662 eodem
385 1597 557 1680 dicuntar3
582 1621 721 1684 magnae
753 1601 842 1663 euim
864 1609 974 1684 partes
996 1601 1095 1664 etiam
1119 1603 1154 1664 in

53 1697 153 1762 iisdem
184 1697 424 1761 Fortunatiano
456 1697 564 1783 quoad
600 1699 918 1783 praevaricationem
946 1695 1071 1762 Liberii
1100 1701 1153 1762 tri-

52 1795 195 1860 buuntur.
243 1795 332 1860 Fieri
356 1796 457 1879 igitur
480 1793 578 1858 facile
600 1797 716 1881 potuit,
741 1806 778 1859 ut
800 1794 905 1880 elogio
923 1796 1152 1860 Fortunatiaui

52 1895 194 1978 inopere
218 1893 268 1956 De
291 1893 370 1956 viria
391 1891 577 1974 atterritus,
596 1893 694 1979 juxta
725 1895 912 1979 opinionem
942 1915 1153 1978 rumoresque

51 1989 81 2052 «le
106 1993 179 2076 ipso
213 2011 344 2076 sparsos
375 1990 495 2076 aliquis
527 1989 618 2055 illam
649 1991 786 2056 adderet
822 1990 1153 2058 animadversionem.

52 2088 236 2154 -Jnrabit
258 2089 321 2153 hoo
343 2086 417 2152 loeo
441 2110 481 2152 ea
504 2110 633 2174 quoque
656 2090 783 2172 afferre,
808 2111 892 2175 quae
915 2089 956 2153 de
979 2088 1086 2153 reditu
1101 2089 1154 2151 Li·

51 2185 118 2251 lrerii
142 2186 250 2252 habet
273 2185 412 2250 Rufinus
436 2187 468 2252 S.
492 2187 697 2272 Hieronymo
721 2209 872 2252 coaevus.
919 2185 1073 2266 Libertas,
1096 2187 1153 2268 ait,
1242 2203 1282 2232 ¹²²⁸

52 2285 123 2348 orbis
147 2288 272 2350 Rornae
306 2285 469 2371 episcopua
496 2283 679 2349 Constantio
711 2287 829 2348 oiocnte
851 2307 1009 2368 repressus
1032 2295 1085 2348 eet.
1110 2321 1155 2334 -

51 2383 103 2446 ao
123 2385 192 2466 boc,
225 2393 330 2447 atram
359 2382 546 2467 acquieverit
576 2380 732 2446 volantati
752 2405 828 2446 snae
851 2380 1088 2470 (Imperatoris)
1111 2383 1156 2448 od

48 2480 307 2559 subscribendum,
331 2503 374 2543 aa
397 2479 441 2543 ad
465 2478 583 2566 populi
614 2481 752 2543 Romani
782 2482 927 2566 pretinm,
951 2503 971 2544 o
1002 2503 1060 2566 qno
1077 2504 1155 2566 pro-

50 2579 178 2646 iciam
203 2577 321 2664 firmat
353 2588 500 2641 sacratior
533 2576 741 2666 (lmpcrator)
773 2577 958 2656 indulserit,
985 2601 1049 2664 pro
1073 2589 1155 2642 corto

49 2687 230 2764 compertum
253 2699 317 2739 noo
339 2673 491 2761 babeo.¹).
520 2673 863 2740 Animadvertendum
887 2697 975 2758 vero,
998 2675 1155 2740 Rufinum

49 2773 95 2837 lin
104 2773 585 2862 Aquilejaevixisoe3adeoque
593 2795 671 2838 sane
679 2771 872 2838 incredibile
883 2783 975 2854 esset,
987 2793 1061 2836 eum
1072 2772 1155 2837 nihil

48 2875 116 2936 certi
143 2871 188 2936 de
212 2870 307 2956 lapsu
321 2871 447 2935 Liberii
469 2873 643 2956 comperiri
657 2873 815 2956 potuisse,
832 2873 857 2934 si
881 2869 963 2934 tales
985 2871 1020 2934 in
1043 2871 1106 2934 hac
1119 2893 1155 2935 re

46 2969 179 3036 inissent
193 2979 304 3056 partes
312 2969 552 3051 Fortunatiani,
568 2971 624 3055 qui
644 2969 741 3054 paulo
756 2979 832 3034 aute
846 2967 1019 3056 Aquilejae
1034 2970 1155 3054 episco-

45 3089 99 3152 pos
121 3069 244 3134 fuerat.
287 3065 361 3132 Imo
387 3069 413 3132 si
436 3066 590 3147 Liberius
623 3089 738 3131 revera
760 3067 870 3152 lapsus
893 3077 986 3148 esset,
1011 3066 1065 3130 hic
1089 3067 1155 3153 lap·

44 3189 92 3230 sus
115 3177 208 3232 certe
232 3165 326 3229 brevi
350 3165 448 3252 plane
471 3167 617 3230 notorius
648 3165 754 3229 factus
776 3165 901 3229 fuisset.
946 3165 1155 3230 Praevarica-

45 3265 84 3328 tio
116 3268 211 3330 euim
244 3264 316 3350 ejus
349 3265 517 3349 supposita
549 3262 672 3328 accidit
694 3260 920 3348 praesentibus
943 3261 1154 3348 Imperatore,

43 3361 156 3447 legatis
182 3361 330 3429 Orientis
354 3372 386 3426 et
409 3361 600 3428 Occidentis
630 3361 829 3446 Africaeque
858 3361 1027 3446 episcopis.
1074 3360 1155 3426 Tale

41 3461 167 3526 lactum
191 3483 258 3526 uon
281 3461 442 3546 potuisset
464 3458 563 3524 latere
594 3459 648 3523 vel
671 3458 810 3524 dubium
834 3479 1012 3541 remanere,
1037 3470 1069 3524 et
1092 3459 1155 3524 Ru-

43 3559 124 3623 finus
140 3559 185 3623 de
200 3580 237 3622 eo
252 3557 350 3622 facile
374 3557 604 3622 certitudinem
634 3559 872 3643 acquisivisset.
918 3557 971 3621 Ex
994 3579 1032 3622 eo
1055 3559 1157 3642 igitur

43 3657 129 3742 qnod
154 3657 199 3721 de
221 3656 284 3720 hae
308 3679 353 3738 re,
385 3657 537 3741 quamvis
562 3657 750 3742 inquireret,
782 3677 849 3719 uon
872 3657 1015 3741 potuerit
1038 3657 1156 3720 certior

42 3755 119 3837 fieri,
146 3754 326 3840 colligitur,
349 3755 481 3818 nonnisi
504 3776 607 3818 vanos
630 3775 776 3818 rumores
799 3751 841 3817 ab
860 3752 994 3818 Arianis
1018 3753 1155 3818 dePon-

3 3843 5 3870 ³
42 3855 138 3919 tiliois
163 3853 259 3939 lapsu
282 3863 479 3938 propagatos
501 3850 642 3939 fuissee).

113 4107 137 4174 ¹)
157 4103 231 4158 liist
250 4103 312 4158 scol
332 4103 363 4159 L.
382 4103 415 4158 Χ.
434 4119 455 4158 o
474 4102 517 4160 27.

110 4187 136 4252 ¹)
157 4185 331 4240 Cassiodorus
350 4185 393 4238 vir
410 4181 608 4238 eruditissimus
620 4199 695 4239 snam
707 4181 856 4240 Historiam
874 4183 1042 4256 tripartitam
1060 4187 1156 4256 compi·

40 4266 108 4322 larit
127 4283 167 4322 ex
185 4265 301 4330 Socrate
320 4265 463 4320 Sonomeuo
490 4269 519 4319 et
548 4263 727 4333 Theodoreto5
746 4266 904 4336 Hieronymi
922 4283 1026 4336 qnoque
1045 4267 1156 4324 Chroni-
