2810 4846
97 1777 215 1819 Caelestini

101 1839 219 1888 prudentie.

244 433 300 486 236
634 429 674 482 De
692 429 810 486 Concilio
829 430 970 498 Ephesiae.

247 577 431 638 necessaria
454 583 565 654 erant,
596 582 694 657 atque
721 575 767 636 ite
790 575 853 638 ista
885 575 921 638 in
943 595 977 638 ra
1001 595 1067 638 non
1091 595 1217 660 semper
1238 595 1272 638 ec
1293 573 1338 638 ob-

246 685 465 752 servarentur,
480 693 578 757 ·quae
615 669 797 736 secundum
831 671 888 756 jus
924 672 1074 736 strictum
1107 671 1339 736 conveniebant.

245 769 418 834 Sententia
451 791 545 855 porro
571 767 747 832 Coelestini
779 768 927 834 nondum
958 772 1147 834 executioni
1180 770 1253 834 data
1273 782 1340 834 erat.

245 891 286 932 ac
310 868 479 932 Nestorius
500 865 599 930 facile
620 866 818 951 persuadere
842 867 949 952 potuit
970 865 1175 952 Imperatori,
1197 891 1231 932 se
1252 868 1340 930 ortho-

245 967 372 1030 doxum
402 987 491 1044 esse,
523 986 543 1028 a
576 962 698 1046 Cyrillo
729 965 840 1028 omnia
871 963 1056 1049 permrbari
1097 987 1137 1028 ac
1168 965 1341 1030 Pontificem

246 1065 433 1128 Romanum
467 1063 585 1147 decipi,
618 1083 677 1146 per
710 1060 896 1127 Concilium
930 1083 1009 1126 vero
1042 1065 1154 1128 omnia
1184 1086 1272 1150 posse
1292 1065 1343 1126 rito
1383 1079 1384 1084 ¹

246 1161 389 1246 disponi.
435 1159 553 1224 Inferri
586 1170 697 1224 numm
728 1181 770 1224 ex
801 1161 901 1244 gestis
937 1159 1001 1223 illis
1031 1161 1218 1227 nullatenus
1243 1173 1343 1248 potest,

246 1258 470 1324 Theodosium
499 1279 565 1322 non
597 1259 771 1341 agnovisse
797 1259 937 1322 Romani
968 1257 1139 1323 Pontificis
1172 1263 1341 1345 primatum,

249 1357 301 1420 vel
340 1356 410 1441 ejus
443 1355 498 1440 jus
530 1355 717 1420 absolutum
756 1355 934 1420 dirimendi
972 1358 1181 1440 quaestiones
1213 1358 1344 1443 majores.

247 1455 406 1534 Quaestio
429 1456 518 1518 enim
551 1454 592 1518 de
611 1455 784 1539 principiis
807 1453 961 1518 obsoletis
984 1475 1051 1518 uon
1075 1464 1125 1518 est
1148 1457 1277 1539 agitate,
1297 1451 1345 1516 sed

246 1552 336 1638 quod
358 1561 579 1637 opportunum
603 1550 790 1616 exhibitum
817 1553 881 1616 fuit
903 1552 1109 1636 Imperatori,
1135 1553 1171 1618 id
1194 1555 1261 1637 ipse
1281 1551 1346 1616 fecit

247 1650 336 1714 bona
360 1651 551 1715 intentione.
1383 1695 1384 1714 r

338 1747 390 1811 62.
416 1745 620 1812 Caelestinus
638 1746 793 1810 Pontifex
816 1747 887 1810 istis
910 1747 944 1809 in
969 1747 1136 1832 adjunctis
1161 1750 1207 1811 ita
1228 1747 1298 1830 egit,
1319 1759 1346 1807 ut

248 1845 347 1909 simul
372 1845 526 1930 prudenti
549 1845 741 1908 oeconomia
756 1853 911 1924 uteretur,
928 1843 1092 1929 simulque
1110 1845 1191 1929 jura
1213 1866 1269 1908 sue
1290 1844 1347 1904 viu·

248 1943 385 2007 dicaret.
432 1942 594 2022 Quamvis
625 1943 789 2006 sententia
821 1940 959 2026 abipso
991 1941 1058 2005 late
1090 1963 1151 2027 per
1178 1965 1213 2008 se
1234 1941 1345 2027 plenam
1383 1985 1384 2006 r

241 2042 477 2104 auctoritatem
510 2039 662 2121 haberet,
688 2038 875 2102 Concilium
906 2048 1018 2103 minen
1051 2050 1270 2124 opportunum
1291 2057 1346 2100 erse
1383 2059 1384 2088 l

250 2139 417 2223 perspexit
439 2137 483 2202 ad
505 2135 698 2221 ampliorem
715 2146 748 2199 et
761 2135 946 2200 uberiorem
970 2136 1046 2200 fidei
1070 2137 1345 2202 confirmationem.
1383 2123 1384 2198 i

249 2235 293 2298 ad
317 2234 531 2299 stabiliendos
545 2237 579 2299 in
598 2253 679 2298 vera
695 2233 845 2298 doctrina
863 2233 1044 2298 titubantes
1059 2245 1092 2298 et
1114 2235 1159 2300 ad
1184 2235 1291 2300 devios
1309 2253 1346 2294 re·
1383 2235 1384 2240 ’

250 2332 428 2414 vocandos,
452 2333 496 2397 ad
517 2331 916 2396 retundendamNestorii
939 2343 973 2396 et
995 2332 1065 2416 ejus
1088 2333 1285 2398 asseclarum
1303 2352 1346 2392 eu·

250 2431 391 2512 daciam,
424 2433 479 2516 qui
513 2433 614 2496 etiam
647 2428 780 2493 civilem
802 2429 937 2514 Imperii
969 2439 1089 2494 statum
1113 2429 1345 2496 commovebant

250 2539 283 2592 et
306 2529 479 2594 discordiis
503 2527 750 2615 perturbabant.
796 2527 912 2612 Neque
941 2527 1164 2592 conveniebat
1186 2526 1343 2613 sapientiae

249 2627 370 2690 summi
382 2627 562 2706 Pontificis,
586 2625 706 2711 rejecto
723 2625 848 2709 Synodi
872 2626 1017 2690 remedio
1041 2648 1240 2712 exasperare
1261 2624 1343 2688 Theo·

250 2724 391 2804 dosium,
415 2727 599 2810 principem
622 2725 715 2807 pium
735 2733 767 2787 et
790 2723 831 2786 de
850 2723 1000 2788 Ecclesia
1024 2723 1109 2788 bene
1134 2726 1289 2802 meritum,
1310 2721 1344 2782 iu·

248 2823 345 2906 genio
369 2831 482 2886 tamen
505 2824 613 2885 minus
646 2821 820 2905 insignem.
869 2819 1043 2884 Conseusit
1066 2821 1169 2905 igitur
1193 2823 1258 2906 ipse
1279 2816 1344 2880 Coo·

249 2918 319 2982 cilii
352 2918 574 2999 celebrationi,
608 2927 707 3002 atque
739 2918 840 2982 etiem
871 2917 1110 3002 Imperatorem
1142 2919 1286 2983 laudavit
1313 2913 1344 2978 de

248 3015 470 3080 sollicitudine
503 3039 561 3102 pro
584 3014 755 3080 Ecclesiae
787 3014 892 3080 salute
917 3025 949 3078 et
973 3017 1100 3100 quiete;
1124 3016 1283 3082 consensit
1303 3033 1345 3096 pa-

249 3115 340 3196 riter,
364 3124 400 3177 ut
413 3116 545 3179 interim
556 3135 716 3198 suspensa
730 3123 817 3176 esset
831 3115 993 3176 sententio
1019 3115 1054 3177 in
1069 3113 1256 3178 Nestorium
1275 3111 1344 3174 lete:

250 3214 341 3276 vices
364 3235 440 3276 suas
463 3233 541 3276 vero
573 3213 607 3274 in
632 3209 781 3274 Concilio
814 3209 1030 3275 demandavit
1060 3207 1186 3294 Cyrillo
1210 3219 1241 3274 et
1260 3207 1346 3271 tribus

249 3307 367 3392 legatis
398 3309 524 3388 missis,
558 3307 684 3372 scilieet
714 3306 859 3372 Arcadio
893 3317 926 3371 ct
956 3308 1107 3393 Projecto
1140 3307 1294 3394 episcopis
1321 3316 1346 3364 et

251 3405 406 3491 Philippo
431 3404 662 3491 presbytero).

187 3521 233 3562 'n
339 3503 392 3568 63.
418 3502 591 3566 Caeterum
631 3503 786 3566 Pontifex
824 3503 927 3568 variis
968 3504 1098 3588 seriptis
1137 3501 1288 3580 ostendit,
1318 3517 1344 3558 sc

134 3595 146 3622 ⁸
250 3602 437 3666 nullatenus
469 3601 572 3665 latam
605 3621 698 3664 suam
732 3602 928 3664 senteutiam
958 3600 1094 3664 arbitrio
1128 3599 1266 3664 Concilii
1286 3593 1343 3660 sub·

250 3705 510 3784 mitterentque
542 3697 797 3783 prudentissima
827 3699 952 3762 ratione
984 3701 1214 3762 auctoritatem
1236 3707 1266 3760 et
1282 3696 1343 3780 juro

249 3797 345 3862 Sedis
377 3797 588 3882 Apostoliccc
621 3807 706 3860 serta
739 3805 770 3858 et
803 3805 889 3859 taeta
913 3797 1148 3860 assecuravit
1194 3791 1344 3858 conserat

249 3895 395 3979 quidem,
419 3905 456 3958 ut
479 3896 659 3958 sententiae
683 3896 717 3956 iu
736 3893 923 3958 Nestorium
946 3892 1033 3956 latae
1057 3895 1209 3958 executio
1230 3889 1343 3954 iuterim

251 4043 463 4055 ——-—-b-——

326 4127 344 4188 ¹)
363 4124 396 4176 V.
415 4124 541 4190 epistolas
560 4122 704 4178 Caelestini
718 4123 749 4175 R.
760 4121 789 4174 P.
804 4121 1026 4176 odTheodosium
1045 4121 1113 4189 Imp.
1133 4127 1159 4174 et
1180 4119 1213 4174 ad
1232 4115 1342 4182 Csrilluu

253 4203 338 4264 Alex,
358 4203 429 4256 Cone
456 4203 552 4270 Ephes.
572 4205 631 4256 Act.
650 4203 685 4256 ll.
705 4217 746 4269 ep.
765 4201 901 4255 Labbeum
919 4201 950 4256 Τ.
970 4201 1020 4254 Ill.
1040 4202 1087 4254 col.
1106 4202 1157 4254 659
1174 4213 1229 4265 sqq.
