2806 4848
252 485 303 541 154
664 495 705 548 De
722 495 796 552 tacto
814 497 942 552 Nectarii.

1382 631 1383 668 l

251 632 340 716 quod
374 637 581 702 commiserat
617 640 741 704 crimen
775 663 850 705 cum
888 642 1026 706 diacono
1059 644 1089 706 ei
1121 644 1276 730 adaperit.
1305 681 1338 690 -
1382 693 1383 710 .

252 731 431 818 Hucusque
461 736 637 820 explicatio
670 737 754 804 bene
778 738 886 803 habet.
934 741 998 806 Sed
1028 741 1116 805 unde
1139 743 1338 806 manifestatio

251 831 397 893 criminis
421 841 453 895 et
476 839 680 919 exasperatio
710 837 846 924 populi?
882 838 1008 902 Auctor
1029 843 1093 903 ista
1116 841 1247 904 videtur
1266 843 1339 904 attri-

250 925 351 991 buere
375 929 615 997 denuntiationi
648 957 667 998 a
690 938 941 1020 poenitentiario
965 938 1081 1020 factae,
1107 947 1139 1002 et
1162 938 1339 1024 depositioni

250 1024 380 1090 diaconi
405 1028 608 1096 subsecutae.
656 1033 721 1100 Sed
745 1035 827 1098 haec
847 1035 1022 1120 explicatio
1047 1039 1165 1100 iterum
1189 1039 1282 1101 nimis
1301 1059 1339 1098 ar·

249 1123 385 1187 bitraria
409 1137 465 1208 est,
491 1149 528 1192 ec
553 1130 605 1194 vel
630 1135 743 1216 magis,
768 1133 857 1218 quud
889 1133 931 1198 ab
955 1133 1119 1199 historicis
1142 1157 1205 1200 nee
1229 1134 1339 1221 presby·

249 1231 317 1286 tero
343 1226 592 1308 poenitentiario
626 1251 686 1293 nec
718 1231 872 1296 Nectario
905 1235 1058 1318 episcopo
1092 1235 1126 1298 in
1159 1233 1216 1298 illo
1239 1241 1339 1297 eventu

250 1321 384 1406 ejusque
407 1323 671 1392 manifestatione
694 1329 805 1416 aliqua
828 1330 926 1416 culpa
948 1331 1104 1394 tribuitur
1113 1330 1145 1417 ¹).

338 1421 389 1485 23.
416 1420 464 1487 Ol.
487 1423 615 1489 Bickell
640 1427 771 1492 demum
789 1428 857 1492 fere
880 1431 976 1493 sicuti
996 1430 1158 1512 Valesius,
1183 1430 1242 1494 sed
1262 1451 1339 1492 accu-

249 1521 351 1582 ratius
384 1522 429 1582 ita
461 1543 530 1584 rem
554 1543 718 1609 exponere
742 1528 833 1590 uisus
866 1537 924 1591 est.
970 1529 1048 1592 Post
1070 1529 1213 1614 primam
1236 1527 1341 1591 confes·

251 1620 375 1682 sionem
408 1618 498 1703 apud
530 1624 818 1709 poenitentiarium
851 1624 991 1708 factam,
1025 1625 1143 1690 mulier
1175 1625 1244 1706 illa,
1276 1625 1338 1686 doru

249 1718 484 1802 poenitentiam
516 1725 708 1790 canonicam
739 1723 948 1808 persolveret,
980 1745 1102 1788 novum
1134 1726 1257 1788 erimen
1279 1742 1340 1784 cum

249 1816 386 1881 diacono
421 1825 592 1887 commisit.
647 1823 743 1885 Nova
776 1821 979 1885 confessione
1011 1823 1261 1906 poenitentiario
1290 1819 1340 1882 hoc

249 1926 419 1999 peccatum
448 1921 596 1985 confessa
619 1929 667 1984 est
690 1917 892 2008 (κατηγόρει),
924 1922 1016 2006 isque
1040 1920 1168 1984 mulieri
1192 1918 1341 2004 imposuit,

249 2023 284 2076 ut
308 2015 483 2082 diaconum
507 2019 662 2083 tribunali
693 2019 913 2082 eeclesiastico
944 2016 1193 2103 denuntiares).
1239 2017 1341 2081 Diaco-

249 2135 310 2176 uus
334 2115 435 2198 igitur
465 2120 498 2182 in
526 2119 583 2204 jus
613 2127 749 2182 vocatus
779 2126 811 2181 et
841 2118 993 2180 examine
1016 2118 1164 2180 instituto
1189 2116 1342 2202 depositus

248 2209 318 2275 fuit.
366 2213 521 2280 Pervenit
544 2239 585 2279 ex
618 2216 708 2279 hisee
732 2214 860 2280 actibus
892 2215 1054 2298 flagitium
1079 2213 1161 2279 illud
1184 2213 1227 2278 ad
1250 2211 1341 2276 multi·

248 2309 372 2375 tudinis
387 2315 546 2397 notitiam,
563 2336 785 2399 magnumque
802 2312 993 2378 scandalum
1010 2323 1159 2376 exortum
1175 2322 1232 2376 est.
1257 2307 1340 2390 Quod

248 2416 285 2471 ut
325 2411 454 2475 sedaret
485 2414 676 2495 Nectarius,
710 2433 811 2498 quum
846 2435 945 2476 eausa
977 2410 1124 2475 scandali
1150 2412 1289 2474 maxime
1309 2427 1340 2468 ea

248 2509 385 2571 tuissent
408 2533 492 2595 quae
515 2514 641 2575 ratione
672 2510 866 2597 disciplinae
897 2509 983 2575 illius
1013 2508 1167 2595 publicae
1190 2507 1340 2594 poeniten·

247 2607 312 2670 tiae
336 2619 523 2692 evenerant,
549 2609 718 2697 (videlieet
737 2611 862 2673 crimen
876 2609 1006 2673 diaconi
1023 2629 1099 2671 cum
1124 2605 1257 2670 muliere
1278 2624 1340 2687 poe·
1382 2661 1383 2666 ,

246 2705 419 2769 nitentiam
445 2711 638 2772 canonicam
662 2717 849 2793 peragente,
875 2707 1080 2770 denuntiatio
1105 2705 1245 2784 diaconi,
1268 2721 1339 2787 quae

248 2804 280 2865 vi
306 2825 468 2869 canonum
499 2806 782 2892 poenitentialium
816 2805 1108 2890 apoenitentiario
1132 2803 1271 2868 feminae
1292 2801 1339 2860 im·

247 2903 351 2985 posita
376 2913 454 2985 erat,
479 2906 550 2990 ipsa
573 2907 741 2990 inquisitio
761 2906 795 2968 in
811 2905 986 2968 diaconum
1011 2903 1147 2989 ejusque
1170 2894 1339 2986 depositio).

248 2999 456 3085 disciplinam
481 3002 570 3066 illam
594 3002 761 3088 publicam
781 3003 1002 3087 poenitentiae
1026 3010 1058 3064 et
1081 3023 1200 3065 munus
1221 2995 1339 3084 presby·

247 3101 307 3161 teri
322 3101 545 3184 ponitentiarii
561 3100 774 3187 abrogavitss).
795 3139 838 3147 —
853 3101 945 3164 Haec
961 3100 1148 3185 explicatio,
1164 3098 1210 3161 uti
1218 3097 1287 3182 jam
1302 3095 1340 3155 iu-

247 3198 379 3260 nuimus
393 3198 572 3284 probabilis
588 3209 644 3281 est,
667 3198 767 3262 habet
781 3207 890 3262 tamen
915 3221 974 3262 sua
991 3195 1207 3261 incommoda.
1245 3193 1339 3269 Aegra

247 3297 335 3359 enim
359 3296 559 3381 intelligitur,
584 3298 713 3362 mulieri
736 3299 860 3382 imponi
889 3299 1043 3382 potuisse,
1068 3306 1105 3358 ut
1127 3289 1277 3358 tribunali
1299 3309 1339 3350 ec-

248 3392 428 3459 clesiastico
461 3419 499 3459 ea
530 3397 656 3460 ratione
689 3395 882 3481 complicem
916 3394 1134 3474 denuntiaret,
1169 3401 1203 3456 ut
1222 3389 1338 3453 actione

248 3495 281 3557 in
305 3515 380 3556 eum
404 3495 562 3576 instituta,
587 3505 657 3558 tum
686 3494 805 3557 mulier
835 3494 905 3578 ipsa
924 3494 1149 3573 infamaretur,
1173 3500 1238 3552 tum
1261 3505 1339 3550 sean-

248 3590 359 3655 dalum
382 3592 551 3677 publicum
580 3594 728 3656 oriretur.
775 3592 898 3656 Verum
930 3591 1064 3676 quidem
1089 3599 1147 3672 est,
1172 3585 1253 3674 quod
1276 3603 1338 3646 auc·

247 3699 297 3754 tor
320 3691 472 3772 advertit,
498 3713 538 3754 ex
563 3693 698 3776 antiqua
723 3688 897 3775 disciplina
922 3691 1071 3753 conscios
1095 3689 1264 3752 criminum
1287 3677 1339 3744 sub

323 3827 340 3894 ¹)
360 3825 493 3891 Erlauger
512 3823 668 3878 Zeitschriit
685 3821 730 3876 fiir
749 3821 997 3886 Protestantismus‚
1018 3822 1100 3888 1860;
1119 3839 1160 3890 ap.
1180 3817 1271 3873 Frank
1288 3815 1338 3868 l-t·

247 3921 271 3972 p.
294 3907 351 3968 184,
370 3920 438 3970 sqq.;
458 3903 496 3956 ibi
515 3904 597 3957 etiarn
616 3903 686 3957 alias
704 3903 895 3971 explicationes
908 3903 1044 3956 variorum
1056 3907 1192 3956 auctorum
1208 3913 1271 3966 quae
1287 3909 1338 3961 pta

247 3985 381 4054 posuimus
399 3983 528 4038 invenies.

321 4069 347 4133 ¹)
365 4065 408 4120 Ad
425 4066 494 4118 hane
520 4064 751 4120 denuntiationem
779 4070 843 4132 apte
870 4064 987 4118 retertur
1010 4063 1120 4118 verbum
1138 4057 1340 4129 serapimtss

246 4147 388 4202 &nomano
407 4146 563 4199 adhibitum.
901 4225 907 4236 ι
985 4225 991 4236 Ι

320 4229 343 4294 ⁸)
362 4226 472 4290 Biston,
492 4227 545 4280 Zur
555 4224 713 4280 Gescbichte
731 4225 777 4280 der
786 4225 881 4280 Beicht
900 4242 936 4279 rm
946 4225 1042 4278 Onent
1060 4221 1182 4278 wttlrrend
1198 4219 1240 4272 der
1257 4221 1337 4268 ersten
1382 4247 1383 4300 ,

248 4307 306 4366 tier
324 4307 532 4362 Jahrhunderte.
551 4307 729 4362 Innsbrucker
747 4305 826 4360 theol.
846 4305 1002 4360 zeitschrift
1020 4306 1042 4362 L
1062 4305 1087 4360 S.
1105 4307 1163 4360 410,
