2790 4812
183 368 238 422 tto
466 365 507 421 De
524 365 677 422 Munimc
694 383 727 422 ac
745 367 778 422 de
796 366 875 422 cona
894 365 1019 423 Nicaeno.

185 512 314 574 stituere
337 509 496 589 circellum,
520 533 560 574 ecc
582 533 641 596 qao
665 511 840 598 eccmplwm
862 513 897 575 iu
921 534 1022 576 canoa
1043 513 1181 598 reliquos
1201 516 1306 600 yifflre·

186 618 280 672 retur.
327 609 421 672 Hraac
444 609 594 674 circulum
615 604 930 674 dhonecdecadteridu
951 609 1221 698 nuncupamafl).

53 711 162 812 “qu
277 706 350 772 107.
383 705 541 770 Diximus
578 708 739 792 superius,
772 706 888 770 saltem
920 707 1071 794 implicite
1103 732 1123 772 a
1156 707 1305 775 Concilio

185 804 333 869 Nicaeno
366 803 497 889 cyclum
534 804 627 870 illum
659 803 848 890 paschalem
880 805 1112 870 novemdecim
1143 829 1305 872 annorum

186 901 379 987 adoptatum
412 925 483 968 esse
515 923 552 968 eo
592 904 682 988 ipso,
716 901 805 988 quod
838 905 1117 989 computationem
1149 904 1307 969 ccclesiae
1361 969 1362 974 ,

187 998 436 1070 Alexandrinae
464 1002 697 1082 committeret,
735 999 793 1064 ubi
835 998 891 1064 hic
923 1002 1038 1086 cyclus
1069 1003 1140 1088 jam
1177 1004 1213 1066 in
1246 1023 1306 1066 usu

188 1106 266 1162 erat.
312 1097 353 1161 In
390 1099 527 1183 ancipiti
566 1097 784 1184 relinquimus
824 1101 1065 1185 quaestionem,
1105 1109 1216 1165 utrum
1254 1122 1306 1164 ex·

189 1216 298 1281 presse
338 1196 439 1260 etiam
474 1194 565 1260 hunc
601 1196 732 1281 cyclum
767 1199 984 1283 proposuerit,
1017 1199 1065 1263 uti
1098 1197 1131 1263 S.
1169 1197 1306 1263 Ambro-
1361 1199 1362 1212 ¹

188 1296 256 1358 sius
280 1294 457 1360 existimat.
488 1293 834 1360 Animadvertendum
849 1295 1006 1360 videlicet
1028 1304 1087 1378 est,
1111 1296 1212 1359 etiam
1236 1305 1307 1381 post

188 1390 375 1456 Concilium
389 1391 575 1456 Nicaenum
599 1391 781 1457 identidem
801 1392 1027 1458 diversitatem
1051 1395 1086 1456 in
1110 1391 1306 1458 celebrando
1361 1407 1362 1486 y

187 1489 350 1554 Paschate
373 1491 564 1554 occurrisse.
612 1489 749 1556 Sublata
781 1490 916 1576 quidem
948 1491 1012 1554 fuit
1045 1491 1193 1555 maxima
1217 1503 1306 1576 purte

190 1587 567 1668 Quartodecimunorum
591 1588 804 1669 consuetudo,
838 1588 897 1653 sed
920 1591 1012 1654 vario
1037 1588 1135 1653 modo
1157 1609 1307 1672 perrexe
1361 1605 1362 1680 3

188 1695 267 1750 runt
289 1696 481 1772 computare
513 1687 761 1772 aequinoctium
791 1685 1011 1752 Alexandrini
1043 1685 1075 1750 d.
1109 1685 1150 1749 21
1184 1687 1305 1766 Mar-tii,
1361 1691 1362 1756 l

189 1785 330 1849 Romani
359 1784 413 1849 die
438 1785 479 1849 18
507 1785 630 1850 Martii.
681 1783 760 1850 Sive
790 1805 957 1870 supponas
979 1783 1228 1850 Alexandrinos
1257 1805 1307 1848 ne·

189 1882 331 1967 glexisse
355 1881 503 1948 indicare
527 1881 616 1946 diem
638 1881 821 1961 Paschatis,
853 1884 924 1947 sive
948 1904 1084 1949 censeas
1107 1904 1128 1946 a
1150 1882 1307 1946 Romanis

190 1979 426 2044 indicationem
451 1978 616 2045 interdum
649 1989 687 2043 ut
716 2001 887 2045 erroneam
916 2001 984 2046 non
1007 1981 1109 2045 fuisse
1131 1987 1305 2066 receptam,
1361 2037 1362 2072 4

191 2078 355 2163 colligitur
382 2099 425 2142 ex
448 2077 587 2163 antiqua
617 2077 731 2142 tabula
763 2077 926 2162 paschali,
959 2079 1084 2143 Romae
1116 2075 1213 2140 brevi
1237 2085 1307 2163 post

192 2175 378 2242 Concilium
401 2175 587 2240 Nicaenum
607 2177 709 2240 variis
732 2176 838 2256 annis,
863 2175 989 2240 scilicet
1011 2177 1108 2240 annis
1131 2175 1209 2256 326,
1234 2174 1305 2254 330,
1361 2221 1362 2236 ,

190 2275 265 2354 333,
299 2274 375 2356 340,
409 2274 484 2355 341,
517 2273 593 2354 343,
626 2272 691 2337 alio
725 2273 779 2337 die
811 2272 941 2338 Pascha
973 2273 1174 2338 celebratum
1209 2272 1306 2337 fuisse
1361 2319 1362 2370 l

192 2393 291 2457 quam
315 2370 550 2436 Alexandriae.
596 2369 636 2436 In
667 2369 816 2435 Concilio
850 2369 1038 2436 Sardicensi
1071 2371 1208 2456 quidem
1238 2390 1307 2433 cou-
1361 2387 1362 2458 y

193 2470 396 2535 cessionibus
419 2470 543 2534 mutuis
560 2476 787 2534 convenerunt
801 2467 843 2532 de
866 2467 921 2532 die
934 2466 1107 2534 Paschatis
1129 2488 1189 2554 pro
1215 2469 1306 2532 iuter·
1361 2465 1362 2520 i

193 2566 278 2632 vallo
302 2569 544 2654 quinquaginta
566 2587 738 2647 annorum,
763 2565 820 2630 sed
835 2587 938 2651 quum
961 2565 1058 2652 paulo
1082 2576 1157 2652 post
1179 2575 1308 2652 propter
1361 2593 1362 2604 ¹

192 2665 419 2730 Arianismum
443 2665 670 2729 vehementior
693 2673 777 2730 esset
800 2663 975 2752 discordia¹
988 2665 1074 2728 inter
1094 2663 1307 2729 Occidentem

193 2773 225 2828 et
257 2764 437 2845 Orientem,
471 2785 568 2848 quae·
589 2771 711 2826 statuta
744 2771 855 2844 erant,
889 2760 979 2826 haud
1018 2761 1194 2826 observata
1226 2772 1306 2825 sunt

193 2861 291 2926 Anno
325 2862 389 2926 387
413 2861 564 2942 Romani,
599 2881 701 2946 quum
731 2861 978 2946 aequinoctium
1016 2868 1249 2944 computarent
1279 2857 1306 2922 d.
1361 2923 1362 2936 ,

196 2961 236 3024 18
252 2957 519 3040 martianaeus
542 2956 751 3022 celebrarunt
773 2959 805 3023 e.
831 2959 871 3022 21
897 2955 984 3022 iuius
1007 2958 1144 3038 menen
1170 2957 1308 3022 Alexan-
1361 2937 1362 3004 l

194 3059 282 3122 drini
306 3078 384 3121 vcro
408 3057 655 3142 aequinoctium
679 3056 711 3122 d.
736 3057 776 3120 21
794 3057 904 3120 Martii
929 3064 1169 3141 computantes,
1185 3054 1308 3121 Pascha

195 3155 403 3221 celebrarunt
426 3155 480 3220 die
513 3155 555 3219 25
587 3153 723 3240 Aprilis,
757 3157 803 3220 ita
836 3162 872 3218 ut
895 3155 1043 3239 quinque
1065 3152 1306 3218 hebdomadum
1361 3153 1362 3180 ¹

194 3263 279 3318 essct
302 3253 497 3317 differentia.
544 3253 595 3316 Ea
618 3253 792 3318 occasione
819 3252 861 3316 dc
892 3252 956 3316 hac
979 3251 1171 3316 diversitate
1196 3255 1307 3316 iterum
1361 3315 1362 3322 ,

194 3361 305 3416 actum
321 3360 383 3432 cst,
398 3360 498 3438 atque
514 3353 660 3437 episcopi
675 3349 906 3433 Alexandrini,
922 3349 1125 3437 Theophilus
1137 3371 1180 3414 ac
1203 3357 1307 3435 postea

196 3448 349 3533 Cyrillus,
364 3449 494 3516 Latinis
510 3458 733 3535 exposuerunt
747 3471 872 3514 errores
888 3449 1143 3535 computationis
1158 3447 1306 3532 ipsorum.
1361 3461 1362 3478 ¹

194 3548 253 3612 Isti
268 3569 392 3612 errores
415 3549 516 3614 etiam
539 3547 607 3613 eS.
621 3546 809 3630 Ambrosio,
833 3569 873 3611 ac
896 3547 975 3612 dein
998 3547 1066 3612 aS.
1083 3545 1198 3610 Leone
1221 3545 1305 3610 Pont
1361 3605 1362 3642 ,

195 3647 300 3729 agniti
324 3653 416 3728 sunt,
441 3655 473 3710 et
492 3645 525 3712 S.
548 3646 617 3710 Leo
641 3643 766 3730 pluries
780 3644 1027 3727 Alexandrinis,
1053 3653 1246 3707 occurrente
1267 3639 1307 3704 di·
1361 3651 1362 3718 ,

196 3746 362 3825 versitate,
388 3767 422 3809 se
445 3744 675 3809 conformavit.

287 3842 360 3908 108.
384 3843 525 3907 Romani
549 3862 586 3906 co
610 3849 758 3925 tempore
790 3841 977 3922 utebantur,
1001 3840 1084 3904 forte
1107 3839 1185 3906 iude
1208 3859 1229 3900 a
1250 3836 1307 3900 linc

197 3939 318 4006 saeculi
342 3941 440 4023 tertii,
474 3937 567 4024 cyclo
599 3937 748 4024 paschali
780 3937 824 4003 84
855 3959 1032 4022 annorum,
1066 3939 1123 4023 qui
1156 3938 1192 4000 in
1215 3932 1306 3998 variis

274 4141 292 4212 ¹)
311 4140 398 4210 Epist
416 4142 451 4196 ad
469 4141 614 4212 Episcm
632 4140 771 4200 Aemiliae

1294 4327 1362 4776 l
