2810 4846
347 467 482 524 conam
500 473 669 536 peccatumu
686 468 840 526 venialiora
1096 475 1147 530 183

55 617 80 680 iu
107 614 184 680 Vita
207 614 246 680 B.
279 613 419 678 Joannis
441 609 569 697 Boni1).
618 612 760 696 ,Notum
793 621 851 696 est,
885 615 999 680 scribit
1022 616 1147 682 Auctor

53 712 135 798 hujus
157 712 268 794 Vitae,
294 709 530 776 confessionem
558 719 768 796 peccatorum
796 705 880 798 quae
903 713 1047 778 venialia
1070 715 1148 780 dici-

53 833 120 894 nus,
142 809 304 896 paulatim
329 810 415 872 inter
441 807 617 872 monachos
647 809 792 874 maxime
815 813 966 896 usurpari
990 815 1146 900 coepisse,

53 931 100 974 nec
121 909 237 994 primis
250 906 421 972 Ecclesiae
445 905 582 970 saeculis
599 907 808 970 consuevisse
831 907 911 990 fieri,
935 909 999 972 nisi
1023 911 1147 976 oblon-

53 1008 165 1071 tanistis
198 1006 291 1089 forte,
325 1013 362 1068 ut
394 1003 563 1068 contendit
597 1004 745 1070 Morinus
778 1004 830 1092 (L.
862 1005 906 1070 Π.
931 1028 958 1071 c.
989 1008 1020 1072 3.
1044 1030 1076 1072 n.
1101 1005 1145 1095 6),

52 1107 96 1190 qui
116 1103 333 1170 absolutionis
356 1101 569 1166 sacerdotalis
592 1101 775 1166 efficaciam
805 1104 840 1168 in
863 1105 1071 1188 gravioribus
1094 1105 1146 1172 dc-

8 1189 9 1250 Ϊ
52 1201 212 1288 negabant,
247 1210 279 1266 et
310 1223 331 1266 a
355 1197 533 1264 Catholicis
567 1199 665 1262 etiam
689 1199 771 1264 forte
794 1201 960 1268 nonnullis
983 1204 1040 1288 qui
1063 1205 1148 1268 inter

52 1299 109 1364 illos
130 1299 303 1364 vivebant.
349 1295 570 1381 Intelligimus
592 1305 702 1361 autem
727 1297 974 1383 confessionem,
999 1323 1083 1386 quae
1107 1301 1147 1366 do

53 1398 112 1462 solis
133 1396 322 1462 venialibus
354 1395 455 1462 fieret.
503 1395 715 1460 Manifestum
745 1404 795 1459 est
825 1398 923 1480 enirn,
956 1397 998 1464 ab
1023 1400 1063 1462 iis
1091 1400 1148 1485 qui

52 1507 169 1582 peccata
194 1518 255 1560 sua
279 1493 529 1574 confitebantur,
552 1493 761 1578 gravioribus
778 1496 877 1559 etiam
899 1494 1025 1560 leviora
1047 1497 1147 1561 fuisse

53 1593 173 1678 adjecta,
199 1615 240 1657 ea
263 1593 408 1658 maxime
431 1593 467 1656 iu
490 1589 610 1677 quibus
635 1599 704 1654 erat
725 1593 887 1677 gravioris
910 1592 1021 1659 delicti
1046 1597 1147 1681 suspi-

54 1693 99 1772 cio,
120 1701 178 1756 aut
203 1691 307 1756 dubia
330 1688 487 1755 haerebat
511 1690 722 1755 conscientia.
759 1690 890 1756 Deinde
914 1713 991 1754 vero
1015 1694 1147 1777 quando

53 1789 129 1874 lapan
150 1797 340 1874 temporum
368 1795 456 1852 certa
488 1809 546 1872 per
577 1809 701 1852 annum
732 1788 971 1880 confessionum
1001 1798 1148 1876 tempora

54 1887 149 1952 induci
171 1894 362 1971 coeperunt,
376 1884 476 1950 semel
492 1887 527 1950 iu
541 1907 638 1968 anno,
653 1893 712 1967 ter,
729 1895 853 1971 quater,
875 1895 906 1950 et
918 1890 1024 1952 sexies
1048 1890 1147 1954 etiam

55 2007 97 2068 pro
117 1983 309 2048 diversitate
331 1991 477 2048 aetatum
501 1992 534 2046 et
554 1982 710 2065 locorum,
744 1985 861 2048 iterum
890 1984 984 2048 multi
1007 1987 1147 2070 purioris

54 2083 123 2146 ritae
146 2081 286 2146 studiosi
310 2081 508 2145 accesserint
530 2080 620 2144 nulla
643 2079 718 2144 labe
740 2080 854 2146 lethali
877 2081 1063 2148 maculati.“

124 2181 175 2245 62.
203 2178 349 2262 „Verum
380 2179 468 2242 enim
492 2199 569 2242 vero
603 2177 637 2242 id
660 2179 746 2243 inter
772 2179 954 2244 saeculares
977 2201 1080 2265 usque
1103 2181 1146 2246 ad
1208 2211 1222 2239 n
1268 2197 1289 2238 u

55 2299 159 2342 aunum
182 2276 251 2342 800
275 2277 405 2340 circiter
428 2275 630 2340 ordinarium
645 2277 783 2340 minime
805 2276 877 2344 fuit.
904 2329 908 2339 .
935 2326 943 2341 .
971 2275 1146 2364 Quumque
1206 2271 1263 2300 ‘¹¹⁵'

55 2375 239 2462 temporibus
263 2373 337 2453 illis,
370 2373 566 2438 durantibus
597 2374 890 2458 persecutionibus,
923 2374 1054 2440 fervens
1077 2399 1147 2442 esse

56 2471 186 2538 debuerit
210 2471 473 2537 Christianorum
506 2470 631 2556 religio,
663 2473 745 2536 ratio
779 2472 988 2558 intelligitur,
1023 2496 1081 2538 cur
1112 2478 1146 2540 in

57 2569 146 2636 uultis
168 2570 266 2634 Actis
296 2580 478 2653 martyrum
508 2578 541 2632 ct
570 2569 657 2634 Vitis
688 2567 884 2636 Sanctorum
915 2571 997 2636 nihil
1021 2573 1148 2658 legatur

57 2665 87 2729 de
105 2691 161 2733 usu
184 2668 383 2734 sacramenti
407 2669 638 2752 poenitentiae.
684 2667 725 2732 Id
755 2669 863 2753 ipsum
887 2669 1062 2753 respondet
1084 2670 1147 2734 Na-

58 2764 113 2828 talis
139 2765 333 2831 Alexander
365 2775 479 2830 contra
505 2763 660 2829 Dalleum
692 2762 873 2851 disputans.
923 2764 1014 2840 Quod
1046 2779 1148 2832 cutem

58 2862 227 2947 confusores
252 2875 281 2928 et
303 2874 465 2950 martrms,
481 2864 597 2948 inquit,
613 2861 822 2949 confessiones
839 2875 1038 2949 pcccatorum
1060 2865 1148 2951 epod

16 3036 19 3047 1
58 2961 210 3026 sacerdotes
236 2961 371 3026 edidisse
402 2984 466 3025 nou
498 2960 651 3046 leuantur,
675 2961 751 3046 quid
773 2963 908 3026 mirum?
944 2962 1082 3026 Peccatie
1106 2961 1147 3026 le·

59 3055 170 3122 tlolibru
183 3081 251 3124 auu
264 3069 355 3124 crased
362 3057 492 3146 polluti,
509 3081 587 3144 quac
603 3059 797 3146 confessione
811 3061 975 3146 espiuadu
989 3072 1096 3124 esseut.
1113 3110 1120 3124 .
1138 3110 1145 3126 .

16 3156 21 3171 “
60 3153 175 3237 laedit,
198 3157 284 3244 quod
306 3157 460 3244 wufeasio
476 3156 646 3222 venialium
658 3168 802 3222 uenerat
825 3158 902 3222 adeo
927 3159 961 3220 ia
983 3179 1042 3222 usu
1058 3161 1147 3244 prio-

58 3250 126 3316 ubas
154 3255 298 3320 saeculis.
335 3305 342 3319 .
377 3303 385 3320 .
419 3254 566 3341 Autiquis
590 3265 692 3318 cutem
716 3256 902 3342 temporibus
925 3255 1148 3340 consessionem

59 3349 168 3418 edebant
190 3352 292 3418 solum
313 3352 368 3416 ubi
397 3375 475 3438 opus
498 3362 575 3431 erut,
597 3353 633 3416 id
665 3362 710 3416 est
732 3375 799 3417 etms
822 3351 930 3417 lethali
952 3353 1056 3438 aliquo
1075 3376 1147 3439 pec-

15 3442 21 3527 ξ
59 3457 111 3509 coto
126 3450 265 3535 pollutos
288 3473 321 3514 uc
343 3449 570 3536 aymsccbouffl
574 3446 614 3536 ²).

15 3542 20 3551 '
130 3547 178 3614 63.
205 3547 292 3632 „Sed
324 3549 419 3613 nobis
451 3548 656 3633 potissimum
690 3547 731 3612 de
762 3547 931 3612 monachis
960 3569 1064 3612 sermo
1089 3559 1146 3614 est

61 3637 289 3711 Confitebantur
319 3645 354 3709 hi
386 3643 474 3708 levia
506 3668 565 3709 sua
597 3644 790 3730 quotidiana
827 3647 862 3709 in
895 3645 1057 3731 capitulo,
1091 3655 1148 3711 aut

61 3757 149 3806 coram
171 3743 301 3824 abbate,
326 3753 383 3808 aut
398 3744 516 3829 priore,
533 3742 587 3807 vel
601 3744 700 3806 etiam
721 3742 784 3807 sibi
808 3744 964 3808 invicem.
989 3744 1044 3808 Sic
1059 3746 1146 3808 enim

62 3837 154 3903 scribit
184 3841 287 3906 Jonas
320 3839 568 3906 Aurelianensis
600 3842 771 3926 episcopus
800 3839 929 3906 saeculo
953 3841 1021 3906 IX:
1046 3843 1147 3906 Moris

121 4089 138 4155 ι)
155 4088 222 4142 Acta
249 4088 420 4156 Sanctorum,
444 4087 536 4143 Octob.
556 4087 587 4143 Τ.
606 4087 654 4142 ΙΧ.
673 4087 740 4142 Vita
766 4089 792 4144 S.
811 4088 924 4143 Joaunis
941 4088 1019 4154 Boni,
1039 4091 1147 4143 auctore

14 4230 18 4252 μ
64 4159 85 4213 Ρ·
100 4165 126 4220 F-
142 4167 304 4238 Oamentiu,
323 4169 367 4224 die
384 4171 420 4224 22
438 4168 496 4224 Oct
515 4183 539 4238 p.
560 4169 620 4224 722.

122 4247 140 4318 ¹)
155 4249 187 4305 In
204 4265 271 4306 saec
290 4249 364 4306 xlv.
383 4250 453 4306 Diss.
472 4249 546 4303 XIV.
565 4249 589 4320 §-
608 4250 650 4304 26.
