2806 4848
431 483 581 538 canoniam
600 483 775 542 Seleucianae,
1125 483 1156 538 91

62 631 262 693 baoemuion
285 626 508 713 reprobantes,
524 626 746 712 deposuerunt
765 639 798 693 et
820 633 1158 696 excommunicarent.

62 727 192 791 Aeacius
215 748 293 790 vero
317 725 439 810 aliique
462 727 697 790 convenientes
721 725 1038 814 Constantinopolim
1053 729 1158 792 blace-

62 825 183 890 doninm
214 823 395 905 CPtanum,
426 823 585 888 Basiliam
616 823 833 909 Ancyranum
860 824 1006 911 aliosque
1036 825 1159 890 Semia-

60 925 157 987 rianos
179 923 411 1009 deposnerunt,
444 923 635 1006 proscriptis
667 921 804 988 vocibus
836 923 1012 988 nahatcatia
1036 933 1068 988 et
1090 923 1159 988 auh-

61 1023 191 1084 niateats'c
227 1020 471 1084 Ariminensem
502 1019 676 1085 formulam
709 1021 959 1102 confirmarunt,
990 1031 1089 1107 atque
1107 1021 1159 1107 ju·

61 1129 147 1183 vante
170 1117 374 1198 Constantio,
398 1117 554 1182 smaltis
586 1119 749 1204 episcopis
773 1118 987 1184 orientalibus
1010 1119 1159 1184 obtinue-

58 1227 143 1296 mnt,
171 1228 208 1281 nt
229 1216 309 1282 huic
331 1215 490 1280 formidas
522 1215 748 1282 adhaererent.
772 1217 961 1299 Eudoxius,
986 1216 1157 1282 deturbato

57 1314 251 1394 llacedonio,
275 1315 398 1378 invasit
420 1313 532 1378 sedem
556 1313 963 1402 Constantinopolitanam
983 1314 1159 1381 Antioche·

57 1435 123 1476 nam
146 1413 276 1497 accepit
306 1411 474 1494 Meletius,
499 1433 563 1497 quo
597 1411 690 1478 brevi
715 1423 788 1497 post
810 1411 852 1477 ob
876 1413 1057 1478 catholicae
1080 1413 1157 1478 fidei

56 1511 280 1596 professionem
304 1509 419 1596 ejecto,
443 1530 515 1573 eam
540 1512 663 1574 invasit
686 1511 831 1574 Euaoius
853 1511 1007 1576 Arianos.
1046 1510 1159 1592 Quum

57 1609 107 1670 hac
131 1610 259 1672 ratione
281 1618 352 1672 tum
377 1606 568 1673 Occidentis
591 1617 662 1672 tum
687 1607 831 1674 Orientis
855 1608 988 1694 plurimi
1012 1610 1157 1695 episcopi

56 1709 82 1770 in
101 1706 277 1770 formulam
290 1706 537 1772 Ariminensem
552 1707 802 1788 consensissent,
814 1707 1021 1772 Arianismus
1044 1731 1073 1772 a.
1090 1708 1157 1772 360

54 1805 88 1867 ad
111 1805 281 1889 fastigium
305 1826 382 1869 suae
407 1805 641 1869 dominationis
664 1806 853 1889 pervenisse
877 1804 1061 1870 videbatur.

134 1903 187 1967 12.
212 1901 277 1966 Sed
300 1925 387 1967 anno
411 1903 473 1967 361
500 1903 554 1967 die
581 1904 601 1966 3
625 1901 823 1966 Novembris
846 1912 983 1966 mortuus
1007 1914 1053 1966 cet
1080 1900 1325 1968 Coo-Jelhwbr·

53 2003 179 2064 rmntios
193 2001 386 2085 Imperator,
402 2000 538 2087 ejusque
552 1999 644 2064 obitu
664 2008 771 2064 sectae
787 2001 985 2064 Asianorum
1000 1999 1156 2064 acerbum

54 2099 165 2164 vulnns
188 2098 362 2164 inflictum.
408 2099 494 2163 Nam
517 2099 589 2185 ejus
612 2119 780 2164 successor
802 2098 956 2162 Julianus
980 2119 1040 2162 nec
1064 2097 1156 2162 Aria·

54 2219 103 2262 nos
131 2219 195 2262 nec
228 2194 414 2262 Catholicos
445 2199 479 2261 in
509 2218 602 2260 suam
631 2195 768 2262 nitelam
791 2197 931 2280 recepit,
956 2197 1021 2260 imo
1045 2195 1158 2260 exules

52 2316 156 2359 omnes
179 2295 351 2380 episcopos
366 2295 474 2360 redire
492 2295 600 2380 jussit,
621 2305 658 2359 ut
679 2315 749 2358 rom
765 2293 1026 2358 Christianorum
1050 2293 1158 2359 dome-

7 2421 9 2490 ,
52 2395 133 2457 sticis
157 2391 273 2456 litibus
295 2392 533 2479 pessumdaret.
565 2393 617 2458 Ita
640 2393 765 2458 factum
790 2403 846 2473 est,
872 2400 909 2455 nt
931 2401 978 2456 tot
1001 2392 1158 2458 ecclesiae

7 2499 9 2546 ἓ
53 2491 202 2556 viduatae
226 2493 419 2576 praesertim
441 2493 477 2556 in
493 2491 674 2557 Occidente
698 2511 773 2554 suos
796 2491 978 2574 reciperent
1002 2499 1156 2576 pastores,

7 2605 8 2662 j
54 2611 84 2652 ac
107 2589 242 2675 plurimi
265 2589 464 2654 Asianorum
490 2598 577 2654 metu
608 2588 691 2674 lapsi
720 2596 964 2652 reuerterentur
985 2588 1029 2652 ad
1052 2599 1158 2652 castra

7 2759 8 2762 Ἴ
54 2685 310 2770 Catholicornm3
342 2689 398 2773 qui
429 2687 512 2752 nihil
543 2689 648 2773 magis
679 2696 845 2766 curarunt,
870 2707 968 2771 quam
992 2697 1029 2750 ut
1051 2683 1158 2750 allatis

54 2786 137 2850 malis
161 2785 382 2868 mederentur,
406 2795 440 2850 et
462 2807 517 2850 eos
537 2809 619 2872 quos
633 2786 833 2850 Arianorum
858 2786 908 2848 vis
932 2784 984 2848 vel
1008 2783 1158 2848 fallaciae

53 2883 88 2948 ad
117 2895 251 2970 tempus
281 2883 497 2964 seduxerant,
530 2907 605 2950 cnm
635 2882 785 2950 Ecclesia
817 2881 1077 2947 reconciliarent.
1124 2882 1156 2948 S.

53 2981 247 3046 Athanasius
262 2981 501 3046 Alexandriam
523 2982 629 3048 redux
653 3005 682 3046 a.
698 2981 763 3046 362
788 2981 1015 3065 episcoporum
1039 2981 1158 3064 viginti

52 3081 209 3162 synodum
234 3081 352 3164 coligit,
377 3081 412 3145 in
435 3102 500 3165 qua
525 3081 739 3144 constitutum
762 3087 820 3160 est,
845 3089 881 3142 ut
903 3077 1002 3163 lapsis
1027 3079 1059 3141 in
1084 3076 1157 3142 hee-

52 3180 140 3242 reeim
174 3177 259 3259 Arii,
294 3179 319 3242 si
354 3180 472 3242 emeris
503 3188 561 3242 aut
593 3179 771 3263 impietatis
804 3176 987 3262 cujuspiam
1015 3175 1158 3240 artifices

51 3287 259 3362 auctoresque
283 3276 430 3356 fuissent,
464 3277 562 3340 venia
586 3275 720 3362 quidem
751 3273 943 3359 rogantibus
967 3275 1157 3340 concedere-

52 3385 107 3453 tur,
130 3373 189 3438 sed
212 3373 256 3438 ab
281 3375 399 3438 officiis
422 3374 588 3440 deturbati
613 3375 676 3460 ipsi
702 3375 787 3438 inter
808 3373 909 3436 laicos
934 3383 1156 3457 computaren-

52 3486 113 3554 tur3
137 3475 189 3536 ain
214 3471 344 3557 decepti
370 3481 402 3536 et
430 3474 500 3536 vim
523 3473 611 3558 passi
642 3493 680 3536 eo
711 3470 854 3557 prolapsi
879 3481 997 3550 essent,
1023 3478 1059 3534 ut
1082 3493 1157 3536 cum

52 3568 218 3635 haereticis
248 3572 512 3636 communionem
543 3581 576 3636 at
605 3572 793 3636 societatem
824 3568 999 3648 haberent,
1025 3569 1157 3634 veniam

51 3668 207 3734 stlocum
231 3671 405 3755 pristinum
429 3672 464 3735 in
488 3669 574 3734 clero
607 3691 678 3734 esse
703 3666 961 3748 concedendum,
986 3687 1024 3730 ea
1047 3676 1157 3730 tamen

51 3763 114 3850 lege
143 3767 367 3833 admittendos
397 3789 467 3832 esse
500 3777 708 3848 censuerunt,
739 3778 775 3830 ut
803 3765 965 3830 haeresim
997 3762 1157 3828 Arianam

52 3863 251 3932 damnarent.
307 3865 434 3930 Eadem
472 3869 599 3930 ratione
632 3867 731 3930 etiam
765 3866 798 3928 in
832 3861 1014 3928 Occidente
1046 3873 1157 3928 actum

51 3973 101 4026 cst
148 3963 274 4028 Liberii
307 3963 370 4028 hac
403 3967 436 4028 in
462 3985 496 4028 re
520 3966 682 4028 maximas
714 3971 822 4048 partes
853 3960 954 4023 fuisse
984 3983 1025 4022 ex
1057 3963 1157 4026 variis

51 4059 251 4127 documentis
276 4061 456 4148 colligitur,
481 4064 510 4126 oi
535 4071 644 4126 autem
662 4060 808 4125 subsidio
823 4057 956 4122 fuerunt
979 4059 1156 4146 praecipue

52 4158 79 4222 S.
102 4159 266 4226 Eusebius
290 4159 508 4227 Vercellensis
531 4169 564 4224 et
578 4160 611 4226 S.
627 4159 784 4242 Hilarius,
809 4161 865 4245 qni
889 4155 1052 4242 legatione
1068 4158 1156 4245 Apo·

52 4257 179 4323 stolicae
201 4259 296 4326 Sedis
319 4259 423 4324 functi
448 4281 518 4324 esse
542 4258 707 4323 videntur.
