2836 4804
380 441 420 496 De
439 439 546 496 Oenone
564 439 697 509 vigesimo
715 447 819 494 octavo.
1104 439 1158 494 309

55 585 159 650 scribit
181 584 224 649 ed
247 585 465 664 Marcianum,
485 582 615 649 CPtona
626 585 738 648 ciuitas
751 583 885 671 gloriam
904 605 1002 663 unm,
1027 607 1064 647 ne
1081 606 1158 670 pro-

60 695 162 770 tegente
185 683 317 747 deaetsro
339 682 403 746 Dei
425 682 574 746 diuturno
606 681 786 746 clementias
808 691 929 746 uestrae
944 682 1082 769 fiuotrsr
1103 683 1159 746 irn-

55 782 143 867 perio.
174 779 254 844 Alia
276 790 379 844 mesen
402 789 448 843 est
469 781 553 842 ratio
576 774 680 844 rerum
702 779 920 860 saecularium,
944 781 1014 844 alio
1036 781 1159 846 divina-

19 933 20 936 ,
58 902 123 957 run,
145 901 202 942 nec
218 887 349 964 praeter
371 874 462 942 illam
473 887 607 963 petram,
622 877 881 963 quamDorninus
903 877 1158 963 insundamento

19 999 20 1054 t
54 977 159 1060 posuit,
183 973 309 1039 stabilis
333 975 392 1038 erit
413 974 484 1039 ulla
506 976 702 1040 oonstmctio.
750 975 828 1038 Non
850 975 1035 1060 dediqnetur
1058 973 1159 1062 (Ane-

59 1072 155 1159 tolins)
178 1073 298 1157 esaiam
321 1073 486 1151 ciuitaunu
510 1095 602 1158 quom
618 1072 824 1157 apostolicam
846 1095 910 1138 non
927 1084 1033 1159 potest
1047 1074 1160 1160 saone

19 1211 20 1220 κ
19 1168 191 1256 slew).
225 1207 269 1218 —-
292 1170 331 1234 2⁰
359 1167 527 1235 Oenonsm
551 1170 651 1234 istum
665 1171 787 1255 opponi
806 1169 939 1255 juribus
961 1169 1160 1256 patriercha-

19 1259 21 1360 i
56 1289 119 1332 rum
148 1267 349 1352 reliquorum
372 1276 470 1352 utque
492 1269 680 1352 primatum,
703 1289 833 1332 necnon
857 1267 996 1332 decretis
1020 1266 1159 1333 Consilii

19 1365 194 1431 tNiceeni.
243 1365 319 1429 Non
342 1364 567 1443 conuellantur,
589 1363 712 1446 scribit,
731 1366 1014 1450 prouincialium
993 1389 1073 1456 yssro
1090 1367 1160 1452 pri-

19 1453 21 1522 i
58 1475 170 1544 merus,
195 1487 253 1528 nec
261 1462 442 1548 privilsqiis
457 1464 632 1548 antiquitus
647 1463 802 1526 institutis
815 1463 1050 1548 oniropolitani
1064 1463 1160 1550 frau-

19 1535 21 1614 i
57 1561 158 1626 lentur
180 1561 350 1626 antistites.
398 1559 492 1624 Nibil
523 1559 766 1626 Alexandrinae
798 1560 867 1624 sedi
889 1565 966 1650 ejus,
990 1583 1080 1646 quam
1099 1583 1162 1646 per

19 1657 84 1722 8
93 1661 235 1724 Mercrius
245 1657 487 1743 annyslistarn,
499 1657 537 1722 Β
545 1659 634 1721 Petri
647 1657 836 1743 discipulum
845 1659 959 1723 meruit
957 1659 1161 1746 ,perendia-

57 1759 166 1836 nitatis,
199 1779 256 1820 nso
289 1757 442 1820 Dioscoro
474 1756 647 1841 impietatis
679 1777 753 1818 suae
775 1755 958 1840 pertinacia
989 1767 1160 1834 wrruente,

19 1911 20 1918 ,
57 1854 195 1939 splendor
219 1865 326 1918 tantae
349 1853 495 1918 ecelesias
529 1852 663 1918 tenebris
695 1851 872 1916 obscuretur
895 1853 1017 1918 alienis.
1051 1853 1161 1918 Antio-

19 1949 20 1956 *
57 1951 141 2016 ebena
163 1973 282 2038 quoqrw
305 1951 445 2030 ecclesio,
476 1953 511 2014 in
535 1973 597 2036 qna
622 1951 764 2036 primum
780 1950 991 2036 praedicante
1013 1951 1051 2015 B.
1075 1949 1161 2036 Apo·
1240 2009 1243 2015 ,

56 2049 124 2114 stolo
146 2051 242 2113 Petro
265 2049 468 2114 cbristiomon
490 2071 601 2114 nornen
615 2058 757 2112 coortum
779 2059 834 2126 est,
858 2049 895 2111 in
911 2058 1068 2133 paternae
1092 2070 1161 2112 con·

19 2149 220 2212 stitutionis
236 2146 346 2210 ordine
356 2155 543 2232 perseueret,
560 2147 618 2209 et'
603 2167 639 2209 sn
656 2145 760 2229 arada
783 2147 874 2209 tertio
897 2143 1060 2224 collocata,
1084 2169 1161 2208 nnn·

55 2267 137 2328 aaa
168 2267 201 2308 se
226 2244 291 2328 fiat
322 2243 467 2329 inferior.
515 2241 615 2308 Aliud
638 2253 710 2307 unet
733 2244 815 2306 enin
837 2243 934 2321 sedes,
959 2242 1049 2307 aliud
1066 2265 1162 2330 prae·

55 2342 192 2420 rideam
226 2352 256 2406 et
286 2363 417 2428 maynus
446 2342 611 2426 unicuiqae
643 2341 741 2404 bonor·
778 2349 824 2404 est
860 2341 1026 2427 intem-itas
1063 2338 1162 2424 suff).

59 2476 93 2486 -
114 2441 153 2504 3⁰
183 2439 296 2504 Etiam
330 2437 460 2502 decreto
493 2439 722 2523 episcoporum
754 2437 965 2502 orientalium
978 2483 980 2486 -
994 2438 1073 2502 enni
1097 2438 1161 2501 381

19 2527 21 2592 l
57 2537 193 2602 Anatolii
226 2537 486 2623 praetentionsm
518 2557 585 2599 non
608 2556 702 2620 posse
731 2535 851 2618 fnlciri,
876 2556 977 2620 quum
1003 2533 1082 2598 illud
1109 2534 1162 2598 ds-

19 2645 174 2699 crstnm
196 2656 367 2720 nunquam
390 2657 411 2698 a
427 2633 512 2699 Sede
526 2633 675 2698 Romans
693 2634 842 2716 agnitum
866 2633 916 2696 sit.
961 2631 1165 2696 Persuasioni

19 2733 129 2814 ³tuee,
153 2732 269 2797 scribit
291 2731 334 2796 sd
356 2730 590 2812 Anatolium,'
576 2755 611 2795 sn
623 2730 713 2794 nullo
723 2732 852 2816 penitus
874 2728 1069 2816 saffrayetsn·
1091 2751 1163 2814 qno

19 2827 20 2888 l
57 2784 191 2896 madum
215 2831 429 2916 episcoporum
452 2838 526 2892 ante
558 2830 736 2913 senayinto,
758 2837 795 2892 ut
809 2831 928 2916 jactas,
952 2850 1053 2892 annos
1067 2826 1163 2912 sacta

19 2901 21 2982 i
55 2929 246 3015 eomuiptio,
269 2949 428 3012 nunquan
451 2950 473 2990 a
489 2923 787 3039 praedecessoribus
809 2925 872 2988 tuis
894 2924 939 2988 ad
961 2923 1163 3011 Apostolicas

57 3023 139 3090 Sedis
164 3027 352 3090 trennnissa
374 3025 531 3103 notitiam,
554 3047 605 3088 cus
599 3023 659 3086 ob
683 3023 777 3085 initio
799 3022 851 3084 sui
873 3021 1009 3086 caducus
1033 3021 1163 3086 dedun-

55 3145 104 3204 qus
127 3123 303 3209 eodapsac,
327 3145 399 3186 sera
420 3145 504 3186 nune
527 3131 557 3184 ot
579 3117 710 3185 insulis
732 3118 882 3207 subjicere
898 3119 1090 3206 fislcinsenta
1113 3141 1163 3184 uo-

56 3217 145 3299 luisti,
171 3220 324 3285 eliosbndo
357 3243 378 3283 a
392 3217 558 3305 fratribus
581 3219 713 3304 speciem
744 3217 966 3295 consensionis,
990 3239 1083 3302 quoru
1107 3215 1165 3279 tibi

57 3318 86 3380 in
100 3341 188 3382 suam
209 3319 362 3407 iny'ssrians
384 3316 727 3402 saecundiafotiqota
737 3310 947 3400 praeterat).
962 3313 1041 3376 -4
1086 3311 1163 3376 Am·

58 3412 174 3482 bitions
196 3414 343 3480 Anatolii
368 3417 465 3478 istam
488 3413 714 3478 definitionem
747 3432 816 3476 esse
840 3419 1035 3496 susceptam,
1060 3429 1164 3494 seque

57 3512 204 3576 ecclesius
223 3512 372 3594 turbari,
405 3511 515 3597 plures
546 3531 624 3574 vero
648 3511 819 3595 episcopos
852 3507 1087 3593 depravatione
1110 3506 1164 3570 vel

59 3621 139 3674 metu
163 3609 323 3676 adductos
346 3631 425 3692 esse,
457 3617 493 3673 ut
515 3607 769 3672 subscriberent.
816 3605 880 3670 His
902 3616 1014 3686 autern,
1039 3604 1164 3684 scribit,

53 3719 179 3793 popter
205 3731 284 3796 quae
317 3717 408 3772 tanto
434 3706 532 3792 sacta
561 3716 608 3770 est
638 3705 834 3792 oon9re9atio
868 3703 1063 3768 sacerdotum
1086 3701 1165 3765 borso

58 3814 83 3866 st
103 3803 239 3890 optabili
255 3805 320 3889 ybas
344 3805 531 3890 compositis,
563 3805 661 3867 miror
684 3812 713 3866 et
737 3800 836 3880 doleo,
859 3801 943 3886 quod
960 3823 1074 3886 paoem
1095 3799 1165 3862 uni·

58 3901 182 3966 casalis
213 3901 374 3966 Ecclesiae
409 3901 562 3966 stantun
596 3900 803 3986 resonantem
840 3895 1022 3962 ambitionis
1055 3917 1167 3960 nieme

19 4003 21 4048 t

19 4049 21 4084 t

127 4139 291 4210 ium
714 4133 1060 4205 uunmmm

126 4217 510 4288 mmmmffl.
