2836 4804
91 993 185 1043 Epistola
206 991 231 1031 nd

98 1055 217 1095 Flavianum
276 1085 282 1100 .

97 3551 240 3600 Pseudoanto-

106 3614 144 3653 dus
161 3613 236 3663 Ephes.

248 451 301 504 279
604 451 645 503 lle
662 450 781 506 Concilio
800 451 1019 506 chalcedonensi.

250 596 375 658 naturis
399 603 552 657 accurate
576 615 751 678 exponere,
785 605 818 658 et
841 596 1042 662 auctoritate
1066 615 1193 656 summa
1215 615 1252 656 ea
1274 615 1349 678 prue-

250 693 355 774 linire,
380 713 465 777 quae
489 691 551 754 hoc
584 693 618 754 iu
643 715 678 756 re
711 692 854 757 tenenda
884 703 987 772 erant,
1012 693 1058 755 ita
1083 690 1214 776 quidem
1237 701 1271 753 nt
1291 713 1350 754 ncr-

252 811 339 852 mam
363 811 403 853 ac
426 789 574 874 regulam
608 791 669 874 ipsi
704 791 833 874 synodo
857 792 1097 876 praestituerat.
1146 788 1245 852 Dedit
1266 790 1352 872 igitur

253 887 369 950 iisdem
394 886 509 951 idibus
523 887 617 951 Junii
635 909 718 969 eam,
735 890 830 974 cujus
845 891 878 952 in
895 888 1121 973 superioribus
1143 885 1256 950 litteris
1278 907 1351 948 men-

251 987 374 1050 tionem
397 985 486 1062 facit,
522 984 769 1050 celeberrimam
795 987 971 1074 Ic'qtistolam
995 986 1205 1072 dopmotieam
1227 983 1268 1046 od
1288 983 1352 1046 Flo·

253 1105 386 1164 ocauom,
412 1085 446 1146 in
470 1104 536 1168 qua
552 1083 751 1148 catholicum
774 1085 1016 1150 incarnationis
1030 1085 1228 1148 Dominicac
1250 1083 1352 1166 dogma

252 1179 416 1244 uberrime
440 1179 631 1246 declaravit.
679 1183 772 1247 Haec
803 1191 913 1246 autem
947 1181 1094 1268 epistola,
1119 1183 1269 1268 quamvis
1290 1180 1349 1244 Flo-

253 1279 350 1342 viano
375 1279 543 1363 inscripta,
568 1291 638 1344 erat
660 1279 798 1366 epistola
822 1281 1009 1366 dogmatica
1033 1301 1074 1343 ex
1091 1278 1256 1344 Cathedra
1278 1278 1349 1341 dats.

252 1398 318 1461 qua
350 1397 369 1438 a
400 1375 485 1440 Sede
518 1376 708 1462 Apostolica
742 1391 831 1442 recta
859 1378 941 1443 fides
965 1377 1196 1444 definiebatur.
1242 1376 1351 1440 Eadem

253 1475 350 1536 etiam
386 1474 430 1537 ad
465 1474 546 1538 alias
581 1479 770 1560 provincias
806 1476 1046 1540 ecclesiasticas
1081 1479 1192 1540 statim
1217 1501 1236 1540 a
1257 1475 1352 1539 Leone

252 1573 446 1634 transmissa
478 1573 550 1638 fuit.
597 1573 706 1658 Atque
739 1583 906 1659 receptam
937 1574 1038 1638 fuisse
1069 1583 1106 1638 ut
1139 1575 1354 1638 documentum

254 1671 458 1733 auctoritatis
482 1693 630 1736 summae
654 1682 686 1735 et
701 1672 947 1758 irrefragabilis,
973 1695 1014 1735 ex
1039 1672 1150 1736 indole
1175 1693 1352 1754 111111111-

253 1767 402 1848 tandum‚
431 1776 522 1853 patet
554 1793 596 1835 ex
629 1772 793 1856 responsis
826 1773 1055 1856 episcoporum
1088 1770 1248 1835 ecclcsiae
1271 1767 1351 1834 Galli·

254 1887 367 1930 canae.
392 1868 428 1928 ln
454 1887 512 1930 sua
536 1868 697 1950 synodica
721 1870 806 1932 inter
829 1869 913 1932 alia:
950 1867 1039 1942 Quae
1063 1869 1261 1955 apostolatu
1277 1867 1356 1930 cerni

254 1966 384 2050 scriptu,
409 1967 511 2036 aiunt,
545 1967 592 2028 ito
622 1977 657 2030 ul
688 1966 858 2049 symbolum
878 1967 962 2051 fidei
988 1968 1129 2052 quisquis
1152 1965 1355 2052 redemptionis

256 2073 454 2124 sacramenta
478 2085 539 2125 nou
562 2062 701 2146 ueplipit
727 2063 845 2128 tabulis
875 2065 979 2127 cord-is
1003 2065 1187 2150 adscripsit,
1212 2075 1241 2126 et
1262 2063 1352 2127 tenaci,

255 2181 313 2244 «suo
338 2159 381 2222 ad
405 2159 642 2244 confundendos
666 2161 890 2224 haereticorum
913 2183 1035 2225 errores
1056 2164 1209 2248 punctim·
1231 2164 1284 2230 sit.
1310 2181 1351 2220 ne·

257 2258 373 2320 inor-iae
397 2257 656 2322 comm.endaoit.'.
673 2307 680 2322 .
700 2257 779 2330 Quia
814 2269 916 2322 autem
951 2259 1150 2345 apostolatui
1183 2270 1280 2323 oestro
1306 2277 1351 2341 pro

256 2355 311 2416 loo
335 2365 422 2417 lacto
445 2379 580 2434 monuero,
605 2357 688 2440 qaod
710 2379 773 2419 non
797 2357 896 2420 solam
922 2356 1067 2436 Gallias,
1091 2357 1149 2420 ced
1174 2369 1268 2420 totum
1289 2377 1355 2416 muu-

257 2451 331 2514 dum
352 2451 450 2516 aelecti
472 2453 658 2538 quibusdam
684 2456 927 2540 pretiosissimis
956 2458 1080 2539 potamia
1104 2458 1242 2532 mouit,
1264 2455 1356 2537 dipnot

257 2552 399 2612 ‹aasumet
420 2553 543 2636 pretias
566 2575 661 2636 posse
680 2551 845 2636 percolui?
867 2553 1041 2616 Doctrinae
1050 2565 1128 2639 poet
1143 2555 1243 2617 Decem
1260 2561 1354 2615 nescu

257 2647 346 2710 debet
371 2648 492 2730 fidelis,
528 2661 562 2713 ut
586 2661 765 2714 constanter
798 2659 903 2714 teneat
937 2651 1020 2736 quod
1055 2651 1224 2731 credebat;
1256 2645 1354 2712 deletu

257 2747 351 2808 etiam
384 2745 531 2829 infidelia,
555 2758 590 2810 ut
624 2771 645 2811 α
671 2747 810 2833 perfidio
833 2771 900 2826 suo,
926 2750 1037 2832 opsita
1059 2751 1203 2828 veritate,
1227 2745 1355 2812 discedet

257 2852 286 2904 ct
309 2843 501 2928 apostolicae
525 2847 735 2909 {cantationis
756 2843 821 2909 luce
832 2845 994 2932 perflantes,
1019 2849 1138 2911 moris
1163 2849 1213 2912 sni
1235 2841 1355 2909 taurim

258 2940 464 3026 derelinquat,
490 2945 646 3028 mapicque
661 2955 810 3028 contactae·
822 2955 852 3007 ct
867 2943 984 3022 medat,
1001 2943 1085 3029 qaod
1101 2967 1167 3030 per
1190 2969 1224 3009 os
1244 2953 1355 3007 nalum

256 3038 412 3102 Dominae
436 3041 555 3103 Noster
577 3041 673 3105 Josaa
700 3039 843 3106 Clo-istas
867 3041 905 3104 de
929 3053 1123 3106 sacramento
1145 3037 1356 3106 Incurnolionir

258 3159 333 3198 auce
356 3135 476 3215 doceat,
501 3161 594 3222 quom
616 3139 652 3201 id
675 3150 788 3216 teneat,
809 3139 893 3224 quod
916 3139 1062 3203 diabolas
1085 3143 1241 3205 humanae
1262 3135 1356 3202 culcitis

258 3244 287 3295 et
320 3234 463 3297 veritatis
497 3238 643 3298 inimicas
676 3235 856 3322 instillaffi).
901 3233 1061 3300 Similiter
1089 3239 1199 3302 eidem
1223 3232 1355 3323 epistolas

258 3341 291 3392 et
305 3330 390 3394 aliae
409 3331 565 3396 eeclesiae
582 3343 651 3396 tum
663 3333 855 3399 Occidentis
869 3343 940 3398 tum
953 3333 1100 3399 Orientis
1115 3335 1262 3400 debitum
1283 3349 1354 3416 prte-

258 3428 359 3492 buere
381 3430 597 3516 assensum2),
622 3434 670 3495 uti
684 3433 822 3496 inferius
846 3434 945 3496 etiam
969 3434 1157 3496 accuratius
1182 3441 1350 3518 exponetur·

350 3528 399 3592 18.
424 3528 554 3592 interea
587 3550 699 3593 mense
723 3529 874 3614 Augusto
908 3530 1041 3593 ineunte
1075 3532 1220 3616 episcopi
1247 3527 1285 3592 ad
1313 3541 1353 3604 sy·

258 3623 382 3687 nodum
418 3625 542 3711 Ephesi
578 3627 737 3690 indictam
774 3636 1011 3709 convenerunt,
1048 3639 1080 3692 et
1114 3629 1169 3693 die
1205 3627 1237 3692 8·
1266 3623 1353 3710 primo

258 3721 356 3786 Actio
389 3722 503 3786 habita
536 3735 593 3789 est.
640 3724 727 3789 Acta
757 3725 856 3811 hujus
889 3724 1031 3807 concilii,
1065 3728 1119 3790 cui
1144 3737 1254 3812 postea
1275 3723 1353 3784 lotro-

258 3820 336 3883 ciaii
358 3822 511 3906 Ephesiui
544 3845 664 3887 nomen
700 3825 816 3886 merito
852 3823 976 3902 datum,
1010 3825 1139 3908 integra
1162 3823 1205 3887 ad
1227 3833 1354 3884 noanon

258 3927 489 4003 pervenerunt.
536 3919 602 3984 Sed
625 3943 700 4004 pars
725 3920 888 4006 quaedam
912 3941 1024 3984 eorum
1049 3931 1157 3986 exstet
1180 3921 1306 3985 recitata
1326 3913 1352 3972 in

269 4073 467 4083 ...η-*-

333 4139 354 4206 1)
372 4137 470 4204 nabbe,
490 4139 554 4194 Coll.
574 4139 653 4196 Cone.
672 4139 702 4195 Τ.
721 4139 772 4195 III.
791 4157 817 4208 p.
839 4143 916 4199 1329.

333 4223 352 4280 l)
372 4218 441 4274 vinc
458 4219 624 4284 Mazzarolli
644 4221 683 4275 Do
701 4221 810 4278 Anotor.
830 4227 880 4278 otc
899 4221 973 4278 Tem.
992 4221 1029 4278 n.
1049 4239 1106 4292 cap.
1126 4219 1241 4290 11111.
1259 4221 1282 4268 4·
