2810 4846
232 467 282 523 186
645 473 684 528 De
701 471 774 528 facto
792 473 923 533 Nectarii.

229 617 365 680 tentiam
378 618 558 702 peccatoris
573 616 777 703 disponebat.
788 655 832 666 -
843 620 881 683 3⁰
900 619 963 684 Pro
979 619 1174 684 criminibus
1186 618 1327 706 publicis,

230 713 283 778 vel
306 716 404 780 etiam
428 736 486 800 pro
510 715 702 781 criminibus
735 715 808 780 aliis
831 717 995 783 interdum
1020 719 1061 783 ob
1085 717 1265 804 peculiares
1287 739 1329 781 ra·
1384 729 1385 806 l

229 813 332 876 tiones
356 814 556 898 poenitentia
585 813 718 899 publiea
751 815 879 899 agenda
911 826 995 898 erat,
1029 837 1103 880 oum
1127 839 1194 904 qua
1217 818 1329 901 passim
1384 809 1385 870 l

171 999 174 1008 .
229 910 388 975 confessio
412 909 544 997 publica
562 913 774 997 jungebatur.
817 913 993 998 Negotium
1015 916 1240 1001 poenitentiae
1262 912 1329 978 diri·

228 1007 327 1090 gebat
356 1009 527 1094 episcopus
560 1009 613 1074 vel
643 1011 818 1095 peculiaria
853 1011 1024 1098 presbyter
1055 1013 1329 1098 poenitentiarius,

228 1126 325 1190 quem
349 1107 404 1170 alii
428 1107 610 1192 presbyteri
634 1119 666 1171 et
688 1108 820 1173 diaconi
850 1110 886 1174 in
910 1108 973 1174 hac
996 1131 1031 1174 re
1053 1110 1270 1196 adjuvabant.
1292 1147 1329 1155 -

228 1203 268 1266 4ο
292 1203 476 1290 Episcopus
498 1214 531 1268 et
553 1205 724 1290 presbyter
737 1209 1008 1292 poenitentiarius
1031 1217 1243 1293 peccatorum
1265 1228 1330 1269 con·

227 1300 383 1366 fossiones
415 1303 647 1388 suscipiebant,
680 1314 713 1369 et
743 1327 786 1368 ex
817 1307 943 1370 ratione
976 1305 1173 1370 delictorum
1205 1303 1330 1369 modum

227 1401 447 1485 poenitentiae
470 1401 660 1466 subeundae
678 1403 949 1468 determinabant.
973 1403 1078 1468 Erant
1100 1413 1217 1468 mmen
1240 1403 1330 1466 etiam

227 1496 283 1561 alii
315 1498 515 1583 presbyteri,
549 1499 668 1584 quibus
700 1499 813 1566 fideles
844 1510 979 1586 peecata
1003 1501 1153 1566 confiteri
1179 1507 1330 1587 poterant,

227 1597 370 1660 maxime
394 1595 524 1682 quando
550 1597 590 1662 de
613 1599 757 1682 peccatis
779 1620 846 1662 uon
860 1599 1028 1663 canonicis
1052 1622 1108 1662 seu
1133 1601 1247 1663 minus
1269 1619 1328 1681 grs-

227 1692 324 1756 vibus
347 1693 514 1778 agebatur.
544 1694 654 1780 Atque
677 1697 712 1760 in
737 1717 774 1759 eo
799 1717 877 1759 casu
900 1698 1102 1781 poenitentia
1125 1691 1260 1782 privata
1281 1697 1331 1758 im·

227 1790 418 1876 ponebatur,
444 1801 476 1856 et
499 1792 540 1856 ab
564 1793 618 1857 illo
643 1792 810 1858 sacerdote
834 1793 993 1859 absolutio
1019 1794 1181 1877 dabatur3
1212 1796 1330 1857 sivero

226 1889 397 1975 poenitens
420 1893 554 1975 gravius
577 1890 711 1976 aliquod
724 1901 896 1977 peccatum
917 1893 1113 1956 canonicum
1138 1891 1330 1970 declarabat,

226 1987 268 2051 ad
279 1988 468 2072 episcopum
479 1989 531 2052 vel
546 1989 773 2073 presbyterum
784 1990 1071 2074 poenitentiarium
1083 1989 1284 2054 mittebatur.
1292 2023 1329 2034 -

225 2086 264 2149 5⁰
291 2084 392 2150 Haud
415 2085 496 2150 adeo
520 2079 703 2172 frequentes
735 2089 903 2173 primaevo
927 2096 1071 2172 ternpore
1095 2099 1194 2151 erant
1217 2085 1330 2150 coufes-

226 2186 351 2250 siones:
376 2183 540 2248 ordinarie
564 2184 688 2248 scilicet
711 2194 837 2250 mutum
871 2185 913 2250 ad
942 2185 1184 2250 confessionem
1207 2182 1330 2249 accede·

226 2280 315 2361 bant,
340 2281 396 2366 qui
420 2292 630 2366 peccatorum
653 2285 804 2366 gravium
834 2284 882 2346 rei
906 2292 1008 2352 erant.
1053 2283 1167 2346 Primo
1193 2293 1329 2366 tempore

226 2376 458 2442 christianismi
483 2381 526 2444 ad
548 2379 739 2464 religionem
763 2380 975 2446 christianam
999 2381 1146 2444 maxima
1172 2389 1264 2465 parte
1285 2399 1328 2440 ae·

226 2486 392 2540 cesserunt
414 2476 534 2558 adulti,
569 2488 600 2542 et
623 2479 802 2563 suppositio
835 2477 990 2542 normalis
1013 2485 1091 2558 erat,
1115 2487 1194 2562 post
1218 2475 1327 2561 baptis·

225 2595 315 2637 mum
347 2584 534 2660 susceptum
566 2585 702 2660 peccata
732 2575 849 2659 gravia
880 2575 1008 2639 evitari.
1054 2574 1103 2638 Ea
1131 2576 1326 2638 committere

225 2682 261 2736 ut
284 2671 380 2736 valde
404 2674 543 2758 impium
566 2695 605 2738 ac
628 2675 753 2758 gratiae
775 2673 908 2737 divinae
923 2671 1114 2758 injuriosum
1139 2671 1327 2737 habebatur.

224 2770 389 2856 Equidem
413 2771 454 2835 ob
479 2769 642 2835 hnmanae
674 2779 810 2835 naturae
834 2771 1076 2856 corruptionem
1109 2779 1141 2834 et
1166 2771 1327 2835 infirmita·

225 2877 291 2931 tcm
323 2869 483 2932 institutio
521 2871 741 2954 poenitentiae
774 2867 851 2933 inde
883 2867 925 2932 ab
958 2868 1051 2932 initio
1083 2868 1245 2952 disposita
1276 2873 1326 2942 est,

225 2965 397 3050 lapsosque
426 2967 558 3030 veniam
591 2965 737 3031 obtinere
760 2986 854 3051 posse
887 2987 1017 3050 semper
1038 2964 1191 3030 Ecclesia
1215 2964 1327 3029 decerit.

226 3063 290 3127 ced
311 3085 376 3126 non
397 3065 529 3127 omnino
544 3063 618 3128 talis
636 3073 673 3151 ut
690 3065 859 3149 posteriori
874 3072 1021 3148 tempore
1036 3063 1099 3126 fuit
1112 3062 1327 3148 poenitentiae

226 3161 404 3246 dispositio,
418 3183 483 3246 qua
497 3161 651 3226 videlicet
662 3161 775 3225 fideles
790 3159 897 3243 facile,
909 3161 1103 3246 frequenter,
1118 3168 1150 3224 et
1164 3157 1326 3226 commode

225 3268 358 3344 peccato
383 3261 555 3323 commisso
588 3281 646 3345 per
670 3259 908 3324 confessionem
936 3260 1067 3323 veniam
1092 3257 1243 3322 obtinere
1264 3276 1326 3340 pos·

225 3366 306 3421 sent.
353 3357 521 3442 Frequens
552 3355 663 3442 lapsus
693 3357 728 3420 in
760 3367 897 3441 peecata
920 3355 1071 3422 mortalia
1103 3354 1196 3420 haud
1219 3371 1325 3438 suppo-

225 3457 315 3519 nitur
337 3455 371 3518 in
404 3456 573 3539 primitiva
603 3453 796 3539 disciplinae
819 3453 1061 3540 poenitentialis
1093 3452 1324 3518 constitutione.

224 3551 381 3616 Permulti
414 3553 514 3630 etiam
545 3553 659 3637 primis
691 3551 894 3637 temporibus
925 3551 1126 3637 baptismum
1157 3571 1261 3636 usque
1288 3545 1324 3612 ad

224 3648 353 3714 virilem
377 3659 517 3714 aetatem
542 3649 747 3714 differebant.
772 3688 815 3696 —
839 3650 877 3714 6⁰
905 3647 1086 3715 Constabat
1108 3657 1207 3728 certe,
1231 3665 1324 3731 esque

225 3757 294 3812 erat
316 3747 484 3811 Ecclesiae
508 3757 660 3811 constans
682 3746 841 3827 doctrina,
866 3757 1002 3832 peccata
1024 3747 1140 3830 gravia
1162 3747 1262 3808 etiam
1284 3743 1322 3806 in·

224 3855 317 3909 terna
340 3855 372 3910 et
394 3845 532 3927 occulta,
550 3844 753 3910 confessione
773 3846 919 3908 utvenia
943 3843 1145 3909 obtineretur
1167 3837 1325 3928 expianda

225 3965 304 4024 esse,
330 3965 390 4007 neo
413 3941 550 4006 dubium
575 3951 623 4006 est
646 3964 710 4022 eos,
735 3944 791 4028 qui
814 3944 850 4006 in
870 3942 1024 4026 dogmate
1047 3940 1225 4005 christiano
1248 3938 1324 4002 bene
1384 3973 1385 4000 t

224 4041 344 4104 versati
368 4061 407 4104 ac
431 4041 573 4104 timorati
606 4049 707 4122 erant,
741 4041 776 4105 id
804 4039 930 4123 fecisse,
955 4041 1040 4104 siin
1064 4037 1196 4124 aliquod
1220 4055 1324 4122 pecea-

224 4145 294 4199 tum
317 4135 436 4200 lethale
460 4137 653 4202 inciderant.
699 4138 765 4204 sed
793 4136 923 4202 facilius
956 4160 993 4202 eo
1017 4146 1161 4224 tempore
1184 4134 1252 4200 fieri
1275 4153 1323 4218 po·

224 4243 317 4317 terat,
342 4244 378 4297 ut
401 4234 548 4299 homines
571 4234 719 4301 rudiores
743 4245 775 4300 et
789 4236 928 4300 leviores
943 4235 1180 4300 confessionem
1204 4241 1237 4297 et
1257 4251 1323 4316 poe
1384 4287 1385 4364 q

1384 4389 1385 4432 t
