2836 4804
254 423 309 476 274
609 420 650 474 De
667 421 786 476 Concilio
804 421 1020 478 chalcedonensi.

258 563 391 629 CPtana
405 563 543 649 synodo,
558 563 594 628 in
607 564 783 630 sacerdotii
798 565 937 650 gradum
953 575 985 630 et
1004 567 1191 630 monasterii
1204 566 1348 650 principa·

256 672 327 727 tum
340 664 509 726 restitutus
523 670 572 725 est
584 661 766 746 Eutyches.
811 663 897 728 Lata
910 684 988 728 vero
1004 671 1053 728 est
1066 665 1226 728 sententia
1239 661 1349 748 deposi-
1393 693 1394 704 ι

256 760 356 824 tionis
380 761 415 824 in
433 758 633 843 Flavianum
658 768 691 824 θῖ
710 759 894 826 Eusebium
913 759 1074 842 Dorylaei
1094 763 1286 847 episcopum,
1304 763 1349 824 cui

258 857 377 921 caeteri
395 857 550 942 episcopi,
562 855 642 944 (non
653 879 731 921 vero
740 858 841 942 legati
851 856 1045 944 Pontificis)‚
1060 867 1150 922 metu
1161 859 1253 924 fracti
1264 861 1350 944 vique

257 954 366 1018 adacti
398 954 671 1040 subscripserunt.
717 954 912 1020 Praetextus
944 954 1158 1041 depositionis
1184 956 1254 1038 fuit,
1275 955 1350 1042 quod

257 1053 320 1137 ipsi
342 1051 578 1138 professionem
601 1052 783 1117 Nicaenam
816 1063 1012 1136 mutassent,
1042 1065 1075 1118 et
1098 1063 1210 1119 contra
1232 1055 1351 1119 Patmm

111 1155 199 1196 ΠΜ
184 1165 224 1196 Μ
257 1149 390 1214 decreta
411 1148 493 1235 quid
515 1148 729 1215 addidissent.
775 1151 912 1216 Frustra
934 1160 1045 1215 autem
1060 1150 1239 1218 Flavianus
1259 1152 1351 1238 appel·

109 1215 173 1268 ἀφ’
174 1215 226 1257 ¹¹¹¹
256 1247 414 1313 lationem
450 1246 493 1310 ad
526 1247 711 1312 Romanum
740 1247 935 1312 Pontificem
967 1249 1172 1334 interposuit.
1225 1250 1350 1331 Quidam

257 1343 463 1408 venerabiles
486 1345 641 1430 episcopi,
675 1345 805 1431 quod
797 1369 831 1412 m
863 1348 1004 1430 gratiam
1028 1345 1182 1412 Flaviani
1206 1349 1246 1413 ad
1268 1347 1352 1434 pedes

257 1443 408 1507 Dioscori
436 1440 682 1506 accedentes
654 1465 725 1528 eJus
756 1444 963 1508 iracundiam
986 1443 1138 1528 frangere
1162 1448 1351 1521 tentaverint

258 1563 278 1604 a
301 1539 474 1621 militibus,
500 1538 679 1622 monachis,
704 1538 842 1626 aliisque
865 1541 1017 1606 Dioscuri
1047 1543 1243 1628 sequacibus
1264 1543 1352 1632 (para-

257 1634 410 1722 bolanis),
443 1637 500 1721 qui
533 1657 607 1700 cum
637 1635 756 1721 gladiis
788 1649 821 1702 et
843 1637 986 1702 fustibus
1012 1637 1056 1702 ad
1079 1637 1166 1704 fores
1189 1641 1352 1720 adstabant,

253 1733 393 1821 jubente
415 1735 584 1816 Dioscorc,
616 1744 693 1798 sunt
724 1735 856 1820 repulsi.
903 1734 1093 1802 Flavianus
1108 1737 1230 1803 dicitur
1250 1740 1352 1824 pugnis

259 1843 291 1898 et
314 1831 507 1897 verberibus
529 1831 674 1896 afflictus
688 1832 805 1915 fuisse3
838 1834 874 1898 in
888 1832 1025 1898 exilium
1049 1836 1162 1898 statim
1185 1834 1352 1922 deportatus
1393 1913 1394 1916 Ἴ

258 1930 353 1998 brevi
385 1939 459 2016 post
480 1930 610 2016 Epipae
643 1930 777 1994 civitate
807 1930 939 2013 Lydiae
969 1931 1144 1996 defunctus
1170 1943 1228 1998 est
1272 1931 1351 2014 Quod

259 2029 303 2094 ad
331 2029 453 2114 legatos
483 2029 521 2092 R.
555 2026 724 2092 Pontifieis
752 2038 886 2112 spectat,
920 2049 1033 2094 omnes
1067 2032 1281 2113 conveniunt,
1309 2051 1351 2094 eos

260 2135 374 2192 cenna
397 2125 579 2192 violentum
603 2123 695 2188 illum
711 2124 832 2209 agendi
847 2124 980 2190 modum
1005 2129 1271 2212 protestationem
1291 2128 1350 2192 ami·

260 2227 359 2304 sisse3
384 2223 442 2287 sed
466 2222 621 2308 despecta
644 2243 756 2286 eorum
781 2221 941 2307 dignitate
965 2223 1053 2288 hanc
1075 2224 1255 2291 Dioscorus
1276 2225 1349 2289 flocci

260 2321 386 2386 habuit.

349 2419 402 2482 21.
428 2417 521 2498 Quae
544 2416 610 2480 huc
632 2439 736 2502 usque
760 2417 801 2482 de
824 2420 932 2503 prima
951 2417 1093 2483 Actione
1115 2418 1284 2501 habentur,
1304 2416 1352 2480 col-

258 2517 407 2602 liguntur
430 2539 471 2580 ex
494 2514 589 2580 Actis
610 2513 749 2580 Concilii
766 2513 1063 2599 Chalcedonensis3
1087 2516 1198 2582 lucem
1221 2539 1291 2582 vero
1312 2516 1351 2578 iis-

261 2614 337 2678 dem
360 2615 511 2696 afferunt,
535 2623 569 2678 et
590 2613 656 2679 alia
677 2612 773 2698 plura
789 2614 993 2698 patefaciunt
1016 2614 1124 2699 quoad
1146 2616 1285 2703 reliquas
1304 2634 1349 2676 ses-

261 2714 378 2794 siones,
403 2711 563 2776 Actorum
598 2711 782 2797 fragmenta
816 2709 956 2795 Syriaca
989 2734 1097 2798 nuper
1131 2715 1272 2778 invente.
1312 2709 1352 2774 Ex

260 2810 379 2876 iisdem
410 2809 556 2874 secunda
578 2809 675 2874 Actio
710 2811 843 2896 incepta
878 2819 927 2874 est
959 2809 1012 2875 die
1044 2810 1088 2876 20
1115 2810 1257 2896 Augusti
1286 2805 1351 2894 (sab-

261 2906 370 2994 bat0);
395 2917 429 2973 at
452 2929 554 2993 quum
577 2907 675 2992 legati
705 2905 846 2972 Romani
878 2929 944 2973 non
968 2910 1136 2974 venissent
1157 2907 1241 2974 nihil
1263 2917 1351 2972 acum

261 3015 319 3087 est,
355 3004 413 3069 sed
449 3004 589 3090 delegati
613 3014 690 3069 sunt
712 3006 768 3091 qui
793 3025 848 3069 eos
871 3007 1060 3070 invitarent.
1102 3007 1243 3072 Videtur
1263 3017 1351 3070 atrum

261 3105 368 3188 prima
402 3103 499 3167 Actio
536 3103 671 3166 durasse
711 3125 769 3188 per
810 3102 920 3188 plures
960 3103 1051 3186 dies,
1091 3105 1137 3168 ita
1179 3114 1232 3186 ut,
1270 3119 1351 3188 quun

262 3201 422 3285 inceperit
454 3198 508 3263 die
538 3200 576 3264 8⁰
609 3199 762 3284 Augusti,
796 3200 878 3264 forte
910 3200 1033 3265 finierit
1061 3200 1115 3265 die
1150 3202 1205 3266 18⁰
1233 3199 1281 3264 vel
1302 3197 1351 3260 19⁰.

262 3297 431 3361 Discimus
453 3318 548 3382 porro
582 3297 712 3362 axillis
745 3296 849 3381 Actis,
883 3307 952 3362 tum
985 3297 1095 3363 adhuc
1118 3298 1242 3386 Ephesi
1271 3295 1351 3360 fuisse

262 3394 389 3460 Julium
420 3397 611 3480 episcopum
642 3403 674 3460 et
703 3393 855 3460 Hilarum
886 3394 1063 3460 diaconum
1090 3395 1214 3480 legatos
1241 3389 1350 3458 Pontifi-

264 3493 321 3575 cis,
353 3502 385 3556 et
414 3491 598 3556 Dulcitium
629 3494 808 3576 notarium,
831 3493 889 3558 sed
919 3493 1043 3578 legatos
1065 3515 1231 3559 recusasse
1260 3489 1350 3554 venie

263 3589 307 3654 ad
331 3591 449 3676 synodi
472 3591 648 3655 Actionem
672 3590 861 3656 secundam.

111 3703 186 3755 nepe
202 3703 242 3744 Ro
353 3689 405 3754 21.
429 3687 469 3752 In
501 3687 596 3752 Actis
626 3689 764 3772 syriacis
796 3688 953 3753 videlicet
983 3689 1139 3753 refertur:
1165 3689 1246 3772 „Les
1270 3687 1352 3772 pieux

145 3766 208 3808 ’Μ’
264 3790 407 3872 eveques
431 3784 606 3871 Olympius
629 3785 660 3850 d’
672 3785 796 3869 Evaza,
821 3795 853 3850 et
875 3786 988 3851 Julien
1012 3786 1043 3850 d’
1060 3739 1226 3874 Hypaipa,
1248 3785 1352 3850 Monta

264 3884 340 3948 nius
363 3883 473 3947 diacre
498 3883 539 3948 de
562 3883 593 3948 la
617 3885 723 3948 sainte
746 3884 847 3970 eglise
871 3883 901 3948 d’
914 3884 1158 3970 Aphrodisiade
1181 3879 1351 3966 athupha·

265 3981 339 4044 nius
364 3981 474 4046 diacre
498 3980 539 4044 de
569 3981 743 4064 Laodicea,
777 3981 904 4046 dirent:
943 3980 1209 4048 Oonformement
1236 4000 1295 4044 aux
1315 3995 1352 4037 or·

266 4077 339 4142 dres
363 4078 403 4143 de
428 4099 464 4142 ce
488 4079 574 4142 saint
598 4090 630 4142 et
652 4081 890 4165 oecumenique
923 4080 1062 4163 synode,
1085 4101 1167 4144 nous
1188 4099 1266 4143 nous
1285 4091 1351 4137 som·

266 4197 335 4240 mes
358 4175 479 4240 rendus
503 4179 522 4239 a
545 4175 577 4240 la
596 4175 750 4240 demeure
766 4176 822 4241 des
839 4179 987 4261 envcyes
1002 4177 1044 4242 de
1059 4175 1204 4244 l’illustre
1225 4185 1255 4239 et
1273 4189 1350 4251 rcya·
