2924 4818
583 473 607 526 S.
627 473 727 528 Sixtus.
1156 475 1206 528 1³7

92 627 189 679 adae
212 627 326 680 autem
342 615 384 679 ab
400 618 544 704 antiquis
560 615 755 682 dicebantur
768 616 896 682 litterae
919 619 1207 684 commendatitiae

93 713 138 777 vel
162 713 300 795 similes,
325 716 405 799 quia
435 717 529 798 signa
553 715 717 800 quaedam
742 718 821 800 ipsis
845 719 983 796 inerant,
1008 716 1128 802 quibus
1152 739 1207 780 au-

90 813 213 876 thentia
237 833 354 876 eorum
379 811 552 876 constabat
575 824 608 876 et
629 813 763 876 fraudes
786 812 1079 898 praecavebautur.
1088 813 1111 900 ¹)

174 909 229 976 38.
257 910 452 974 Hadrianus
466 909 659 995 Imperator,
672 913 706 975 in
722 911 816 995 cujus
831 920 979 996 tempora
1003 911 1206 998 (lli-138)
1234 925 1359 965 ausaausa

92 1008 204 1071 incidit
228 1009 263 1072 S.
289 1009 376 1072 Sixti
402 1010 619 1093 episcopatus,
651 1007 740 1071 haud
765 1011 873 1072 emisit
903 1009 1037 1094 quidem
1061 1009 1205 1074 edietum

92 1125 207 1168 norum
243 1115 360 1169 conma
385 1104 609 1186 Christianos,
643 1105 701 1168 sed
740 1127 841 1190 quum
880 1095 1039 1191 rescripta
1071 1107 1205 1193 Trajaui

93 1205 246 1286 rigerent,
272 1205 460 1288 persecutio
485 1213 599 1266 contra
615 1201 819 1268 Christianos
844 1206 1035 1267 continuata
1059 1215 1116 1269 est.
1142 1203 1206 1268 Ha-

92 1299 220 1364 ddauus
246 1305 321 1387 ipse
344 1297 469 1364 Tibure
502 1302 536 1364 in
567 1299 646 1363 villa
675 1323 735 1364 sua
765 1302 883 1386 capitis
913 1304 1109 1366 sententiam
1132 1301 1207 1367 tulit

93 1401 121 1460 in
143 1397 175 1462 S.
200 1399 465 1484 symphorosam
497 1397 633 1460 viduam
664 1397 697 1462 S.
729 1395 853 1461 Getulii
884 1399 1040 1482 praelecti
1064 1399 1205 1464 militum

92 1505 122 1556 et
151 1499 328 1581 martyris,
361 1497 499 1580 ejusque
533 1505 657 1580 septem
691 1495 785 1560 lilios.
842 1497 1015 1560 Excitatus
1048 1508 1117 1561 erat
1148 1519 1207 1583 per

93 1593 274 1658 sacerdotes
299 1612 446 1678 paganos
469 1594 524 1679 qui
541 1593 762 1674 declarabant,
779 1594 843 1657 diis
867 1593 956 1658 haud
979 1594 1109 1679 placere
1133 1617 1206 1660 con-

93 1695 308 1756 secrationem
339 1690 452 1775 palatii
477 1691 602 1754 Tibure
632 1691 674 1754 ab
699 1691 870 1756 Hadriano
901 1691 1076 1773 aedificati,
1101 1693 1206 1758 donec

92 1787 313 1874 symphorosa
329 1787 373 1850 ad
397 1789 559 1852 sacrificia
577 1789 744 1852 offerenda
768 1789 885 1852 adacta
908 1789 1016 1855 fuerit.
1034 1827 1077 1836 -
1095 1790 1206 1870 Quum

94 1885 281 1952 hadrianus
305 1907 335 1951 a.
364 1887 426 1949 124
447 1887 610 1950 Achaiam
634 1885 799 1971 profectus
823 1896 918 1968 esset,
943 1887 1050 1949 eidem
1067 1887 1206 1954 Athonis

94 1983 372 2070 dqupologetao
396 1984 578 2064 christiani,
601 1983 790 2062 Quadratus
813 1994 846 2046 et
869 1983 1041 2065 Aristides,
1066 1985 1206 2050 tradide-

94 2093 160 2146 runt
195 2081 372 2168 apologias
409 2103 467 2166 pro
505 2081 664 2161 religione
694 2079 883 2146 christiana.
930 2080 1070 2168 Accepit
1101 2081 1206 2170 Impe-

95 2191 173 2243 rator
195 2182 313 2260 etiam,
338 2179 385 2242 uti
411 2179 509 2242 refert
531 2179 697 2243 Eusebius
721 2177 778 2264 (H.
802 2179 841 2243 Ε.
866 2179 925 2244 IV.
950 2177 985 2265 8)
1009 2201 1051 2243 ex
1073 2181 1205 2246 Justino

94 2277 194 2363 (Apol.
220 2278 252 2342 I.
277 2275 345 2362 69),
369 2276 494 2340 litteras
517 2277 686 2341 aSerenio
706 2275 875 2341 Graniano
898 2277 1092 2364 proconsule
1107 2278 1206 2343 Asiae

96 2377 244 2456 minoris,
283 2371 405 2460 quibus
445 2375 600 2438 monebat
632 2375 807 2458 indignum
841 2375 948 2439 videri
959 2425 968 2456 ‚
1002 2375 1206 2442 Christianos

95 2472 175 2539 nullo
198 2473 333 2559 objecto
357 2473 505 2552 crimine,
537 2471 746 2536 tumultuosis
770 2472 861 2555 vulgi
887 2472 1086 2539 clamoribus
1107 2478 1205 2559 grati-

96 2569 206 2636 ficandi
255 2569 364 2634 studio
398 2569 523 2633 indicta
557 2591 656 2634 causa
689 2570 849 2634 occidere.
906 2571 1002 2634 Tunc
1039 2575 1206 2658 rescripsit

97 2667 285 2732 hadrianus
309 2670 487 2732 successori
512 2668 653 2750 Serenii,
684 2668 831 2731 Minucio
863 2668 1037 2751 Fundano,
1068 2691 1109 2734 ne
1133 2672 1206 2755 quis

94 2765 223 2850 posthac
251 2769 323 2830 sine
346 2766 479 2851 objectu
502 2767 650 2828 criminis
674 2774 707 2828 et
729 2764 876 2848 legitima
899 2769 1109 2831 accusatione
1133 2789 1206 2832 con-

95 2863 344 2950 demaraten)
390 2864 456 2929 Sed
480 2863 652 2928 manifesta
680 2865 779 2926 etiam
810 2865 857 2926 sic
881 2863 1026 2928 conditio
1051 2863 1206 2931 Christia-

95 2983 202 3028 norum
229 2963 414 3028 miserrima
436 2971 515 3025 erat.

162 3205 180 3268 Ι)
200 3203 371 3268 Frequenter
390 3199 417 3253 in
441 3198 809 3267 commendatitiis'epistolis
834 3199 942 3253 litterae
962 3215 1076 3267 graecae
1100 3200 1207 3256 adbibe-

95 3281 192 3340 bantur.
213 3287 248 3334 ut
266 3279 346 3347 signs
360 3278 488 3346 episcopis
507 3278 621 3332 invicem
640 3285 712 3332 nota.
733 3277 868 3344 Quaedam
886 3277 1015 3346 ejusmodi
1034 3277 1148 3347 epistola
1166 3281 1207 3334 ita

94 3359 201 3416 desiuit:
222 3359 436 3414 Fratemltatam
455 3365 574 3411 vestram
593 3357 717 3412 (lhristus
740 3357 816 3412 nobis
834 3358 993 3412 incolumem
1011 3365 1159 3414 conservet.
1178 3379 1205 3414 a.

96 3459 115 3490 a.
133 3461 156 3492 a
176 3461 203 3492 κ.
224 3445 249 3504 β.
270 3459 290 3491 ε.
310 3443 331 3498 ζ.
351 3445 373 3501 ε.
393 3438 473 3506 ἀμην.
495 3439 568 3492 Data
579 3439 745 3492 wormatiae
764 3444 814 3493 etc
834 3438 916 3493 Aliud
934 3437 1079 3494 formulare
1097 3439 1205 3509 incipit:

94 3520 264 3576 &rcum
297 3520 325 3573 in
350 3518 458 3572 Christo
483 3519 564 3572 tratri
588 3533 691 3572 mmma
709 3517 849 3574 dulcedine
872 3518 997 3574 caritatis
1015 3519 1205 3588 amplectando,

96 3617 117 3650 a
146 3601 219 3655 illius
239 3597 363 3653 civitatis
382 3597 510 3666 episcopo,
531 3616 555 3658 v,
576 3597 649 3651 illius
667 3598 795 3651 ecclesiae
813 3597 929 3664 praesul,
960 3618 989 3658 ω,
1017 3617 1042 3659 v,
1071 3619 1099 3658 ω,
1128 3617 1152 3649 α,
1173 3631 1205 3641 -

97 3679 123 3731 V.
141 3680 229 3736 Preib.
250 3677 387 3732 Kircbenl.
406 3681 457 3730 art.
477 3677 586 3730 Liberae
604 3675 744 3730 formatae
803 3686 807 3696 '

162 3769 183 3837 ¹)
204 3766 331 3836 Epistola
350 3779 383 3818 ex
401 3765 510 3818 Justino
528 3770 570 3818 ast
588 3763 750 3831 hujusmodi:
772 3764 882 3830 ,Aelius
894 3765 1048 3819 Hadrianus
1067 3767 1137 3833 aug.
1156 3766 1206 3820 tti-

97 3847 168 3902 aava
186 3847 319 3901 Fundano
338 3845 443 3899 Procas.
461 3845 589 3898 Salutem.
609 3844 705 3911 Accepi
725 3843 832 3897 litteras
851 3845 884 3896 ad
903 3860 945 3898 me
963 3845 1078 3912 scriptas
1096 3860 1114 3897 a
1131 3845 1206 3900 Sare-

97 3926 136 3980 ric
152 3927 292 3980 Graniano
310 3925 343 3977 V.
362 3924 401 3978 ot
419 3925 556 3979 decessore
574 3931 628 3978 tuo.
648 3924 703 3978 Nec
720 3939 788 3978 sane
803 3924 869 3978 mibi
887 3923 997 3978 videtur
1015 3939 1057 3978 res
1076 3925 1130 3977 ista
1147 3925 1205 3980 abs·

96 4017 143 4069 que
159 4005 285 4074 diligenti
304 4003 482 4069 iuqrdsitiouc
506 4003 708 4071 praetereunda,
733 4017 767 4057 na
791 4003 863 4057 forte
881 4009 910 4058 et
927 4001 1068 4058 christiani
1087 4003 1206 4060 homines

97 4084 234 4140 turbentur
252 4089 281 4138 et
299 4083 465 4137 delatoribus
484 4082 665 4137 calumniandi
685 4083 788 4136 oscado
807 4083 975 4150 praebeatur.
994 4083 1087 4151 Igitur
1104 4083 1128 4138 si
1147 4101 1205 4153 pro·

98 4163 217 4219 riudales
236 4165 326 4233 palam
352 4163 445 4215 adesse
470 4167 582 4230 possunt
605 4162 782 4229 petitionibus
807 4162 863 4217 suis
882 4163 1010 4218 adversus
1030 4161 1205 4228 Christianos,

97 4240 135 4294 ita
151 4251 180 4296 at
197 4259 245 4312 pro
264 4241 398 4297 tribunali
423 4243 609 4308 respondeant,
637 4241 665 4294 in
691 4241 718 4294 id
740 4256 823 4295 unum
848 4243 1011 4306 incumbent,
1030 4257 1079 4296 nec
1097 4243 1205 4310 petitio·
