2836 4804
226 475 280 530 294
581 477 621 532 De
639 475 757 531 Concilio
776 473 991 530 Chaloedonensi.

227 618 415 684 nullatenus
448 619 660 706 expediebat,
694 639 874 704 provocare
898 617 1116 682 discussiones
1139 619 1278 682 directas
1299 617 1341 680 de

227 719 420 780 auctoritate
440 740 478 782 ae
499 718 540 781 de
556 738 708 802 supremo
739 717 926 800 magisterio
941 715 1081 779 Romani
1097 716 1275 780 Pontificis.
1297 751 1343 764 -ιι

226 816 265 878 4⁰
293 815 404 894 Quum
420 837 497 879 vero
514 816 675 900 episcopis
689 815 866 878 conveniat
875 834 1015 876 examen
1032 812 1241 878 adhaesionis
1256 823 1286 876 et
1295 813 1342 874 in-

227 912 427 996 telligentiae
450 912 535 1000 (sine
553 914 629 998 jure
654 909 845 997 dissensus),
864 919 993 996 poterat
1015 911 1159 996 profecto
1184 909 1337 996 ejusmodi

226 1032 367 1074 examen
401 1011 543 1090 institui,
579 1020 616 1073 ut
649 1007 820 1073 Praesules
854 1006 1053 1072 haesitantes
1088 1007 1283 1072 docerentur
1309 1017 1340 1070 et

226 1107 312 1172 clare
336 1109 569 1193 perspicerent,
594 1129 741 1193 eaquae
765 1128 785 1171 a
807 1107 919 1170 Leone
942 1106 1092 1192 exposita
1116 1117 1225 1186 erant,
1248 1104 1337 1190 plane

226 1226 301 1268 cnm
325 1206 461 1290 antiqua
476 1204 543 1269 fide
558 1226 748 1290 congruere,
767 1213 869 1289 utque
886 1203 920 1267 id
935 1204 969 1267 in
985 1203 1212 1268 confusionem
1237 1203 1338 1267 haere-

226 1305 365 1368 tieorum
390 1314 422 1366 et
446 1303 728 1368 confirmationem
752 1301 911 1366 debilium
935 1300 1089 1387 explicite
1113 1321 1229 1364 omnes
1251 1310 1340 1362 tests-
1404 1359 1405 1364 ,

225 1411 347 1465 rentur.
372 1439 415 1448 —
438 1403 477 1464 5⁰
509 1402 702 1466 Auctoritoti
733 1399 873 1464 Romani
902 1399 1073 1464 Pontificis
1105 1397 1208 1461 iidem
1231 1418 1339 1484 propo·
1404 1389 1405 1472 f

227 1500 334 1563 nentis
359 1499 497 1563 debetur
521 1521 666 1564 assensus
700 1498 933 1576 submissionis,
957 1507 1056 1582 atque
1079 1497 1114 1560 in
1137 1495 1341 1580 simplicibus

226 1594 379 1660 fidelibus
403 1597 485 1660 nihil
519 1596 610 1660 aliud
644 1594 869 1680 quaerendum
902 1605 960 1660 est.
1005 1595 1046 1659 In
1079 1595 1244 1680 episcopis
1267 1613 1339 1656 vero
1404 1617 1405 1650 i

225 1693 304 1757 huic
337 1697 484 1758 assensui
509 1694 737 1758 submissionis
765 1693 919 1778 jungitur
945 1694 1093 1756 instituto
1118 1693 1272 1756 examine
1294 1711 1340 1752 aa·
1404 1721 1405 1754 ;

225 1815 333 1856 senesce
356 1790 593 1878 iroteiiiqentiae,
617 1791 697 1855 dum
717 1791 920 1876 perspiciunt
935 1791 1116 1855 doctrinam
1142 1789 1338 1874 propositam

224 1889 416 1953 revelationi
442 1890 494 1955 vel
523 1890 600 1954 fidei
625 1887 783 1973 symbolis
807 1909 985 1952 consonam
1009 1911 1088 1954 esse.
1121 1887 1221 1952 Ratio
1244 1889 1338 1970 igitur

223 1986 321 2072 hujus
345 2009 496 2051 assensus
520 1997 568 2051 est
599 1997 770 2072 perspecta
805 1986 968 2072 ejusmodi
992 1986 1206 2050 conformitas
1229 2007 1268 2048 ac
1290 2005 1337 2046 ve
1404 2007 1405 2068 ᾖ

223 2086 302 2149 ritas
327 2085 506 2150 doctrinae.
555 2085 711 2170 Dumque
736 2083 835 2148 talem
867 2105 1036 2148 assensum
1060 2091 1250 2170 praestant,
1273 2102 1336 2166 pro·

224 2183 307 2246 fecto
339 2184 402 2268 ipsi
435 2193 471 2246 ut
500 2182 650 2267 judices,
684 2183 837 2267 quamvis
872 2181 1027 2263 obnoxii,
1060 2192 1092 2245 et
1121 2191 1271 2266 pastores
1300 2201 1335 2242 ac
1404 2175 1405 2252 s

224 2278 372 2344 doctores
394 2280 552 2361 fidelium,
578 2279 760 2344 doctrinam
779 2279 874 2346 Sedis
898 2279 1108 2364 Apostolicae
1132 2277 1338 2352 confirmant,

223 2385 321 2461 atque
346 2377 532 2442 solemniori
559 2377 654 2442 modo
671 2378 846 2442 ostendunt
861 2400 1048 2442 communem
1071 2378 1250 2442 doctrinam
1271 2375 1338 2437 uni·
1404 2401 1405 2464 ]

224 2473 360 2538 versalia
394 2475 572 2540 Ecclesiae.
629 2475 801 2562 Ejusmodi
844 2478 944 2560 igitur
981 2474 1269 2540 confirmationem
1300 2493 1335 2534 ac
1404 2465 1405 2482 ¹

223 2571 322 2636 talem
345 2593 513 2637 assensum
546 2573 792 2658 intelligentiae,
826 2575 993 2658 supposito
1012 2573 1083 2658 jam
1107 2595 1245 2636 assensu
1268 2567 1334 2633 sub·

224 2670 396 2750 missionis,
409 2671 523 2734 Patres
540 2669 680 2736 Consilii
696 2669 974 2736 Chalcedonensis
994 2672 1027 2734 in
1052 2671 1198 2734 sessione
1215 2677 1334 2754 quarta.

223 2777 398 2832 retraetata
422 2768 558 2854 epistola
581 2769 711 2843 Leonis,
745 2767 882 2853 professi
911 2777 997 2833 sunt.
1043 2767 1240 2832 Nullatenus
1264 2787 1338 2828 vero
1404 2811 1405 2832 2

225 2863 301 2929 indo
325 2867 438 2930 inferri
461 2876 577 2952 potest,
606 2865 777 2951 epistolam
801 2865 892 2930 illam
916 2865 1063 2932 nondum
1087 2864 1243 2930 habuisse
1266 2865 1336 2927 irre-

224 2962 428 3028 formabilem
465 2965 710 3042 auetoritetem,
744 2964 898 3028 sedeam
931 2965 1147 3048 acquisivisse
1169 2963 1336 3026 confirma-

224 3063 312 3124 tione
344 3061 547 3127 Praesulum.
595 3061 705 3148 Atque
737 3083 856 3146 operae
889 3063 1029 3147 pretium
1062 3071 1111 3126 est
1133 3058 1333 3125 animadver-

223 3171 301 3241 tere,
326 3160 435 3244 plures
446 3161 560 3222 Patres
585 3159 699 3224 eadem
732 3161 858 3224 ratione
887 3181 981 3224 suum
1006 3169 1120 3224 votum
1144 3158 1275 3222 dedisse
1296 3155 1333 3219 de

225 3256 362 3340 epistola
394 3257 428 3322 S.
454 3256 572 3340 Cyrilli
606 3280 646 3320 ac
677 3257 717 3322 de
753 3257 892 3343 epistola
914 3257 1045 3321 Leonis.
1092 3255 1148 3322 Sic
1183 3254 1332 3320 Seleucus

223 3355 517 3420 reverendissimus
541 3357 715 3440 episeopus
738 3355 893 3420 Amasiae
918 3355 1021 3419 dixit:
1062 3353 1225 3420 Censores
1246 3373 1331 3437 cepo·

223 3455 303 3516 sitos
318 3453 401 3536 fidei
435 3465 640 3517 trecentorum
663 3455 766 3518 decem
796 3466 825 3518 et
848 3465 914 3518 octe
938 3464 1117 3518 eatoctosnm
1139 3451 1269 3516 Patmos
1290 3449 1332 3510 ic·

221 3553 360 3615 castremus
384 3551 550 3637 synodicas
574 3552 726 3637 epistolas
749 3554 939 3617 sanctissimi
955 3553 1066 3638 patris
1088 3550 1190 3613 nostri
1216 3543 1330 3633 cyrille

222 3648 378 3712 Similiter
417 3651 512 3713 etiam
552 3649 717 3736 epistolam
751 3651 943 3714 sanctissimi
981 3648 1208 3734 archiepiscopi
1239 3641 1334 3706 nosci
1404 3677 1405 3680 ¹

222 3927 296 3980 trina
324 3927 403 3992 plane
431 3926 523 3980 eximii
557 3925 633 3980 Inter
660 3924 796 3993 episcopos
823 3925 869 3992 qui
896 3924 1111 3992 subscripserunt
1138 3915 1333 3990 pseudosynodo
1404 3915 1405 3930 ¹

222 4007 373 4075 liphcsinae
391 4005 538 4060 habentur:
559 4005 649 4072 „Elias
678 4005 816 4074 episcopus
835 4005 1043 4072 Hadrianopolis
1072 4003 1166 4064 Asiae,
1194 3997 1328 4054 deliniens:

221 4086 366 4154 subscripsi
391 4103 439 4154 per
461 4087 612 4140 Romanum
639 4086 790 4154 episcopum
816 4087 964 4154 llyromm,
993 4085 1063 4152 quod
1086 4081 1203 4138 nesciam
1221 4078 1330 4131 litteras

222 4165 348 4234 Cajumss
374 4167 512 4234 episeopus
540 4167 728 4220 Phoenicensis
753 4165 897 4220 deliniens:
925 4165 1072 4234 subscripsi
1089 4177 1138 4231 per
1156 4159 1328 4228 coepiscopum
1404 4215 1405 4228 ,

222 4261 310 4299 meum
328 4245 494 4312 Dionysium,
513 4253 656 4314 propterea
675 4246 744 4312 quod
762 4246 869 4300 litteras
888 4245 1034 4316 ignomnc“
