2810 4846
413 483 542 538 Doctrina
559 483 584 536 S.
604 481 792 551 chrysostomi
1108 489 1156 542 181

58 638 135 710 sunt,
160 626 219 692 tali
251 628 373 694 affectu
405 647 502 712 saepe
525 625 707 692 turbentur.
753 624 906 692 Ostendit
928 628 1014 711 dein,
1040 652 1158 715 magna

58 747 124 790 cum
147 725 336 790 humilitate
359 734 392 788 et
423 723 520 788 corde
544 725 683 788 contrito
716 746 785 788 esse
808 725 978 807 orandum,
1002 735 1100 812 atque
1123 729 1158 792 in

57 825 197 890 medium
226 823 363 889 adducit
395 821 583 907 exemplum
612 821 781 908 publicani
811 823 845 887 in
877 823 1076 908 Evangelio,
1101 826 1157 912 qui

56 922 168 986 latetru·
192 943 227 985 se
250 929 547 1006 essepeccatorem,
564 929 597 983 et
616 927 727 984 amen
741 919 910 984 humiliter
923 931 956 984 et
978 941 1053 984 oum
1076 921 1158 986 fidu·
1188 915 1192 924 '

57 1021 99 1083 cia
121 1029 196 1084 orat
218 1028 252 1083 et
274 1019 427 1083 effectum
451 1017 585 1083 obtinet.
632 1017 688 1083 sie
721 1027 831 1082 monet
853 1017 975 1100 fideles,
1000 1028 1036 1083 ut
1058 1021 1157 1084 etiam

56 1117 126 1182 dum
148 1126 257 1200 orant,
282 1138 402 1201 magna
429 1137 505 1180 eum
527 1115 711 1180 humilitate
743 1137 782 1180 ac
804 1115 927 1181 fiducia
949 1116 1020 1180 Deo
1044 1137 1157 1182 omnes

6 1245 8 1286 ε
56 1217 197 1280 miserias
220 1235 297 1280 suas
319 1224 418 1300 atque
441 1222 576 1298 peccata
600 1221 781 1300 exponant,
805 1212 960 1301 illamque
984 1215 1157 1280 confessio·

6 1335 8 1394 ς
56 1335 122 1377 nem
143 1333 289 1398 magnae
311 1311 479 1376 efficaciae
503 1332 573 1374 esse
596 1311 719 1376 assent.
765 1311 875 1398 thue
899 1333 971 1376 eam
995 1333 1156 1377 commen·

7 1479 8 1484 γ
56 1409 102 1474 dot
122 1409 384 1496 facilitatemque
406 1407 566 1490 ostendat,
585 1407 822 1494 jamadvertit,
846 1431 880 1473 se
904 1433 969 1476 non
992 1410 1156 1498 postulare

56 1509 287 1573 molossionem
319 1507 368 1570 uti
400 1508 435 1570 in
467 1505 603 1589 theatro,
638 1515 670 1570 et
701 1505 774 1570 aliis
805 1506 995 1572 hominibus
1024 1507 1155 1574 iactam.

57 1607 136 1670 llaec
158 1605 295 1670 videtur
315 1624 580 1683 commemorare,
603 1605 681 1690 quia
694 1603 790 1689 paulo
814 1615 890 1669 ante
914 1604 956 1669 de
977 1604 1155 1690 publicano

57 1715 82 1766 et
107 1702 283 1789 pharisaeo
317 1704 352 1766 in
384 1700 505 1786 templo
539 1701 709 1766 orantibus
740 1701 867 1766 locutus
898 1703 1013 1769 iuerat.
1061 1703 1155 1784 Quae

56 1813 153 1866 sutem
178 1799 272 1866 hisce
296 1798 547 1884 Chrysostomus
571 1799 665 1881 dicit,
689 1799 733 1863 ad
756 1819 868 1865 omues
892 1821 966 1864 suos
989 1799 1155 1867 auditores

57 1897 166 1984 dirigit,
200 1921 242 1962 ac
274 1897 371 1961 facile
403 1895 511 1978 vides,
545 1893 624 1960 dum
656 1897 817 1982 ejusmodi
850 1898 1086 1963 confessionem
1119 1901 1154 1964 in

57 1999 194 2060 oratione
219 1994 526 2076 commendatam
542 1993 728 2060 nullatenus
743 1993 926 2078 excludere,
942 2017 999 2081 pro
1024 1999 1064 2061 iis
1086 1998 1155 2082 qui·

57 2092 108 2157 bus
129 2115 169 2158 ea
194 2096 380 2158 necessaria
403 2101 496 2173 esset,
521 2092 790 2157 sacramentalem
814 2092 1060 2158 confessionem.

130 2191 185 2258 59.
211 2191 318 2255 Nemo
350 2211 445 2276 porro
476 2199 524 2254 est
556 2191 612 2276 qui
636 2191 773 2274 ignorat,
802 2199 943 2255 oratores
967 2190 1154 2276 eloquentes

57 2289 83 2352 in
103 2291 170 2354 suis
196 2288 401 2354 sermonibus
424 2287 515 2352 haud
536 2308 609 2352 raro
625 2288 703 2352 dum
726 2287 870 2374 aliquam
894 2289 1065 2352 veritatem
1088 2310 1154 2352 am·

57 2385 204 2470 plificant,
228 2385 282 2450 vel
305 2385 448 2472 aliquem
465 2385 596 2449 virtutis
619 2394 728 2449 actum
750 2384 990 2468 commendant,
1013 2387 1060 2449 ita
1083 2387 1154 2450 istis

58 2487 206 2567 insistere,
238 2505 278 2548 aa
308 2483 334 2548 si
368 2483 479 2548 omnia
506 2483 547 2547 iis
570 2484 830 2566 continerentur3
863 2505 925 2547 nec
954 2481 1032 2548 talia
1056 2483 1153 2548 effata

58 2583 194 2666 urgenda
227 2602 316 2663 esse,
349 2579 408 2644 sed
430 2579 620 2644 harmonice
652 2601 727 2645 cum
740 2655 745 2668 Ι
759 2580 832 2645 aliis
856 2579 1013 2644 doctrinis
1036 2580 1152 2645 intelli-

59 2679 169 2762 gtnda3
211 2699 305 2744 secus
328 2679 416 2742 enim
440 2677 557 2742 falsum
585 2697 716 2742 sensum
739 2677 907 2744 haberent.
948 2717 988 2726 —
1022 2677 1152 2743 Deinde

59 2775 324 2860 quemadmodum
348 2775 447 2840 etiam
465 2776 548 2861 justi
573 2785 605 2840 et
617 2775 789 2862 justificati
813 2777 1003 2862 saepissime
1026 2777 1061 2841 in
1083 2797 1152 2840 ora·

59 2874 189 2940 tionibus
222 2876 290 2939 suia
321 2873 423 2938 veluti
446 2872 681 2959 praescindunt
711 2896 732 2939 a
763 2895 822 2938 sua
848 2873 991 2959 justitia,
1017 2894 1151 2959 seseque

59 2969 214 3038 humiliter
236 2969 396 3036 exhibent
409 2971 480 3035 Deo
505 2981 541 3036 ut
555 2980 687 3036 onustos
701 2971 855 3057 peccatis,
879 2993 918 3036 ac
941 2980 1150 3056 peccatorum

59 3071 176 3136 reniam
203 3071 299 3134 enixe
322 3077 451 3154 petunt,
490 3071 536 3134 ita
572 3091 702 3156 quoque
738 3071 773 3134 in
809 3068 865 3133 illa
894 3067 1030 3133 homilia
1061 3091 1151 3154 prae·
1232 3122 1238 3133 .

59 3167 207 3233 scinditur
229 3189 249 3232 a
272 3167 471 3253 quaestione,
486 3188 528 3231 an
543 3166 747 3232 auditoribus
769 3177 904 3254 peccata
921 3167 993 3253 jam
1015 3167 1149 3231 remissa

59 3265 119 3348 sint,
146 3266 270 3351 illaque
302 3263 486 3328 humiliatio
516 3274 549 3329 et
575 3264 735 3330 confessio
768 3266 919 3329 miseriae
946 3265 981 3327 in
1004 3265 1150 3328 oratione

14 3420 19 3429 .
59 3359 117 3426 Deo
137 3363 227 3428 iacta
248 3362 443 3449 proponitur
465 3372 501 3425 ut
519 3362 674 3446 medium,
699 3384 762 3450 quo
787 3361 973 3427 obtineatur
994 3362 1150 3426 orationis

13 3450 20 3561 ζ
59 3461 193 3526 efficacia
216 3470 249 3525 et
279 3461 406 3545 peccati
436 3461 543 3526 venia.
590 3461 731 3525 Veniam
758 3459 882 3524 scilicet
913 3461 1039 3547 peccati
1070 3457 1149 3524 obti-

12 3561 13 3565 ’
60 3578 167 3641 uenus,
201 3567 272 3622 tum
305 3556 436 3644 quando
468 3559 611 3644 primum
647 3567 820 3644 peccatum
851 3559 1046 3640 remittitur,
1078 3567 1149 3621 tum

11 3578 21 3853 Ι
60 3656 173 3740 quando
208 3655 289 3720 haec
320 3656 468 3720 remissio
502 3655 732 3738 confirmatur,
765 3676 872 3743 poena
899 3655 990 3741 juata
1021 3657 1148 3741 peccati

59 3754 147 3838 magis
168 3754 340 3839 magisque
369 3755 593 3838 imminuitur,
617 3764 649 3819 et
678 3754 793 3842 majori
817 3753 1021 3818 abundantia
1042 3753 1149 3838 gratia

14 3856 20 3931 ξ
61 3845 159 3917 haina
180 3850 276 3916 nobis
300 3851 499 3918 conceditur.

12 4080 17 4109 ι
132 4045 184 4112 60.
209 4043 452 4112 concludamus
481 4069 627 4135 eaquae
659 4047 702 4112 ad
725 4049 952 4114 necessitatem
975 4047 1141 4112 confessio·
1190 4066 1214 4110 s.
1231 4068 1280 4112 rso.

61 4143 100 4205 nis
119 4153 325 4230 peccatorum
347 4145 499 4230 gravium
522 4147 696 4232 pertinent,
726 4148 812 4211 notis
835 4145 944 4211 verbis
968 4143 1000 4210 S.
1034 4145 1148 4210 Leonis

62 4236 237 4329 inepistola
265 4243 309 4308 ad
340 4244 509 4329 episcopos
542 4241 743 4330 Campaniae
775 4243 852 4309 data
883 4241 964 4332 (80),
989 4265 1054 4332 qua
1075 4265 1147 4332 pro·
