2836 4804
226 432 279 484 set
633 427 674 482 De
692 429 779 484 tribus
799 427 940 497 Capitalis.

226 571 337 659 τηαν).
371 611 414 620 -
448 571 671 638 Constitutum
704 573 804 657 igitur
828 571 971 656 Vigilius
995 572 1190 657 Imperatori
1214 572 1330 652 obtulit,

227 669 315 757 qued
348 669 489 736 Garnier
521 670 602 734 dicit
628 669 771 734 mirabili
802 669 940 755 quadam
976 671 1100 734 ratium
1132 673 1331 758 comperimus,

227 779 262 832 ut
283 768 364 832 aidil
386 781 473 832 seete
497 768 620 832 saeoqu
636 766 748 832 melias
762 768 885 853 etforte
896 791 962 853 por
985 768 1103 832 editam
1125 767 1333 855 reportatum).

229 864 313 930 Cum
345 866 506 932 Pontifice
541 887 616 930 vero
650 866 794 930 sedecim
829 867 975 950 episcopi
1012 865 1233 930 occidentales
1264 865 1332 930 huic

230 961 413 1029 Constituto
437 965 670 1049 subscripsere.

316 1061 369 1128 59.
394 1061 553 1126 Auctorcs
564 1062 698 1148 quidam
710 1060 812 1126 dubia
827 1063 1027 1146 exprimunt,
1040 1071 1149 1126 utrum
1165 1060 1247 1126 illud
1262 1059 1334 1125 Con-

230 1160 379 1224 stitutum
402 1159 444 1223 ab
468 1159 670 1244 Imperatore
694 1157 842 1223 Concilio
867 1159 1146 1222 communicatum
1169 1159 1334 1236 fueritne

230 1257 312 1321 forte
336 1256 484 1322 Concilio
503 1258 575 1343 jam
598 1256 747 1322 absoluto
781 1256 823 1320 ad
856 1255 1092 1341 Imperatorem
1116 1255 1335 1340 pervenerit³).

231 1354 296 1420 Sed
319 1379 361 1420 ex
384 1358 466 1420 actis
490 1353 630 1420 Consilii
657 1356 756 1441 juxta
781 1353 861 1419 Ced.
885 1355 989 1419 Paris.
1020 1354 1111 1439 apud
1134 1354 1336 1418 Harduinum
1401 1437 1402 1440 Ἴ

231 1455 309 1517 satis
334 1453 506 1539 colligitur,
531 1453 611 1539 quid
635 1452 794 1518 acciderit
817 1451 927 1538 quoad
950 1451 1013 1516 hoc
1036 1451 1337 1518 documentorum

232 1553 323 1616 initio
360 1552 515 1616 videlicet
547 1554 705 1638 septimae
730 1549 936 1632 Collationis,
972 1572 1057 1636 quae
1089 1551 1144 1614 die
1179 1551 1234 1616 26⁰
1265 1549 1336 1633 Maji
1401 1599 1402 1608 ἦ

232 1648 346 1714 habita
368 1661 426 1732 est,
452 1648 687 1715 Constantinus
712 1647 874 1729 Quaestor
907 1649 991 1712 sacri
1020 1649 1152 1733 palatii,
1178 1648 1221 1712 ab
1244 1649 1339 1732 Impe·
1401 1715 1402 1720 γ

232 1756 338 1812 ratore
368 1750 496 1830 missus,
529 1747 683 1812 Patribus
715 1746 815 1810 refert
847 1746 942 1830 plura
974 1768 1058 1832 quae
1090 1745 1155 1810 hue
1189 1755 1337 1832 spectant.

234 1845 397 1910 Videlicet
420 1847 565 1932 Vigilius
597 1845 650 1910 die
682 1842 897 1928 antecedepte
930 1866 988 1930 per
1011 1843 1254 1908 subdiaconum
1276 1841 1338 1906 Ser·

233 1944 368 2008 vumdei
392 1946 568 2009 accersivit
599 1944 642 2008 ad
675 1965 709 2007 se
732 1942 929 2006 Belisarium
957 1940 1104 2026 aliosque
1127 1943 1265 2024 nobiles,
1288 1942 1338 2004 eis·
1401 1957 1402 2028 ff

234 2065 298 2129 que
322 2065 423 2128 quum
448 2043 615 2106 venissent
639 2041 733 2120 dixit,
765 2063 799 2104 se
832 2039 947 2104 fecisse
981 2039 1130 2105 chartam
1154 2040 1264 2127 quoad
1285 2039 1338 2101 tris
1401 2049 1402 2062 ³

236 2139 397 2226 Capitulo,
432 2142 590 2226 petiitque
624 2149 659 2202 ut
682 2159 755 2202 eam
778 2137 960 2222 relegerent
992 2138 1089 2202 etad
1113 2139 1339 2224 Imperatorem

235 2239 409 2304 deferrent.
454 2239 523 2324 Ipsi
547 2245 741 2302 recusarunt
763 2245 935 2320 acceptare
958 2234 1115 2300 libellum.
1142 2236 1240 2302 Unde
1262 2235 1339 2316 vigi·
1401 2229 1402 2304 ]

234 2336 298 2399 lius
322 2339 410 2400 misit
433 2337 475 2400 ad
498 2337 734 2420 Imperatorem
758 2331 999 2396 subdiaconum
1023 2355 1118 2398 suum
1143 2331 1339 2400 servumdei.
1401 2351 1402 2356 ¹

236 2432 301 2500 Sed
323 2433 504 2519 Imperator
537 2455 612 2496 eum
642 2431 815 2495 admittere
839 2430 954 2512 noluit,
988 2432 1227 2518 mandavitque
1251 2433 1288 2507 ei,
1310 2439 1340 2490 ut

236 2531 318 2595 hacc
336 2533 539 2596 renuntiaret
553 2530 690 2614 Vigilio:
718 2527 810 2602 Quod
832 2551 888 2592 aas
912 2529 1036 2614 quidem
1058 2532 1263 2595 invitavimus
1284 2551 1341 2592 etim

237 2631 397 2693 eoaoeuire
421 2653 486 2692 aaa
509 2651 577 2692 eam
600 2628 787 2692 beatissimis
800 2627 998 2713 patriarchis
1020 2637 1049 2690 et
1073 2631 1208 2692 caeteris
1230 2626 1341 2711 relipio·
1401 2653 1402 2676 i

236 2729 368 2792 mamis
392 2729 556 2815 episcopis,
589 2737 619 2790 et
647 2727 847 2790 communiter
876 2748 943 2788 oram
975 2725 1054 2811 ipsis
1086 2726 1124 2790 de
1158 2728 1232 2790 istis
1254 2723 1342 2788 ratos
1401 2733 1402 2746 ¹

240 2823 398 2910 Capitalis
428 2837 491 2889 tarn
523 2826 706 2888 examinare
738 2844 830 2910 qaam
853 2823 1011 2912 judicare.
1062 2821 1137 2888 Clam
1170 2835 1272 2890 autem
1296 2822 1343 2883 ltoc

238 2924 398 3002 recusasti,
423 2924 502 2987 dieis
525 2945 597 2988 aero
628 2922 781 3008 quaedam
814 2921 898 2985 solas
927 2922 1089 3006 scripsisse
1108 2945 1170 3007 per
1194 2933 1223 2985 te
1246 2922 1283 2986 de
1302 2921 1343 2982 ut
1401 2987 1402 2992 γ

239 3019 337 3083 tribus
369 3019 540 3108 Capitulis,
570 3019 722 3105 siquidem
753 3020 967 3084 ooadamuasti
998 3041 1036 3082 ea
1068 3029 1275 3084 permananter
1303 3018 1344 3078 aa

239 3141 317 3202 qaae
333 3124 405 3206 jam
418 3120 515 3205 fucta
540 3130 612 3182 aete
635 3128 726 3195 aaut,
749 3116 894 3180 habemus
907 3116 1008 3180 malta
1032 3117 1113 3180 talia
1136 3141 1217 3203 puae
1233 3115 1343 3204 fecisti.

231 3219 264 3302 jt
278 3215 377 3281 altero
393 3239 457 3280 aaa
472 3217 656 3302 indigemus.
684 3213 720 3280 St
732 3225 836 3278 autem
855 3214 980 3300 aliquid
1000 3217 1195 3280 contrariam
1213 3215 1265 3300 leis,
1275 3235 1343 3299 quos

240 3336 308 3377 eam
328 3324 400 3377 aete
414 3314 512 3399 faeta
530 3324 603 3378 suat
620 3307 834 3398 inpraesenti
847 3311 969 3396 fecisti,
992 3323 1025 3376 tu
1046 3323 1074 3376 ta
1094 3314 1199 3399 ipsum
1216 3335 1277 3399 per
1298 3323 1345 3374 uio

240 3411 359 3496 sarapta
373 3411 576 3490 condemnas,
597 3435 616 3474 a
632 3412 725 3474 rectis
739 3410 892 3474 desistens
908 3409 1103 3496 dopmatibes
1117 3421 1146 3474 et
1163 3413 1344 3497 impietatem

240 3509 421 3594 defendens.
447 3510 489 3574 Et
505 3509 655 3594 quomodo
672 3532 693 3572 a
708 3519 735 3572 te
749 3508 894 3572 habemas
915 3507 1008 3572 telam
1023 3509 1162 3573 martam
1176 3505 1345 3595 simperti

240 3645 283 3654 -
307 3607 350 3669 Et
371 3607 425 3670 loa
449 3607 524 3672 dato
537 3628 685 3694 responso
701 3629 722 3670 a
731 3607 878 3692 piissima
896 3607 1107 3692 Imperatore,
1131 3608 1270 3670 chartam
1291 3624 1344 3666 eoa

241 3705 420 3770 destinavit.
436 3743 479 3752 —
496 3703 595 3768 Haud
615 3703 753 3768 dubium
775 3714 836 3786 est,
858 3703 913 3768 hic
931 3705 986 3788 agi
1006 3703 1047 3768 dc
1062 3701 1247 3768 Constituto
1266 3699 1345 3765 avi·

241 3802 319 3886 gilio
340 3804 534 3888 conscripto,
561 3801 778 3887 videmusque
801 3802 864 3866 hoe
885 3800 1106 3866 Constitutum
1130 3825 1150 3864 a
1167 3799 1287 3885 vigilio
1308 3797 1345 3862 ab

241 3900 441 3985 Imperatore
450 3899 628 3990 repulsum,
642 3909 674 3964 et
685 3923 747 3964 nec
757 3900 835 3964 huic
844 3921 905 3964 nee
915 3897 1061 3964 Concilio
1075 3899 1232 3964 traditum
1245 3893 1344 3961 esse‘l.

242 4013 456 4112 *iffae—sa
475 4041 505 4097 r.
525 4041 557 4095 v.
576 4059 601 4111 p.
621 4043 681 4096 aas.
828 4043 854 4111 1)
872 4041 1034 4095 cesanam
1053 4041 1085 4095 se
1103 4039 1135 4095 v.
1154 4039 1265 4106 sysoio.

316 4123 338 4191 ⁸)
358 4122 413 4176 Cir.
433 4139 454 4175 e.
473 4137 500 4190 g.
520 4123 656 4188 Wouters,
675 4121 788 4180 Dissert.
807 4122 873 4176 Tem
902 4121 940 4177 11.
959 4121 1064 4176 dissert.
1085 4119 1237 4175 xxxvia.

317 4204 339 4270 ⁴)
360 4201 390 4256 V.
412 4201 541 4256 Herann.
561 4202 626 4256 Coll.
647 4201 726 4258 Cone.
745 4203 774 4258 Τ.
794 4203 845 4256 ΠΙ.
864 4219 890 4271 p.
910 4203 969 4256 171.
