2924 4818
249 473 302 527 los
491 477 531 531 Ds
549 477 625 536 Rom.
644 479 722 535 Pont.
740 483 840 539 moui
859 484 937 552 primi
956 489 985 537 st
1002 483 1119 538 secundi.

193 618 1374 713 ¹uuest....Hosst'ploenssu'tetlicfieei,quidsoeissdetsm-

250 716 292 778 tis
313 714 454 780 millibus
476 718 642 801 lominum,
667 733 712 788 tot
732 726 812 789 visis
831 749 869 788 oe
883 722 1029 809 feminis,
1053 725 1154 786 omnia
1176 744 1281 800 sem,
1305 744 1374 785 osn-

248 814 300 876 m's
323 815 449 891 aetatis,
474 818 574 880 onmis
597 817 774 904 diqnitotis²
808 821 1009 908 offerentibus
1039 843 1070 884 se
1101 819 1180 883 sibit
1229 816 1375 892 Quantis

247 905 376 995 ylodt'is,
400 913 528 996 quentis
550 914 675 1000 iginibus
698 941 775 1003 opus
799 919 880 983 erit?
906 915 992 990 Quid
1014 920 1087 1003 ipso
1114 915 1270 1000 Carthaea
1290 937 1373 1000 pas·

248 1030 325 1070 staro
348 1019 394 1073 est
411 1009 600 1074 decimando
622 1037 642 1075 α
659 1025 697 1092 te,
724 1039 791 1078 cuns.
806 1018 1017 1102 propin-quos,
1037 1038 1104 1078 cnm
1128 1011 1376 1077 contubernales

249 1127 322 1170 snos
352 1104 421 1170 illio
452 1111 660 1194 unusquisque
694 1115 883 1198 coqneverit,
907 1137 975 1176 eum
1001 1112 1116 1175 uiderit
1138 1111 1206 1174 illie
1220 1110 1374 1196 fortasse

249 1213 279 1267 et
303 1205 350 1266 tui
372 1204 495 1268 ordinis
516 1207 601 1268 viros
624 1219 654 1270 et
676 1220 847 1290 menoses,
869 1222 898 1274 et
915 1209 1115 1296 principales
1137 1231 1274 1295 quosque
1294 1229 1373 1293 per·

249 1321 354 1378 sonas,
378 1311 408 1364 et
431 1304 601 1367 aosioomm
617 1314 739 1370 tuonsm
758 1306 808 1370 sel
823 1306 1085 1394 propinquasset
1107 1305 1244 1368 amieoel
1269 1305 1374 1368 Parae

249 1420 320 1483 erqo
345 1398 411 1476 sibi,
436 1399 465 1460 si
486 1423 550 1463 ooo
572 1401 680 1482 nobi&
698 1427 797 1488 parce
825 1402 1018 1490 Cardsayioi,
1043 1405 1072 1466 ss'
1093 1425 1157 1466 noo
1182 1401 1241 1465 tibi
1261 1401 1306 1488 (o.
1322 1399 1372 1488 5).

249 1493 471 1560 Tertullianus
501 1498 602 1580 igitur
630 1498 693 1562 hoe
724 1501 757 1563 in
786 1501 941 1585 opusculo
973 1501 1055 1565 dicit
1079 1523 1183 1586 poene
1215 1503 1373 1588 mojorem

245 1601 370 1677 portem
393 1592 538 1656 civitatis
562 1597 721 1682 cujusque
745 1597 893 1684 (Africae
923 1597 1089 1682 propriae)
1113 1619 1183 1661 esse
1208 1594 1372 1660 Christia-

250 1709 318 1768 nos,
336 1698 368 1752 et
384 1691 493 1774 quoad
507 1691 741 1776 Carthaginem
757 1696 794 1758 de
812 1697 911 1759 tantis
926 1695 1066 1758 millibus
1080 1694 1234 1779 loquitur.
1260 1691 1372 1756 Exeo

248 1795 359 1850 temen
384 1788 471 1872 quod
502 1789 580 1853 dein
610 1801 721 1855 utetur
750 1792 851 1855 verbo
883 1792 1075 1869 deeimaodi,
1106 1799 1220 1853 auctor
1256 1788 1371 1865 infert,

249 1904 365 1948 revera
388 1893 517 1950 tantum
548 1890 679 1952 eireiter
703 1889 867 1954 desimam
897 1899 1023 1974 partem
1048 1889 1193 1951 civitatis
1217 1885 1373 1949 christia-

249 1979 355 2044 nismo
385 1979 553 2047 eddiotem
580 1983 690 2051 luisse.
716 1985 781 2052 Sed
805 1989 904 2050 etiam
927 1985 1009 2050 haec
1034 1984 1134 2049 illatio
1159 2006 1225 2048 non
1250 1994 1302 2046 est
1326 1983 1373 2047 nd

247 2077 395 2160 regulam
418 2100 558 2165 aequam
582 2093 708 2148 exacta.
757 2083 918 2164 Quamvis
942 2085 1030 2148 enim
1054 2084 1209 2145 decimare
1233 2080 1371 2165 proprio

249 2195 347 2238 sensu
360 2175 532 2259 significet,
550 2178 715 2244 decimum
732 2203 895 2267 quemque
908 2181 1048 2266 alicujus
1063 2177 1285 2244 multitudinis
1301 2177 1371 2240 exi-

250 2292 339 2334 mere
351 2283 384 2335 et
397 2275 514 2357 punire
531 2277 650 2360 virum,
667 2288 777 2342 tamen
793 2281 892 2342 etiam
910 2300 1007 2342 sensu
1024 2279 1133 2341 minus
1148 2274 1371 2338 determinato

250 2367 389 2432 verbum
422 2370 572 2437 adhiberi
605 2385 720 2459 potest,
754 2398 855 2462 quum
889 2398 931 2439 ex
955 2373 1165 2440 multitudine
1188 2393 1275 2457 pars,
1308 2372 1370 2434 etsi

251 2465 380 2530 deoims
396 2469 509 2552 major,
534 2469 683 2555 seligitur
706 2484 739 2537 et
756 2475 902 2558 punitur.
926 2473 1028 2538 ‘lotus
1052 2478 1235 2548 contextus,
1253 2489 1370 2554 quam·

251 2563 302 2626 vis
326 2585 400 2626 oum
425 2565 680 2651 amplificatione
700 2571 852 2655 loquatur
866 2569 1099 2650 Tertullianus,
1125 2567 1260 2646 indicat,
1285 2565 1370 2628 mul-

250 2659 426 2725 titudinem
440 2661 702 2730 Christianorum
727 2689 793 2731 non
818 2669 864 2730 ita
887 2667 1040 2748 restringi
1065 2685 1170 2751 posse.
1201 2701 1244 2710 —
1269 2661 1371 2726 Corte

250 2779 352 2844 quum
376 2759 632 2845 Apologetarnm
656 2773 850 2848 argumenta
869 2764 1019 2848 legimus,
1043 2759 1281 2826 attendendum
1306 2769 1369 2840 est,

251 2877 306 2920 eos
330 2855 512 2921 identidem
529 2859 611 2943 stylo
628 2859 791 2925 rhetorico
807 2872 839 2924 et
854 2859 1112 2945 amplificatione
1135 2859 1193 2938 uti,
1218 2865 1370 2920 attamen
1458 2889 1459 2896 κ

249 2952 339 3017 haud
363 2955 409 3017 ita
432 2975 544 3019 eorum
569 2956 658 3020 diota
672 2957 901 3044 restringenda
916 2965 1008 3036 sunt,
1032 2965 1068 3018 ut
1091 2956 1142 3018 vis
1166 2954 1371 3018 demonstra·

249 3052 349 3116 tionis
371 3060 493 3138 pereat.
538 3053 700 3134 Quamvis
721 3054 878 3119 videlieet
891 3052 1065 3139 splendide
1087 3050 1242 3137 loquendi
1259 3049 1370 3113 forms

249 3157 393 3230 utentur,
417 3157 527 3213 tamen
551 3151 639 3215 lacte
663 3173 747 3237 quse
770 3151 916 3215 referunt
939 3172 1032 3232 vera,
1057 3159 1090 3213 et
1112 3155 1306 3231 argumenta
1333 3148 1369 3210 in

249 3268 283 3309 se
306 3243 419 3309 valida
443 3256 529 3312 sunt.
575 3248 662 3313 Sane
686 3249 749 3311 viri
774 3247 820 3312 illi
852 3249 998 3331 insignes
1022 3248 1048 3310 si
1072 3245 1155 3310 falsa
1178 3243 1370 3308 attidissent

249 3343 346 3424 laeta,
363 3341 452 3406 nullo
476 3345 605 3428 negotio
630 3368 649 3408 a
672 3347 810 3430 paganis
830 3345 961 3408 refutati
986 3351 1108 3426 essent3
1133 3363 1196 3406 neo
1218 3341 1281 3427 ipsi
1295 3349 1368 3404 tam

249 3439 358 3504 stolidi
383 3450 485 3520 erant,
509 3451 547 3504 ut
576 3464 615 3505 ea
642 3451 839 3522 assererent,
870 3461 954 3527 quse
977 3440 1080 3504 veluti
1104 3440 1253 3504 fictiones
1276 3459 1370 3502 men-

249 3537 348 3602 deoes
370 3535 458 3600 iflico
482 3538 574 3624 rejici
598 3537 826 3624 potuissent‚¹)

249 3737 438 3744 -—--..-——-
446 3737 460 3741 -,

324 3847 344 3916 ¹)
363 3845 418 3900 Otr.
437 3845 529 3912 Mory,
548 3843 586 3899 Le
605 3845 713 3900 nombre
731 3846 777 3900 des
801 3843 934 3900 uhrttiens
952 3845 985 3899 de
1004 3845 1092 3898 Neron
1111 3845 1128 3896 t
1146 3841 1294 3898 Commode
1313 3841 1368 3896 Re·

249 3943 300 3981 vus
319 3927 364 3981 des
383 3923 521 3991 questions
543 3922 606 3977 hist
631 3929 651 3977 t
675 3925 764 3978 ΧΧΠ.
788 3926 869 3992 1877,
894 3940 919 3992 p.
943 3923 1002 3978 517.
1024 3923 1129 3977 -Zur
1151 3920 1368 3976 aluhristlirhen

248 4005 384 4068 Ststistik‚
403 4003 476 4059 Hist.
489 4002 543 4058 vol.
562 3999 604 4058 1³1.
624 4003 702 4058 1875.
720 4003 751 4057 B.
771 4004 793 4059 1.
812 4005 837 4058 S.
855 4005 909 4057 stu
927 4020 982 4071 sqq.
1007 4033 1039 4042 -
1065 4001 1256 4058 Οὴτοιιουιιίω
1271 4001 1367 4055 Ponti-

248 4083 326 4138 fionm
344 4083 423 4151 primi
442 4089 471 4136 st
488 4081 596 4137 secundi
615 4082 715 4137 sseouli
740 4083 789 4136 hoo
813 4083 868 4136 loeo
886 4098 939 4135 non
954 4083 1105 4135 eoeumtius
1119 4080 1300 4144 dietwimus,
1318 4081 1367 4134 ssd

248 4177 332 4218 annos
350 4161 523 4232 pontifloatns
542 4161 719 4228 disposuimus
738 4161 880 4216 secuudum
900 4175 939 4215 eo.
960 4177 1027 4226 qum
1046 4160 1126 4213 habet
1142 4159 1250 4230 Lipsius
1268 4159 1297 4214 in
1315 4175 1367 4214 sus

248 4241 429 4312 chronologia
446 4239 504 4294 BR
523 4237 692 4306 Pontificum,
711 4247 741 4294 et
756 4239 798 4294 De
816 4241 915 4306 Smedt
935 4239 1047 4294 Dissert.
1066 4241 1099 4294 V.
