2790 4812
248 455 302 512 tte
530 453 570 508 De
588 451 741 510 Arienisrno
759 469 792 508 ac
808 453 841 508 de
859 451 938 510 (lonc.
956 453 1082 510 Nioeeno.

249 597 424 664 ordinabat
447 620 513 662 nou
538 607 666 662 tentum
696 597 923 683 Metropolitas
953 597 1083 664 illarum
1105 601 1357 684 provinciarum,

247 696 429 760 sedetiam
453 694 583 762 illorum
607 694 892 782 Metropolitarum
925 697 1096 783 episcopos
1129 697 1375 782 suffraganeos

249 796 304 880 qui
338 794 521 858 secundum
555 793 759 858 ordinarium
792 815 888 856 usum
921 817 941 860 a
970 794 1186 882 Metropolitis
1219 795 1356 859 ordinari

248 891 406 956 solebant.
452 890 498 954 At
485 899 609 956 ttamen
641 888 835 954 Patriarcba
862 890 1110 956 Alexandrinus
1136 893 1375 958 tantummodo¹

248 991 282 1052 in
316 991 507 1074 episcopum
540 986 685 1072 aliquem
728 986 881 1052 ordinare
920 998 1062 1075 poteret,
1095 991 1122 1055 si
1156 990 1356 1077 Metropolim

248 1109 344 1152 suum
377 1085 513 1152 dederat
546 1107 761 1154 consensum,
799 1085 855 1151 Sic
887 1087 1046 1169 synesius
1076 1110 1128 1173 ep.
1162 1089 1205 1152 76
1239 1090 1356 1175 petitu

247 1183 430 1270 Theophila
446 1182 638 1248 Patriarcha
660 1181 897 1266 Alexandrino,
922 1193 959 1247 ut
981 1195 1149 1250 consecret
1172 1188 1356 1272 episcopum

248 1282 388 1346 electum
404 1281 521 1348 Olbiae
535 1281 570 1344 in
585 1280 768 1366 Pentapoli,
793 1280 929 1364 addens,
953 1279 1040 1368 adpo
1056 1280 1140 1364 adyti
1154 1281 1215 1369 τὴν
1229 1281 1356 1366 {riacani

249 1378 359 1467 ψηφόν
382 1377 439 1442 ἐπὶ
462 1376 519 1442 τὸν
543 1375 651 1462 ἄνδρα,
677 1380 776 1442 etiam
792 1401 853 1462 ego
877 1379 1009 1444 confero
1034 1401 1143 1445 meum
1168 1403 1355 1446 consensum

247 1481 282 1542 in
305 1478 396 1542 huuc
419 1478 538 1540 virum.
585 1475 696 1560 Atque
729 1475 795 1540 huc
826 1479 926 1542 etiam
949 1478 1117 1562 pertinent
1147 1501 1235 1564 quae
1263 1481 1296 1543 in
1318 1501 1355 1542 se-

248 1575 358 1640 cunda
381 1583 473 1660 parte
498 1575 634 1638 canonis
649 1571 705 1638 VI'
724 1575 942 1657 continentur,
959 1597 1001 1638 ne
1025 1576 1182 1640 videlicet
1200 1578 1280 1662 jura
1301 1579 1355 1640 sin·

246 1672 399 1758 gulorum
422 1671 704 1757 Metropolitanum
728 1671 912 1758 privilegiis
935 1673 1203 1740 Patriarcharum
1231 1678 1355 1740 omnino

247 1771 510 1836 absorberentur.

339 1869 411 1932 115.
436 1867 540 1932 Sicuti
565 1865 799 1950 Alexandriae,
825 1868 870 1932 ita
900 1870 999 1933 etiam
1029 1868 1217 1934 Antiochiae
1250 1870 1353 1934 eadem

247 1968 319 2050 jura
352 1976 385 2029 et
413 1964 589 2050 privilegia
619 1964 865 2030 confirmentur.
908 1957 1092 2032 ¹Antiochia
1115 1968 1274 2033 videlicet
1295 1978 1354 2030 ciat

247 2063 340 2130 sedes
371 2061 599 2148 patriarchalis
631 2063 801 2127 Dioecesis
837 2061 1002 2146 Orientis,
1042 2065 1086 2128 ad
1119 2087 1221 2152 quam
1253 2067 1353 2130 variae

248 2163 439 2246 provinciae
469 2160 596 2248 (postea
623 2161 739 2225 saltem
769 2160 973 2248 quindecim)
1002 2163 1224 2246 pertinebant
1274 2164 1352 2227 Dum

248 2260 281 2324 in
306 2281 432 2324 canone
455 2258 653 2340 decernitur,
678 2259 712 2322 in
736 2261 868 2322 caeteris
890 2282 1008 2346 qaoque
1024 2261 1196 2346 Epaselsiis
1219 2259 1353 2326 ecclesiis

248 2381 307 2422 sua
321 2357 496 2442 privilegia
520 2357 748 2420 conservande
771 2379 851 2438 esse,
871 2358 981 2441 agitur
1003 2357 1045 2422 de
1068 2359 1176 2422 tribus
1190 2357 1353 2445 liparchiis

248 2478 345 2520 seusu
369 2457 538 2536 eminenti,
563 2477 621 2518 sen
653 2454 693 2518 de
717 2453 929 2536 Exarohatie,
955 2457 1072 2542 Jdpliesi
1100 2479 1159 2542 pro
1184 2458 1266 2522 Asia
1293 2477 1353 2543 pro·

248 2553 422 2634 consulari,
459 2551 633 2618 Caesareae
671 2551 903 2638 Cappadociae
942 2576 999 2638 pro
1031 2555 1156 2636 Ponto,
1191 2555 1351 2620 Heracleae

248 2652 335 2740 (post
336 2674 375 2715 ca
399 2649 714 2738 Constantinopolis)
751 2673 809 2764 pro
840 2651 993 2716 Thracia
1039 2652 1080 2716 In
1119 2605 1171 2716 bis
1211 2652 1352 2718 videlieet

248 2749 460 2836 liparchiiet
461 2769 513 2814 res
541 2748 589 2812 illi
614 2751 759 2834 episcopi
779 2750 857 2834 jura
889 2758 923 2813 et
950 2750 1126 2836 privilegia
1149 2751 1270 2816 similia
1291 2771 1375 2835 pos

248 2849 401 2912 sidebant
388 2857 538 2933 t,eaqne
562 2847 791 2912 conservanda
814 2869 884 2910 esse
908 2847 1137 2933 decernitur¹).

339 2946 411 3010 116.
436 2945 489 3008 Ex
513 2943 604 3008 hisce
627 2945 730 3008 altera
744 2947 892 3030 quaestio
911 2944 1008 3009 facile
1032 2945 1185 3026 solvitur,
1210 2917 1375 3010 videlicetl

248 3065 312 3128 quo
336 3045 500 3128 pertineat
524 3041 579 3106 illa
603 3042 784 3107 confirmat
763 3053 807 3107 110
838 3065 879 3106 ex
904 3059 993 3106 111010
1016 3043 1174 3122 Romano,
1200 3043 1375 3127 adquam
1374 2975 1375 3090 1

247 3141 401 3225 Synodus
433 3149 592 3225 provocat
579 3139 672 3204 this
704 3139 835 3204 verbis:
868 3142 944 3227 qaia
973 3153 1003 3204 et
1034 3142 1191 3228 Episcopo
1221 3143 1350 3205 11001000

242 3239 362 3324 parilia
384 3261 450 3302 mos
473 3249 528 3301 est.
576 3237 740 3302 Videlicet
763 3239 935 3323 episcopus
958 3237 1207 3304 Alexandrinus
1228 3259 1350 3324 ⁸compo·

247 3338 336 3400 nitur
359 3358 434 3399 cum
458 3337 612 3422 episcopo
637 3335 784 3400 Romano
809 3357 876 3401 nou
900 3337 1008 3421 quoad
1034 3335 1278 3422 metropolitica,
1301 3333 1348 3398 scd

247 3433 356 3519 quoad
382 3435 602 3519 patriarchica
624 3437 721 3522 jara,
746 3444 778 3497 et
806 3436 961 3520 episcopo
994 3433 1223 3500 Alexandrino
1247 3453 1349 3498 conre-

246 3534 375 3597 nienter
397 3533 586 3596 conservari
609 3553 669 3594 sua
689 3532 766 3615 jura
797 3533 831 3594 in
861 3542 963 3598 totam
987 3533 1174 3598 Diceoesim
1198 3555 1239 3597 ex
1261 3531 1349 3594 variis

245 3630 426 3716 provinciis
449 3637 652 3693 constantem
677 3627 755 3694 inde
770 3629 996 3712 confirmatur,
1020 3631 1110 3716 quod
1133 3631 1234 3695 etiam
1248 3631 1348 3694 Romu·

246 3751 308 3792 nus
330 3727 485 3791 Pontifex
504 3727 582 3813 jura
610 3726 729 3790 similia
758 3725 980 3812 patriarchica
1010 3730 1046 3793 in
1075 3738 1180 3792 totum
1204 3726 1347 3793 Occiden-

245 3838 312 3891 tem
336 3835 498 3907 exerccat,
522 3825 671 3910 adeoque
691 3825 767 3889 talis
781 3827 979 3892 Dioeceseoe
1002 3827 1192 3892 constitutio
1216 3822 1346 3890 corrobo

246 3935 335 3989 retur
358 3947 400 3988 ex
424 3945 484 3987 usn
512 3922 600 3986 illius
624 3923 798 4005 ecclesiae,
827 3945 912 4010 quae
942 3924 1144 4010 reliquarum
1168 3945 1279 3990 norma
1298 3929 1346 3982 est

247 4023 429 4108 Scriptores
460 4020 594 4108 quidam
627 4019 858 4085 difficultatem
888 4031 1063 4086 moverunt
1092 4033 1206 4090 contra
1230 4021 1346 4107 patriar·

252 4171 374 4178 ..-—------
381 4171 456 4178 -n--a

323 4237 342 4300 ¹)
361 4233 544 4288 17111οΗ01010
563 4233 592 4286 Ο.
613 4233 644 4286 G.
664 4233 737 4288 Tem.
757 4233 778 4288 Ι.
798 4233 826 4287 in
846 4234 916 4288 huno
935 4233 1079 4290 Catonem.
