2936 4814
243 467 278 522 26
521 467 561 520 De
578 467 671 522 hitsor.
689 466 782 522 eccles.
796 469 863 521 ortu
880 481 912 521 sc
929 483 1079 537 progressu

244 609 427 687 tatioaibus,
452 607 573 694 quibus
594 608 793 694 multiplices
807 613 1016 695 quaestiones
1039 611 1193 692 elucidat,
1218 612 1360 676 difficul-

170 758 176 770 .
243 717 326 772 tates
359 706 528 788 dissolvit,
552 707 725 794 fontesque
752 709 859 792 aperit
893 709 935 772 iis
967 711 1024 794 qui
1057 711 1244 772 accuratius
1276 708 1360 774 haec

242 807 381 870 scrutari
412 803 612 870 desiderant.
659 803 751 884 Quas
781 804 1026 870 dissertationes
1056 815 1176 889 tamen,
1206 817 1244 870 ut
1273 829 1360 872 com-

240 903 345 989 pleret
367 913 401 966 ct
423 905 549 985 integre
573 901 615 964 ad
637 901 736 964 finem
751 902 955 987 perduceret,
979 904 1150 988 inopinata
1172 905 1244 989 ejus
1267 927 1360 990 prae·

240 1001 369 1086 pedivit
382 1021 479 1082 moro,
495 1021 560 1084 qua
575 1019 617 1062 ex
631 999 730 1084 hujus
744 1002 900 1085 temporis
910 1002 1072 1084 angustiis
1081 1011 1180 1087 atque
1189 1001 1361 1066 laboribus

240 1099 283 1163 ad
299 1098 467 1162 meliorem
487 1106 624 1160 vocatus
647 1106 697 1159 est
711 1095 814 1160 vitam
829 1098 1042 1164 aeternitatis.
1066 1137 1109 1146 -
1132 1099 1359 1164 Bollaudistae

239 1197 473 1280 gravissimum
499 1213 595 1258 suum
625 1203 658 1256 et
680 1194 819 1279 perutile
843 1216 925 1280 opus
954 1197 1055 1259 etiam
1087 1200 1207 1261 nostris
1240 1197 1359 1262 diebus

240 1295 527 1373 continuaverunt,
553 1301 586 1354 et
609 1289 759 1376 plmibus
774 1291 1000 1358 voluminibus
1015 1294 1057 1358 de
1072 1295 1149 1359 vitis
1160 1295 1381 1360 Sanctorum·

240 1391 338 1454 editis
355 1389 620 1474 comprobarunt,
639 1388 895 1454 clarissimorum
912 1392 1201 1476 praedecessorum
1215 1393 1359 1476 vestigia

240 1490 389 1574 apprime
413 1488 501 1572 ipsos
526 1488 629 1572 sequi,
645 1496 715 1550 tum
730 1488 870 1551 ferream
886 1487 1092 1572 diligentiam
1116 1489 1205 1574 quod
1228 1490 1358 1572 attinet,

239 1593 310 1648 tum
325 1587 524 1650 severiorem
544 1594 648 1647 artem
664 1585 813 1648 criticam
827 1594 860 1648 et
874 1586 1110 1672 amplissimam
1125 1585 1358 1650 eruditionem.

239 1683 292 1746 Ex
332 1681 453 1769 quibua
478 1683 511 1745 P.
541 1680 675 1746 Carolus
706 1683 756 1746 Dc
786 1681 902 1762 Sracdt,
935 1676 1095 1747 antesin
1124 1681 1269 1765 Collegio
1294 1681 1358 1744 Lo-

239 1783 389 1845 vanienai
420 1781 454 1846 S.
484 1777 516 1844 J.
540 1779 713 1866 professor,
737 1781 987 1844 Dissertatioaes
1016 1801 1147 1866 quoque
1170 1779 1358 1864 praeclaras
1461 1833 1462 1842 ,

238 1879 273 1942 in
297 1881 407 1943 varias
430 1876 600 1940 Ecclesiae
632 1885 765 1958 aetates,
799 1879 1004 1963 conscripsit,
1038 1899 1120 1962 quas
1143 1877 1235 1940 bisce
1258 1878 1357 1940 annis

238 1976 334 2039 edere
359 1977 467 2060 coepit
490 1977 524 2038 in
548 1993 703 2056 magnam
729 1973 902 2037 utilitatem
917 1995 1041 2057 eorum,
1066 1976 1123 2059 qui
1147 1974 1354 2058 profundiori

237 2076 390 2136 examine
413 2072 584 2135 Ecclesiae
609 2072 677 2134 fata
700 2073 838 2134 scrutari
862 2073 1022 2138 nituntur.

627 2250 960 2338 Coactustc

326 2363 378 2428 30.
402 2363 627 2447 Exposuiutus
652 2363 847 2448 compendio
876 2364 1020 2450 quodam
1043 2364 1266 2428 evolutionem
1290 2363 1355 2427 dis-

237 2461 378 2547 ciplinae
402 2460 558 2522 historiae
588 2460 830 2524 ecclesiasticae
860 2471 892 2524 et
922 2471 1042 2525 statum
1065 2463 1137 2546 ejus
1160 2461 1354 2547 pervarias

235 2559 387 2644 epochas.
443 2555 548 2620 Multa
579 2558 725 2642 proiecto
757 2558 866 2622 forent
903 2557 1067 2641 addenda,
1101 2561 1128 2622 si
1159 2559 1353 2622 innumeros
1461 2631 1462 2636 γ

235 2657 336 2721 libros
366 2657 406 2720 de
437 2655 686 2740 quaestiouibus
724 2655 923 2740 specialibus
951 2657 1117 2720 confectos
1146 2675 1351 2736 enumcrare,

234 2754 289 2818 vel
312 2754 550 2818 haereticorum
574 2773 674 2837 opera
692 2761 724 2816 et
738 2753 982 2817 incredulorum
1006 2753 1352 2837 rationalistarumquc

235 2861 380 2933 conatus,
405 2850 526 2936 quibua
549 2849 734 2914 Ecclesiam
754 2873 796 2912 ex
810 2849 947 2914 historia
961 2871 1152 2938 oppugnare
1175 2851 1238 2914 nisi
1262 2860 1351 2930 sunt,

233 2950 411 3062 explanare
421 2947 591 3012 vellemus.
616 2947 661 3012 At
683 2947 870 3033 prolixioris
891 2947 967 3032 styli
991 2948 1054 3012 hcc
1077 2957 1230 3012 esset.-
1255 2945 1351 3026 Quae

233 3049 381 3133 exposui,
406 3045 521 3109 saltem
540 3046 707 3108 notionem
722 3043 868 3130 aliquam
882 3045 1079 3130 generalem,
1104 3066 1162 3108 seu
1185 3045 1349 3129 picturam

233 3145 412 3230 quamdam
450 3141 579 3206 confido
618 3142 795 3206 lectoribus
833 3142 1043 3230 praebuisse,
1082 3141 1171 3206 unde
1200 3161 1351 3228 perspec-

231 3252 303 3305 tum
331 3241 576 3324 habeantque
612 3241 739 3304 ratione
776 3242 811 3304 in
834 3240 985 3304 Ecclesia
1026 3239 1202 3325 disciplina
1238 3249 1350 3303 nostra

232 3338 364 3403 exculta
401 3338 452 3401 sit.
498 3337 538 3400 ld
576 3353 678 3400 unum
717 3339 802 3420 dico,
840 3355 905 3423 quo
943 3338 985 3402 ad
1023 3337 1168 3402 studium
1206 3336 1350 3420 diligens

232 3436 387 3500 historiae
415 3433 658 3498 ecclesiasticae
682 3433 792 3499 clerici
821 3437 1016 3500 excitentur.
1063 3435 1254 3500 Universim
1278 3436 1350 3519 qui-

232 3534 308 3597 dem
332 3551 448 3596 verum
472 3541 522 3594 est
545 3531 626 3596 illud
656 3531 756 3596 Tullii
782 3532 968 3596 Ciceronis:
1008 3535 1139 3597 Nescire
1161 3532 1238 3618 quid
1261 3543 1349 3595 uate-

231 3653 324 3717 prtum
352 3641 447 3694 naute
479 3631 524 3692 aia
555 3629 715 3707 acciderit,
749 3631 785 3694 id
816 3642 863 3694 eat
895 3653 1014 3717 semper
1046 3651 1111 3694 esee
1128 3649 1282 3716 pateram
1313 3641 1350 3693 at

231 3731 377 3792 maxime
393 3746 471 3791 sane
487 3728 644 3790 convenit
659 3727 830 3808 sacerdoti,
846 3736 883 3792 ut
893 3728 1063 3792 Ecclesiae
1077 3729 1145 3792 fata
1159 3737 1349 3811 cognoscat

232 3826 344 3905 Quum
352 3823 1349 3908 vcroexhistorianostrisdiebusincreduli,baereticietapo-

231 3930 334 3985 statae
362 3930 454 3985 tanta
484 3939 560 3984 cum
590 3920 730 4006 perfidia
769 3941 883 3984 veram
920 3921 1113 4006 religionem
1143 3930 1348 4006 oppugnent,

230 4021 423 4105 animosque
447 4021 710 4084 circumveniant
732 4018 890 4101 fidolium,
920 4019 1018 4106 plane
1048 4021 1270 4084 necessarium
1297 4028 1350 4082 est

230 4118 302 4182 viro
331 4117 563 4197 ecclesiastico,
588 4118 656 4179 ut
648 4117 688 4181 ris
716 4117 915 4246 respondere
938 4139 1075 4202 remque
1098 4117 1268 4181 Ecclesiae
1293 4116 1348 4180 de-

228 4214 364 4278 fendere
387 4213 505 4278 valeat.
