2810 4846
83 1092 132 1131 llrro

135 1103 166 1132 ns
183 1104 241 1142 prrsu-

144 1153 179 1193 *ll'
249 1173 402 1258 expedit,
436 1171 600 1256 quomodo
632 1193 757 1235 errores
789 1172 874 1235 varii
906 1171 948 1235 de
980 1171 1213 1236 Incamatioue
1244 1195 1281 1236 ac
1313 1170 1346 1234 de

640 451 680 504 De
698 449 816 504 Condlio
834 449 975 518 Ephesiae.

779 687 839 750 Π.

314 819 382 882 De
404 819 597 884 haereat
619 819 914 883 nestoriana
936 834 991 883 ac
1014 819 1068 882 de
1091 817 1295 884 Coucttto

682 943 933 1024 Ephesiae.

337 1075 392 1140 45.
416 1075 468 1138 De
500 1072 628 1138 haeresi
659 1074 803 1138 Nestorii
835 1075 941 1138 acturi
969 1075 1084 1158 paucis
1107 1093 1348 1138 commemorare

249 1273 371 1336 unione
395 1279 532 1334 naturae
555 1269 720 1334 humanae
743 1277 776 1332 et
800 1269 934 1334 divinae
958 1270 992 1332 in
1017 1267 1158 1350 Christo,
1178 1270 1250 1356 jam
1271 1289 1347 1354 prae·

250 1369 379 1432 cedenti
402 1377 548 1452 tempore
571 1387 700 1451 serpere
724 1368 901 1450 coeperint,
926 1368 1117 1452 seminaque
1140 1367 1284 1432 haeresis
1297 1367 1348 1430 lie·

249 1467 415 1530 storianae
446 1465 488 1530 ab
521 1464 595 1528 aliis
627 1465 791 1548 magistris
810 1465 902 1549 jacta
930 1466 1005 1530 siut.
1050 1465 1138 1530 Nam
1161 1477 1195 1530 et
1218 1486 1347 1530 errorum

249 1572 298 1628 est
321 1584 380 1626 sua
404 1561 557 1642 evolutio,
582 1583 681 1647 quam
704 1583 839 1626 noscere
858 1563 966 1647 juvat.
997 1599 1041 1610 —
1063 1562 1143 1628 Jarn
1167 1566 1203 1628 in
1227 1563 1347 1628 Ariano-

248 1683 321 1724 rum
344 1658 471 1724 haeresi
501 1681 590 1723 error
621 1659 769 1724 funestus
801 1659 843 1724 de
867 1660 1097 1724 incarnatione
1121 1660 1347 1724 continebatur.

249 1757 444 1822 Statuebant
466 1756 631 1838 videlicet,
656 1757 804 1820 Verbum
828 1779 886 1822 seu
908 1757 1030 1822 Filium
1053 1759 1270 1845 assumpsisse
1291 1779 1345 1822 uon

249 1859 409 1939 integram
442 1856 622 1920 humanam
660 1865 828 1936 naturam,
862 1854 920 1920 aad
953 1877 1085 1920 carnem
1118 1865 1264 1936 tantum3
1300 1877 1346 1939 pur

248 1955 359 2018 anima
390 1963 500 2017 autem
533 1953 633 2017 fuisse
671 1955 778 2037 ipsum
813 1952 979 2034 Verbum,
1012 1954 1152 2039 ejusque
1185 1963 1290 2040 partes
1319 1953 1345 2016 in

249 2051 379 2118 Christo
412 2052 570 2136 explesse.
616 2051 717 2115 Arius
751 2053 840 2116 enim
872 2073 973 2136 quum
998 2051 1121 2116 Filium
1155 2053 1220 2116 Dei
1252 2052 1345 2116 Deum

249 2173 318 2214 esse
342 2150 476 2236 quidem
499 2150 665 2230 fateretur,
681 2149 739 2213 sed
756 2148 890 2214 alterius
905 2171 1003 2236 quam
1020 2153 1063 2214 sit
1086 2150 1187 2214 Pater
1215 2149 1345 2214 substan·
1389 2159 1390 2166 ’

248 2250 313 2311 tiae
342 2269 446 2332 eoque
479 2249 658 2329 minorem,
683 2246 776 2312 illum
799 2256 832 2310 et
853 2247 1088 2333 aspectabilem
1112 2259 1146 2312 et
1170 2245 1343 2335 passibilem

247 2367 318 2408 esse
342 2344 481 2426 dicebat,
506 2355 543 2407 ut
556 2345 652 2410 Patre
676 2355 767 2410 tanto
790 2345 926 2410 inferior
949 2345 1137 2411 haberetur.
1185 2345 1263 2412 Ideo
1285 2365 1343 2430 pas·
1389 2337 1390 2388 ἶ

247 2464 319 2508 sum
343 2442 434 2506 illum
457 2441 623 2508 asserebat
646 2445 680 2506 in
704 2465 817 2522 carne,
841 2454 874 2506 et
897 2452 934 2507 ut
957 2441 1019 2508 hoc
1043 2444 1164 2510 melius
1189 2441 1342 2530 persuade·

248 2551 305 2618 ret,
329 2542 459 2604 animae
489 2542 592 2604 instar
620 2541 721 2605 fuisse
751 2543 877 2626 corpori
908 2541 1118 2606 divinitatem
1143 2543 1236 2608 illam
1258 2537 1340 2604 Verbi

247 2638 338 2702 velut
360 2638 590 2703 secundariam
613 2639 732 2705 aiebat.
758 2639 869 2720 Quum
894 2639 951 2705 SS.
975 2641 1089 2705 Patres
1112 2641 1341 2728 responderent.

247 2738 280 2800 in
298 2734 428 2800 Christo
451 2735 540 2801 haud
565 2737 714 2802 divinam
737 2745 890 2802 naturam
913 2738 973 2802 sed
999 2738 1183 2804 humanam
1207 2759 1341 2822 essepas

247 2855 327 2915 sam,
344 2833 461 2897 Ariani
484 2845 708 2920 reposuerunt,
734 2835 796 2899 hac
820 2835 1010 2902 conditione
1033 2836 1123 2902 haud
1148 2859 1246 2924 posse
1266 2832 1341 2898 intel-

246 2930 303 3014 ligi
328 2952 484 3015 maguum
508 2931 652 2996 valorem
676 2935 837 3018 passionis
861 2931 995 3000 Christi.
1041 2935 1142 3000 Recte
1167 2935 1226 3001 SS.
1248 2935 1341 2998 Patres

247 3031 436 3110 universim,
470 3028 559 3094 hune
591 3030 737 3095 valorem
765 3053 807 3094 ex
844 3031 967 3096 unione
999 3041 1195 3101 naturarum
1228 3033 1260 3096 in
1290 3047 1340 3090 unu
1388 3101 1389 3104 ,

248 3126 369 3190 Christi
392 3149 531 3212 persona
554 3130 667 3214 repeti,
692 3151 868 3194 asseruere.

95 3263 101 3270 -
122 3243 139 3270 ¹⁰
158 3231 229 3271 'wic
334 3225 387 3289 46.
412 3225 613 3310 Apollinaris
636 3226 680 3313 (a.
704 3226 783 3312 370)
798 3248 876 3290 vero
893 3228 1066 3313 episcopus
1082 3227 1267 3291 Laodiceae
1280 3219 1338 3284 suh·

247 3321 336 3386 tilius
360 3323 401 3386 de
424 3323 479 3386 illa
509 3327 631 3388 unitate
662 3323 784 3388 Christi
816 3325 993 3404 disserens,
1024 3325 1168 3388 Arianos
1201 3345 1243 3388 ex
1263 3331 1339 3404 parte

246 3429 377 3484 secutus
409 3431 458 3484 eat
490 3421 621 3502 docens,
654 3424 801 3486 animam
832 3424 867 3486 in
892 3421 1021 3486 Christo
1056 3423 1189 3507 propria
1216 3419 1339 3482 caruisse

247 3529 365 3597 mente,
391 3518 444 3582 vel
466 3521 612 3582 animam
641 3520 775 3605 quidem
800 3521 1002 3597 sensitivam,
1026 3541 1094 3583 non
1117 3539 1196 3582 vero
1220 3517 1338 3580 rationa-

247 3614 311 3678 lem
335 3638 393 3680 seu
416 3637 569 3700 pneuma,
594 3619 628 3681 in
654 3617 783 3682 Christo
808 3616 949 3702 l'uissc¹).
997 3617 1105 3701 Hujus
1135 3613 1339 3680 antemnas

248 3711 450 3798 supplevisse
481 3714 690 3778 divinitatem
724 3715 845 3796 Verbi,
879 3715 967 3800 quod
999 3715 1109 3778 Deum
1141 3735 1254 3776 verum
1284 3728 1339 3770 esst

248 3821 362 3875 contra
378 3813 520 3875 Arianos
543 3823 631 3874 recte
654 3813 796 3877 tenebat.
821 3813 908 3878 Suae
932 3813 1112 3876 sententiae
1128 3803 1339 3896 propugnandi

248 3928 381 3972 causam
405 3907 492 3973 hanc
515 3907 641 3990 habuit,
657 3910 745 3995 quod
760 3929 1042 3996 supervacaneum
1062 3919 1191 3995 putaret
1212 3907 1339 3969 animaru

247 4005 441 4070 rationalem
466 4030 522 4070 seu
547 4017 689 4070 mentem
724 4005 854 4070 Christo
885 4005 1038 4088 tribuere,
1062 4027 1159 4091 quem
1183 4014 1281 4068 totum
1302 3997 1338 4062 di·

246 4159 452 4168 ..-—-----·

323 4228 343 4296 ¹)
362 4227 487 4280 Errorem
507 4227 710 4282 trichotomismi
728 4227 856 4296 platonici
876 4227 1038 4296 Apollinaris
1056 4227 1192 4295 amplexus
1210 4226 1299 4280 haut
