2900 4800
371 437 554 493 Difficultstss
572 437 703 506 quomam
720 438 916 507 expenduntur.
1151 439 1205 494 453

85 581 156 646 cilii
187 581 341 646 Patribus
373 583 481 646 missis
510 581 554 646 ad
586 579 796 666 Agathonem
819 582 1033 647 Pontificem:
1067 582 1204 647 Anothe-

87 679 224 744 marites
246 679 468 766 interfecimus,
493 701 532 743 ece
548 680 705 744 sententie
722 703 785 766 per
807 701 916 744 sanos
938 691 1057 744 vernos
1081 680 1205 744 litteras

84 776 126 840 de
148 777 192 841 tis
208 778 304 864 prins
327 776 412 855 loto,
521 777 717 840 Theodorum
740 827 747 843 .
773 828 781 842 .
807 827 814 842 .
839 776 981 865 Serpinrn
1006 828 1013 842 .
1039 827 1047 842 .
1072 779 1204 842 .Hono·

85 876 170 940 dnm
193 883 254 940 ete.
278 871 462 960 Scripseret
484 872 609 938 scilicet
632 873 665 940 S.
688 873 819 960 Agstbo
843 873 886 940 ad
910 871 1114 940 Concilium:
1146 877 1205 940 Re·

83 983 163 1055 stat,
186 984 223 1038 nt
244 973 395 1038 nouitatis
411 995 499 1038 error
513 995 580 1037 mern
594 973 662 1036 snio
679 971 902 1052 tornentur,
918 973 1003 1038 otiis
1025 974 1079 1059 qni
1102 995 1206 1038 corum

86 1069 267 1135 doctinam
288 1072 387 1134 secuti
419 1081 507 1150 nent,
525 1072 682 1157 propriae
706 1071 976 1157 praesumptionis
992 1091 1131 1156 poenam
1154 1093 1206 1134 en·

85 1167 223 1234 soleant.
239 1167 409 1248 -Quum
433 1169 534 1252 igitur
548 1169 693 1254 episcopi
710 1168 884 1234 orientales
906 1169 1006 1232 etiem
1020 1169 1206 1233 Honorium

88 1268 254 1330 intereos
284 1265 444 1332 heberent
475 1267 532 1352 qui
565 1265 749 1330 doctrinam
781 1265 872 1330 illam
897 1267 998 1330 secuti
1023 1267 1105 1348 sint,
1131 1287 1206 1330 eum

88 1365 214 1450 puriter
242 1373 414 1430 recensent
444 1362 641 1445 interillos,
666 1363 707 1428 de
739 1362 860 1450 quibus
877 1363 950 1449 jem
980 1362 1206 1428 sententiaeb

89 1461 266 1546 Agathone
298 1463 390 1547 prius
416 1460 484 1525 lata
514 1463 565 1526 sit.
619 1460 685 1527 Sed
719 1463 852 1526 omnino
883 1462 1056 1526 immerito.
1110 1461 1207 1525 Hanc

87 1560 180 1624 euim
204 1559 392 1624 nullatenus
404 1559 503 1624 luisse
521 1569 664 1624 mentem
679 1557 863 1644 Agathonis
879 1567 970 1644 patet
984 1579 1027 1622 ex
1044 1560 1097 1639 iis,
1122 1581 1206 1645 quse

88 1656 132 1721 de
157 1659 225 1721 suis
248 1657 557 1743 praedecessoribus
580 1659 615 1721 in
640 1657 776 1744 epistole
805 1645 847 1721 ed
872 1655 1058 1721 Concilium
1082 1657 1207 1722 scribit.

87 1755 295 1842 Apostolieee
317 1756 483 1820 memmiae
508 1778 592 1819 meae
610 1755 787 1840 parvitatis
806 1754 1076 1840 praedecessores,
1100 1756 1209 1840 inquit

87 1852 262 1933 Pontifex,
287 1853 452 1918 dominicis
466 1853 618 1918 doctrinis
632 1855 778 1918 instanti
785 1902 795 1931 ,
811 1875 851 1916 ecc
864 1874 923 1938 qno
946 1854 1116 1916 novitatem
1138 1853 1208 1916 boe-

87 1953 219 2016 reticem
241 1952 277 2014 s'n
303 1947 423 2022 Christi
444 1951 679 2016 immaculatam
692 1950 866 2014 Ecclesim
892 1945 1039 2014 GPtonee
1062 1947 1208 2013 ecelesiae

82 2046 253 2134 procedes
276 2047 474 2113 introducere
504 2047 716 2126 recedenter,
748 2069 909 2134 nunquam
930 2047 1136 2132 neglexerunt
1158 2067 1209 2110 eos

87 2145 232 2224 bortast,
265 2156 356 2232 ntqw
386 2145 576 2210 obsecrando
607 2167 814 2225 commonere,
837 2154 873 2208 nt
895 2167 918 2208 a
932 2146 1033 2232 pren
1055 2144 1210 2231 depectit

87 2243 245 2308 haeretico
268 2265 388 2322 errore,
403 2243 514 2308 saltem
529 2243 674 2322 tacendo,
692 2243 895 2322 desisterent,
918 2265 957 2306 ne
981 2265 1021 2305 en
1041 2243 1097 2306 boc
1120 2265 1209 2306 ecor-

88 2342 180 2406 dr'nm
202 2341 334 2406 dissidii
356 2342 391 2405 s'n
413 2342 536 2406 onitate
552 2341 711 2406 &elesius
726 2341 893 2428 facerent,
909 2363 1006 2404 unam
1021 2340 1211 2404 voluntatem

87 2461 245 2524 marmus
268 2441 482 2526 operationem
513 2439 648 2502 duanam
678 2449 866 2504 naturarum
897 2447 1071 2503 moerentes
1092 2437 1127 2500 in
1148 2459 1211 2500 ano

88 2537 229 2600 Domino
252 2547 359 2600 nostro
382 2537 463 2601 Jesn
488 2534 621 2602 Christo.
651 2575 694 2584 -
717 2535 787 2600 Illis
809 2536 922 2601 verbis
944 2535 1056 2600 saltem
1079 2533 1210 2598 tacendo

89 2633 304 2697 commendet
319 2634 493 2699 manifeste
516 2656 574 2716 es,
599 2656 684 2720 quse
699 2635 867 2700 Honorius
890 2634 925 2698 iu
949 2634 1079 2718 negotio
1099 2631 1211 2696 Mono-

89 2729 271 2796 theletismi
287 2732 430 2815 fecerat3
454 2753 494 2796 ac
517 2732 655 2818 proinde
680 2731 819 2796 multum
843 2730 953 2812 abest,
977 2739 1014 2793 ut
1026 2729 1210 2794 Honorium

90 2828 245 2893 damnari
268 2828 419 2894 voluerit.
466 2829 531 2896 Sed
556 2831 700 2917 episcopi
729 2827 903 2893 orientales
930 2826 1117 2912 generalem
1141 2847 1211 2890 sen-

90 2927 231 2991 tentiam
248 2926 432 3012 Agathonis
456 2927 497 2993 de
521 2927 750 2993 inventoribus
773 2927 918 2992 haeresis
941 2935 974 2989 et
996 2925 1037 2989 iis
1061 2925 1118 3011 qui
1141 2923 1212 2988 illos

90 3025 198 3088 secuti
221 3023 306 3107 sint,
330 3025 478 3090 Honorio
502 3026 537 3090 iu
551 3025 690 3112 epistole
712 3025 756 3090 nd
772 3023 967 3090 Pontificem
991 3021 1211 3108 applicarunt.

90 3122 218 3187 Eorum
241 3131 351 3188 autem
380 3123 518 3210 epistola
550 3145 591 3188 ec
613 3123 726 3188 verbis
758 3122 915 3208 deceptus
938 3131 987 3185 est
1010 3120 1211 3199 Hadrianus,

91 3233 130 3284 ut
154 3221 378 3302 existimaret,
403 3217 589 3286 Honorium
613 3221 655 3285 de
678 3220 806 3285 haeresi
830 3220 931 3284 fuisse
954 3229 1156 3296 accusatum,
1181 3225 1213 3282 et

92 3319 136 3383 de
168 3341 205 3382 eo
233 3329 310 3383 ante
344 3317 530 3385 Concilium
563 3317 612 3382 VI
639 3319 711 3404 jam
743 3319 835 3404 prius
864 3341 884 3382 a
914 3317 999 3384 Sede
1023 3315 1213 3402 Apostolica

92 3417 293 3482 sententiam
327 3417 426 3482 latam
457 3416 569 3482 fnisse.
615 3415 719 3480 Vides
751 3417 865 3500 igitur,
896 3413 960 3480 hoc
983 3423 1213 3500 argumentum

93 3537 138 3578 ex
162 3513 326 3578 Hadriani
349 3514 383 3578 Π
406 3513 518 3579 verbis
542 3513 773 3602 depromptum
796 3515 865 3577 vim
888 3513 1012 3577 nullam
1037 3511 1168 3576 bebere.

186 3612 238 3676 84.
262 3611 338 3677 Jem
363 3613 538 3676 veniemus
569 3611 612 3676 od
636 3611 866 3676 difficultatem
896 3633 938 3675 ex
961 3611 1127 3675 Breuem
1152 3609 1214 3672 Ro·
1240 3637 1368 3682 amnem..

91 3734 188 3775 noerio
213 3711 432 3796 desumptam.
478 3708 667 3794 Legebotur
691 3711 725 3773 in
752 3707 949 3775 lectionibus
973 3697 1109 3772 secundi
1131 3705 1214 3770 Noc·
1246 3701 1370 3741 mm·

93 3809 185 3874 turni
213 3809 288 3872 festi
312 3807 345 3874 S.
370 3807 502 3888 Leonis,
536 3807 589 3872 die
622 3807 665 3872 28
688 3807 800 3872 Junii:
830 3807 892 3872 Hic
916 3807 1051 3892 nsceptt
1074 3812 1215 3868 sanctem

93 3917 219 3972 sectam
242 3903 413 3990 Synodion,
445 3907 481 3968 s’n
513 3927 576 3991 qne
606 3904 806 3968 mndemnots‘
837 3915 910 3970 nent
936 3899 1052 3990 Gyras,
1077 3901 1215 3988 Sergios,

93 4005 278 4083 Honorius,
295 4004 449 4090 Pyr-rbus,
473 4051 505 4067 ..
525 4005 603 4088 qni
615 4025 711 4066 anem
734 4001 927 4066 voluntatem
950 4012 980 4064 et
1003 4001 1216 4086 operationem

93 4106 132 4167 in
154 4101 291 4166 Domino
314 4099 394 4165 Jesu
412 4097 534 4166 Christo
558 4101 709 4164 discernent
726 4098 776 4164 uel
793 4099 1069 4186 praedicaverunt.
1104 4095 1216 4177 Quum

95 4203 209 4285 itaque
241 4196 324 4262 haec
356 4198 389 4262 iu
414 4197 585 4264 Breviurio
618 4195 823 4282 legerentur,
857 4196 944 4278 duc,
968 4195 1132 4276 inierunt,
1157 4193 1216 4258 Ro·
