2900 4800
504 458 617 514 Honon'i
634 457 774 527 spinulus.
1145 461 1200 516 407

79 601 137 668 sed
160 611 295 690 propter
310 600 511 668 ineffabilem
529 603 795 689 conjunctionem
810 601 976 668 humanae
998 591 1198 692 divinaeque

79 711 237 784 unumne,
271 700 394 764 idoiuuo
425 709 458 764 et
489 699 613 786 ubique
635 699 729 766 Deus
758 700 880 766 dieitur
907 701 976 787 pati
1000 700 1057 789 (ex
1079 721 1198 786 grueoo

78 809 193 864 textu:
232 797 394 885 uorolu'que
424 808 454 862 et
482 795 602 885 Deus),
638 807 671 862 et
702 797 892 864 humanitus
924 821 967 864 ex
999 798 1089 864 ooelo
1122 819 1199 864 oum

79 897 257 962 divinitate
280 895 522 961 descendisse.“

169 995 225 1060 31.
251 991 372 1080 ,Unde
393 1001 540 1058 etunum
554 991 767 1058 voluntatem·
780 995 923 1060 fatemur
935 995 1073 1060 Domini
1096 997 1200 1062 nostri

77 1091 161 1157 Jesu
178 1089 311 1174 Chrisn,
336 1092 414 1177 quie
436 1089 583 1177 profecto
598 1113 618 1154 a
633 1090 811 1158 divinitate
834 1103 1003 1180 assumpta
1026 1099 1076 1158 eol
1089 1103 1201 1158 nostru

78 1199 209 1270 nature,
233 1210 299 1254 non
323 1187 422 1275 eulpa
444 1188 501 1276 (ex
514 1193 609 1254 textis
622 1209 763 1274 gaeon:
786 1212 850 1254 nou
872 1189 968 1278 wlqm
990 1191 1025 1254 iu
1047 1187 1108 1256 illa
1124 1213 1200 1280 plro·

71 1286 161 1373 fecto
186 1285 299 1374 qusue);
322 1285 379 1352 illu
401 1288 568 1373 profecto,
593 1307 679 1374 qnae
701 1296 779 1352 unte
810 1297 984 1374 peceatum
1008 1298 1119 1353 creatu
1140 1297 1199 1373 esi,

79 1405 147 1450 non
179 1405 266 1470 quae
297 1395 372 1471 post
398 1383 718 1471 praevaricationem
753 1386 881 1451 vitiata.
928 1384 1078 1451 Christus
1111 1388 1200 1452 enim

78 1482 247 1548 Dominus
269 1482 538 1548 insimilitudine
562 1484 671 1546 ournis
693 1483 823 1569 peceati
847 1483 1002 1567 veniens,
1026 1492 1200 1569 peooutum

78 1579 199 1645 mundi
222 1580 367 1663 abstulit,
391 1590 425 1644 et
457 1580 498 1644 de
521 1578 727 1666 plenitudine
759 1581 831 1667 ejus
854 1603 968 1646 omnes
990 1582 1200 1668 uooepimus3

78 1689 111 1742 et
134 1678 278 1744 formum
300 1680 387 1744 servi
411 1679 613 1764 suseipieus,
637 1678 754 1743 habitu
778 1681 934 1744 iuventus
960 1688 1068 1744 estut
1091 1678 1199 1764 homo,

78 1777 160 1863 quin
184 1777 256 1841 sine
278 1785 414 1862 peoouto
438 1785 617 1862 conceptus
641 1775 682 1840 de
698 1774 824 1862 Spiritu
848 1777 979 1859 Suuoto,
1004 1778 1105 1842 etium
1128 1777 1200 1842 ubs-

78 1896 145 1960 que
175 1883 311 1959 peceato
341 1881 391 1938 est
414 1881 527 1958 pertus
560 1874 601 1939 de
624 1883 738 1938 sanctu
770 1883 803 1938 et
826 1874 1038 1940 immaculata
1061 1875 1200 1961 Virgine

78 1972 147 2036 Dei
163 1971 336 2056 genitrice,
357 1969 484 2036 nullum
499 1971 673 2058 experiens
692 1972 882 2057 coniugium
897 1974 1033 2038 vitiatae
1052 1982 1200 2040 naturae.

79 2068 202 2134 Cernis
225 2071 314 2134 enim
338 2067 548 2150 vocabulum,
567 2067 698 2134 dnobus
713 2068 820 2134 modis
834 2071 935 2134 saeris
959 2069 1098 2156 eloquiis
1120 2071 1200 2138 boni

78 2165 228 2252 malique
261 2169 476 2252 eognovimus
509 2167 688 2249 nominari,
713 2168 800 2231 siout
830 2169 989 2254 seriptum
1019 2177 1081 2232 ost:
1125 2170 1202 2235 Nou

73 2261 277 2352 peuuuuuobit
298 2265 430 2352 spirituo
453 2287 538 2330 utem
565 2265 601 2330 iu
629 2265 803 2328 hominihus
825 2266 912 2345 utu,
936 2267 1012 2352 quia
1034 2289 1107 2330 earo
1131 2277 1204 2332 usui

4 2395 5 2404 κ
78 2361 181 2448 (Gen.
205 2361 264 2427 VI.
288 2361 333 2448 3).
379 2361 424 2426 Et
444 2361 642 2448 Apostolus:
679 2359 761 2428 Caro
786 2373 816 2426 et
838 2365 968 2450 sanguis
990 2387 1117 2450 regnum
1139 2365 1204 2430 Dei

79 2484 145 2526 stou
163 2461 372 2546 possidebunt
395 2459 427 2547 (1
446 2457 519 2526 Cor.
543 2461 619 2526 XV.
643 2459 712 2546 50).
736 2459 781 2526 Et
794 2481 944 2524 rursum:
982 2462 1087 2525 Illonis
1101 2464 1202 2526 ees-oio

78 2558 144 2644 legi
166 2558 241 2636 Dei,
264 2581 358 2624 uam
381 2569 486 2622 aulem
509 2557 571 2644 legi
588 2559 721 2646 peccati.
768 2558 830 2623 Et:
862 2559 959 2622 Video
986 2559 1086 2624 alium
1109 2559 1204 2648 legem

78 2658 114 2719 iu
139 2653 285 2720 osembsis
308 2657 393 2734 meis,
414 2667 638 2743 repugnantem
654 2653 716 2743 legi
735 2658 847 2720 meuu's
870 2678 969 2734 meae,
993 2667 1023 2720 ot
1046 2657 1204 2742 captivum

80 2777 129 2818 mo
165 2754 337 2818 trahentem
367 2755 403 2818 iu
427 2753 522 2840 legem
549 2756 686 2840 peccati,
711 2775 790 2840 quae
822 2764 868 2816 ost
898 2754 933 2817 iu
961 2753 1106 2817 membris
1126 2756 1204 2818 mele

80 2851 193 2937 (Rom.
218 2850 294 2916 VH.
319 2849 386 2936 23).
433 2851 477 2914 Et
507 2849 573 2916 aliu
596 2850 700 2916 multu
729 2850 920 2936 hujusmodi
944 2851 977 2914 in
1002 2850 1088 2916 melo
1111 2849 1203 2915 ubso-

79 2948 152 3012 luie
175 2947 282 3012 solent
306 2947 456 3034 intelligi,
480 2948 533 3013 vel
557 2951 681 3014 vocari.
727 2950 767 3013 In
790 2948 878 3014 bono
902 2957 1012 3012 eutem
1036 2950 1091 3030 itu,
1115 2949 1203 3014 Isniu

78 3045 250 3130 Propheta
273 3045 422 3112 dicente:
453 3045 562 3110 Veniat
576 3049 676 3111 onmis
699 3067 774 3110 curo
788 3047 823 3111 iu
840 3045 1049 3125 Hierusalem,
1074 3058 1105 3112 et
1128 3047 1203 3110 udo-

80 3143 200 3208 rabunt
230 3145 266 3208 iu
296 3153 462 3231 conspectu
492 3167 559 3208 meo
594 3144 673 3232 (lsai
698 3143 822 3210 LXVI.
856 3143 924 3232 23).
969 3144 1014 3208 Et
1040 3145 1124 3209 Job:
1164 3145 1204 3210 Iu

79 3263 177 3306 carne
200 3263 270 3306 mea
292 3238 402 3306 uidebo
419 3241 521 3306 Deum
543 3240 634 3329 (Job.
650 3241 746 3308 XIX.
769 3240 836 3330 26).
883 3241 927 3306 Et
950 3241 1049 3306 alius:
1079 3242 1206 3306 Videbis

79 3337 183 3402 omniu
207 3359 281 3402 oaro
303 3337 447 3403 salutare
470 3340 535 3404 Dei
557 3338 654 3426 (Luc.
678 3339 740 3404 III.
765 3337 810 3426 6).
834 3340 879 3404 Et
900 3339 967 3404 ulia
991 3339 1152 3405 diversu.“

171 3435 225 3500 32.
252 3433 347 3518 ,Non
376 3446 426 3501 est
458 3438 570 3523 itaque
601 3447 784 3522 assumpta,
810 3438 894 3501 sieut
917 3437 1057 3523 praefati
1081 3458 1203 3519 sumne,

79 3555 102 3596 u
125 3531 300 3598 Salvatore
333 3535 451 3598 vitiata
483 3545 620 3618 nature,
655 3555 741 3621 quae
769 3543 968 3620 repugnaret
990 3533 1054 3620 legi
1085 3535 1205 3599 mentis

81 3629 174 3716 ejus3
199 3631 258 3696 sed
281 3632 375 3695 venit
397 3653 554 3718 quaerere
578 3640 611 3696 el
634 3631 762 3696 salvare
786 3631 874 3720 qnod
898 3633 1056 3717 perierat,
1087 3631 1121 3696 id
1146 3641 1203 3716 est,

81 3727 240 3794 vitiatum
263 3727 401 3793 humani
415 3731 546 3814 generis
567 3739 730 3796 naturum.
776 3727 862 3794 Num
881 3729 936 3794 lex
959 3727 1024 3793 eliu
1047 3730 1082 3792 in
1106 3749 1206 3794 mem-

80 3824 162 3908 bris,
187 3835 246 3890 aut
269 3825 422 3892 voluntas
445 3825 576 3892 diversa
595 3828 749 3909 nonfuit,
774 3826 828 3891 vel
852 3825 1204 3908 contrusiuSulvutori,

82 3924 163 4008 quio
198 3943 297 4008 super
326 3922 433 4009 legem
466 3935 636 3991 natusest
665 3924 831 3989 humanae
855 3921 1064 3988 conditionis.
1110 3922 1205 3986 Etsi

82 4019 220 4106 quidem
254 4023 412 4107 scriptum
437 4031 504 4088 est:
542 4023 618 4087 Nou
653 4024 723 4086 veui
736 4022 849 4108 fucere
882 4019 1073 4086 volunlatem
1095 4044 1204 4098 ussum,

81 4117 139 4182 ssd
162 4121 239 4208 ejus,
262 4120 317 4204 qui
339 4120 426 4184 misit
448 4143 506 4203 me,
521 4121 630 4186 Patris
645 4119 758 4208 (Joan.
774 4119 832 4187 VI.
857 4117 925 4205 38).
950 4117 1012 4184 Et:
1036 4139 1100 4182 nou
1122 4118 1206 4204 quod

80 4237 136 4300 eqo
159 4215 247 4294 volu,
281 4216 338 4279 sed
361 4217 444 4301 quod
467 4229 501 4282 tu
532 4219 580 4282 oie
602 4218 701 4282 Pater
723 4215 840 4304 (Mune.
867 4215 960 4282 XIV.
986 4212 1059 4299 36),
1084 4225 1118 4278 et
1139 4213 1207 4280 sliu
