2836 4804
527 451 638 506 Concilii
656 451 808 506 celebratio.
1179 447 1232 502 ete

203 595 258 660 52.
282 595 348 660 Die
372 595 482 680 itaque
507 596 623 681 quinte
647 597 768 661 mensis
782 594 863 679 Maji
888 615 918 662 a.
940 593 1006 658 553
1026 595 1137 680 prima
1165 589 1232 656 Col·
1277 609 1371 651 cornua

114 693 194 758 latio
218 692 345 777 Synodi
377 691 492 758 habita
515 702 572 758 est.
619 693 767 758 Adfuere
794 701 860 755 tres
881 691 1104 772 Patriarchae‚
1129 689 1231 772 Euty·
1288 671 1361 713 mm*

114 790 211 856 chius
234 789 398 872 CPtenus,
422 789 624 874 Apollinaris
637 790 885 855 Alexandrinus
908 797 941 853 et
960 788 1150 852 Domninus
1165 786 1232 850 An-

114 887 307 971 tiochenus3
332 888 651 972 Hierosolymitanus
667 911 726 974 per
746 889 898 968 vicarios,
922 887 1104 951 universim
1118 885 1233 950 Patres

114 996 248 1050 centum
273 988 445 1071 sexaginta
468 988 624 1072 quinque.
654 987 826 1051 Praecedit
840 983 1027 1068 Eutychiae
1040 981 1234 1047 Putriarcha

115 1082 279 1149 CPtanus.
325 1084 429 1148 Lecta
461 1083 524 1148 fuit
550 1084 655 1170 jussio
687 1084 917 1170 Imperatoris,
950 1103 1015 1167 qua
1046 1082 1161 1146 Patres
1190 1080 1234 1144 ad

114 1183 214 1246 trium
239 1180 467 1268 Capitulorum
499 1203 639 1246 examen
663 1192 695 1246 et
718 1181 942 1268 adjudicium
966 1177 1138 1244 ferendum
1162 1179 1231 1243 hor·

113 1280 250 1345 tabatur
280 1279 321 1344 de
354 1279 433 1361 illis,
467 1301 551 1365 quae
584 1301 642 1364 per
669 1279 809 1344 Romani
842 1278 1014 1342 Pontificis
1047 1277 1236 1342 Judicatmn

115 1378 248 1444 confixa
272 1386 390 1442 esseut.
436 1378 593 1463 Episcopi
626 1376 728 1463 probe
762 1379 916 1458 scientes,
941 1397 975 1439 se
999 1376 1069 1438 sine
1092 1374 1234 1438 Romani

114 1475 288 1540 Pontificis
312 1477 383 1540 sive
405 1497 465 1560 per
487 1496 522 1538 sc
536 1476 607 1538 sive
623 1495 684 1559 per
701 1474 825 1560 legatos
848 1495 924 1538 suos
947 1473 1142 1558 praesentia,
1166 1493 1234 1536 non

113 1595 210 1659 posse
236 1574 434 1638 constituere
468 1571 655 1638 Concilium
688 1573 949 1654 oecumenicum,
983 1593 1042 1656 per
1071 1568 1234 1634 nobilissi-

115 1692 202 1736 mam
225 1671 495 1736 Patriarcharum
518 1669 724 1756 aliorumque
745 1668 937 1734 Praessdum
960 1669 1157 1753 legationem
1178 1667 1234 1729 Vi·

112 1769 230 1854 gilium
255 1777 421 1853 rogarunt,
452 1777 489 1831 ut
511 1789 570 1832 sua
592 1770 778 1854 praesentia
808 1765 992 1831 Concilium
1025 1764 1233 1850 dignaretur3

114 1867 220 1954 (haud
245 1889 324 1932 vero
348 1888 424 1931 eum
448 1867 591 1930 citarunt
619 1865 662 1930 ed
688 1863 898 1950 Concilium).
944 1862 1088 1948 Vigilius
1112 1861 1235 1926 valetu-

11 2001 15 2035 μ
114 1965 229 2030 dinem
254 1973 406 2029 causatus
429 1985 622 2050 responsum
647 1962 774 2028 distulit
797 1965 831 2027 in
855 1962 992 2027 alteram
1015 1961 1113 2026 diem.
1216 2003 1220 2010 ·

10 2073 14 2137 ζ
203 2063 259 2128 53.
282 2062 323 2126 In
350 2061 525 2128 Collatiam
549 2063 696 2140 secunda,
721 2081 806 2146 quae
829 2060 944 2126 habita
967 2071 1017 2124 est
1039 2061 1093 2126 die
1116 2069 1233 2124 octavo

11 2156 16 2217 l
113 2162 207 2247 Maji,
232 2160 332 2246 legati
356 2163 413 2246 qui
444 2161 552 2225 denuo
575 2159 771 2224 Pontificem
804 2157 955 2222 adierant
983 2159 1054 2244 ejus
1077 2177 1235 2242 responsa

115 2259 307 2324 retulerunt
364 2258 540 2324 Seemrdam
570 2259 827 2344 promissionem,
861 2259 973 2338 aiunt,
1008 2257 1150 2320 desterno
1184 2255 1235 2320 die

106 2358 237 2444 factam
260 2382 281 2422 a
303 2357 479 2422 beatissimo
504 2356 597 2441 Papa
620 2357 808 2441 antiquioris
832 2357 951 2418 Romae
981 2353 1107 2438 Vipilio,
1125 2375 1236 2439 perue-

116 2458 220 2520 nimue
244 2456 289 2520 ad
312 2479 380 2519 eam
403 2465 490 2519 reato
523 2455 574 2518 die
606 2454 756 2518 instantia
781 2453 866 2542 Maji
887 2453 1011 2530 memo,
1035 2451 1072 2514 id
1094 2460 1140 2514 est
1162 2461 1236 2514 aare

117 2553 198 2618 duos
221 2553 307 2632 diae,
331 2563 552 2616 commorientes
577 2551 700 2636 quidem
716 2555 783 2640 ejas
796 2549 1030 2614 Beatitudinem
1052 2569 1131 2634 quae
1153 2550 1237 2612 inter

116 2674 175 2716 noe
197 2653 233 2716 iu
257 2653 385 2738 emptis
397 2648 608 2736 placuerunt,·
640 2649 845 2712 adhortantes
875 2669 946 2710 vero
976 2668 1054 2725 eum,
1077 2669 1144 2709 rma
1166 2667 1236 2708 coa-

10 2731 16 2793 l
117 2752 222 2813 uenire
237 2749 396 2812 molismum
415 2759 444 2811 et
463 2758 599 2811 tractare
619 2755 648 2810 et
662 2747 827 2831 dirpcnere
841 2744 880 2807 de
895 2743 995 2808 tribue
1010 2741 1177 2830 Capitalis,
1197 2743 1237 2806 de

115 2847 228 2933 quibas
245 2847 412 2933 piissimas
424 2847 601 2931 Imperator
616 2866 674 2909 uos
688 2848 812 2933 ejusque
826 2841 1059 2906 Beatitadirem
1081 2843 1116 2904 iu
1139 2841 1237 2926 aerip-

117 2947 160 3010 tir
181 2945 398 3030 interruperit.
444 2943 505 3008 Ille
536 2964 609 3006 uero
640 2941 815 3028 respondit,
847 2962 912 3004 uon
929 2961 1024 3025 posce
1046 2962 1112 3002 aaa
1134 2939 1237 3002 nodie-

117 3065 186 3108 rum
209 3044 386 3120 convenire,
416 3062 450 3104 eo
484 3040 567 3126 quod
584 3039 719 3126 plurimi
751 3037 874 3123 quidem
902 3037 950 3100 dic
973 3047 1046 3100 eemt
1067 3035 1239 3100 omeutalee

118 3141 270 3229 epiceopi,
288 3141 390 3226 pauci
411 3161 483 3202 aero
504 3161 571 3202 eum
595 3159 646 3218 eo,·
660 3136 774 3223 facere
797 3146 900 3199 autem
908 3156 971 3220 per
993 3135 1188 3220 temetipsum
1202 3135 1238 3198 iu

118 3240 247 3326 saeptis
285 3261 375 3302 suam
397 3238 593 3314 eeuteateam,
627 3245 657 3298 et
679 3233 791 3320 offerre
809 3234 956 3319 piisrimo
980 3231 1115 3296 domiuo.
1162 3231 1239 3294 Ideo

119 3339 200 3402 mrim
233 3347 263 3400 et
294 3329 443 3399 induciae
459 3333 642 3421 poetaluese
675 3355 695 3396 a
725 3355 784 3396 eae
815 3331 991 3409 serenitate,
1015 3341 1050 3394 ut
1074 3332 1161 3394 iutra
1184 3351 1239 3394 eae

119 3459 208 3500 uram
230 3434 422 3498 voluntatem
452 3427 714 3518 manifesta-er).
761 3428 956 3492 Institerunt
979 3428 1112 3514 quidem
1136 3425 1237 3510 legati

119 3535 204 3597 inter
226 3531 293 3597 elia
316 3531 535 3610 advertentes,
567 3527 732 3592 anteriora
762 3547 892 3612 qnoque
917 3523 1066 3590 Concilia
1089 3545 1238 3589 oecume-

119 3633 195 3695 nica
218 3628 448 3715 praesentibus
471 3628 587 3712 paucis
602 3624 765 3710 episcopis
788 3622 1048 3688 occidentalibus
1072 3621 1240 3688 celebrata

119 3749 199 3809 esse,
224 3727 281 3792 sed
303 3725 459 3790 Pontifex
482 3726 517 3788 in
541 3745 600 3788 sua
613 3723 756 3808 perstitit
779 3722 1062 3786 determinatione.
1108 3718 1238 3782 Eadem

120 3847 198 3890 vero
221 3822 392 3909 respondit
414 3823 514 3886 etiam
530 3820 647 3905 legatis
659 3819 753 3884 laicis
776 3818 818 3883 ab
833 3819 1035 3904 Imperatore
1059 3816 1102 3882 ad
1126 3818 1238 3901 ipsum

119 3925 236 3988 missis.

194 4215 217 4284 ¹)
233 4213 331 4280 Lethe,
350 4213 381 4268 Τ.
399 4213 432 4266 V.
451 4228 476 4280 p.
494 4213 555 4266 430.
