2936 4814
247 489 280 540 16
523 489 563 544 De
582 489 674 546 histor.
693 491 784 546 eccles.
804 497 866 548 ortu
884 505 916 546 aa
932 508 1084 562 progressu.

246 652 281 694 se
304 632 453 696 extendit
475 641 632 719 tempora.
677 633 774 700 Nova
795 635 896 720 igitur
918 635 1081 722 quaedam
1104 655 1144 700 ac
1168 637 1366 723 splendidis-

246 731 330 793 sima
353 752 411 814 pro
436 730 611 817 disciplina
634 741 746 812 nostra
768 733 851 798 haec
865 734 928 798 luit
950 755 1037 798 aera.
1084 734 1206 800 Variae
1229 755 1364 800 coneur-

245 837 324 891 runt
346 849 475 911 causae,
499 829 620 914 quibus
643 830 768 896 factum
791 841 850 916 est,
874 840 911 896 ut
939 831 1095 896 historiae
1120 833 1367 898 ecclesiasticae

247 925 394 990 studium
423 937 457 991 et
485 926 690 992 elucubratio
719 951 840 1015 magno
871 951 946 994 cum
974 931 1104 994 fervore
1134 939 1167 995 et
1190 931 1368 1016 diligentia

247 1025 507 1110 susciperentur,
538 1036 638 1112 atque
672 1049 771 1114 opera
800 1030 934 1112 egregia
964 1027 1160 1114 multiplicia
1190 1031 1225 1094 in
1254 1029 1366 1094 lucem

247 1121 426 1207 prodirent.
473 1123 528 1187 Ad
552 1125 715 1210 ejusmodi
740 1147 857 1190 causas
883 1127 1046 1210 imprimis
1069 1127 1211 1212 pertinet
1233 1129 1367 1192 reeusa-

248 1230 348 1284 tatum
375 1220 505 1286 saeculo
535 1223 602 1287 XV
626 1223 764 1288 studium
787 1224 964 1288 litterariam
987 1224 1193 1288 baumeolum
1215 1245 1254 1288 ac
1273 1245 1367 1310 prae-

248 1319 559 1404 cipuelittereturae
573 1319 732 1387 Graecae.
756 1322 830 1387 Hoc
847 1321 1004 1405 studium,
1024 1323 1073 1387 uti
1094 1343 1209 1387 ornnes
1231 1332 1367 1404 norunt,

249 1420 284 1482 in
296 1417 478 1483 Occidente
502 1421 647 1484 maxime
670 1421 852 1484 excitatum
875 1420 938 1484 luit
960 1441 1020 1506 per
1034 1417 1189 1502 Graecos,
1213 1421 1270 1505 qui
1294 1441 1367 1482 cur-

248 1525 341 1580 rente
374 1514 491 1580 saeculo
529 1517 595 1581 XV
632 1519 667 1581 in
705 1517 837 1582 Italiam
869 1518 1021 1582 accersiti
1053 1527 1144 1600 sunt,
1178 1517 1232 1581 vel
1264 1517 1367 1580 etiam

249 1623 346 1699 capta
379 1613 664 1700 Constantinopoli
696 1617 733 1679 in
768 1615 829 1681 has
865 1618 1016 1700 regiones
1047 1615 1213 1700 fugerunt.
1268 1613 1368 1678 Tunc

250 1715 352 1797 igitur
375 1735 417 1776 ex
439 1712 573 1797 linguae
600 1715 719 1799 peritia
748 1736 827 1778 usus
857 1714 1129 1779 documentorum
1142 1711 1288 1778 Orientis
1310 1712 1367 1776 ob-

250 1813 326 1875 vius
349 1811 499 1875 redditus
527 1821 585 1893 est,
620 1811 784 1898 simulque
816 1812 899 1876 haee
923 1813 1122 1877 documenta
1153 1810 1196 1876 ab
1227 1809 1368 1896 eruditis

250 1908 315 1973 illis
325 1907 463 1973 Graecis
486 1910 521 1973 ln
535 1911 703 1996 Europam
727 1911 901 1996 adportata
923 1909 1067 1974 fuerunt.
1096 1947 1139 1956 -
1162 1909 1252 1974 Dein
1275 1929 1367 1991 vero,

251 2029 353 2093 quum
379 2009 604 2094 typographiae
628 2033 682 2073 ors
705 2011 893 2095 nuperrime
913 2017 999 2072 esset
1022 2009 1177 2090 inventa,
1203 2007 1368 2093 ejusmodi

251 2106 450 2171 documenta
480 2115 513 2168 et
542 2127 642 2191 opera
670 2106 827 2171 historica
854 2108 1065 2192 antiquorum
1095 2105 1192 2170 facile
1215 2114 1370 2192 poterant

251 2202 463 2288 multiplicari
482 2211 582 2288 atque
600 2206 636 2268 in
653 2203 871 2290 plurimorum
890 2226 1008 2269 manus
1032 2203 1174 2269 devolvi.
1198 2242 1242 2251 —
1265 2201 1370 2268 Occa-

251 2304 377 2366 sionem
408 2311 571 2387 postremo
602 2311 634 2366 et
663 2301 766 2366 veluti
797 2302 975 2388 impulsum
1006 2301 1158 2366 ultimum
1191 2300 1235 2365 ad
1257 2299 1370 2364 studia

251 2400 409 2464 historica
422 2399 651 2485 persequenda
665 2400 758 2464 dedit
774 2400 1083 2487 pseudorefomnatu'o
1107 2399 1178 2478 ille,
1202 2420 1268 2484 qua
1282 2398 1369 2461 tristi

252 2499 438 2564 defectione
466 2500 580 2563 variae
610 2501 761 2563 nationes
793 2497 835 2562 ab
859 2498 1010 2563 Ecclesia
1043 2495 1244 2562 defecerunt.
1289 2494 1369 2559 Jarn

253 2597 331 2662 olim
355 2597 388 2662 S.
413 2595 620 2680 Augustinus
644 2597 887 2682 sapientissime
911 2596 1057 2680 scripsit:
1082 2594 1190 2658 Multo
1212 2593 1256 2657 ad
1269 2592 1372 2677 fldem

253 2695 438 2762 catholicam
455 2696 663 2781 pertinentia,
682 2695 756 2758 dum
769 2695 994 2758 hoereticorum
1021 2691 1130 2756 calida
1152 2689 1371 2778 inquietudine

254 2796 467 2881 coaptantur,
491 2804 526 2856 ut
549 2793 700 2857 adversae
713 2815 765 2856 eos
779 2791 909 2878 defendi
916 2793 1054 2877 possim,
1078 2801 1108 2854 et
1131 2787 1373 2854 conaderaotur

254 2893 447 2980 diligentius,
463 2903 492 2956 et
514 2890 735 2977 intelligentem
748 2890 876 2970 elarius,
892 2899 921 2953 et
932 2890 1105 2954 instantius
1122 2886 1371 2973 praedicantum

255 3002 285 3055 et
308 2989 347 3054 ab
375 2989 570 3053 adversariis
597 2999 684 3053 mota
706 2990 864 3074 quaestio,
895 2987 1038 3051 discendi
1068 2987 1178 3052 existit
1201 2982 1371 3066 occasio.¹)

255 3087 348 3152 Haeo
371 3108 456 3172 quae
479 3086 512 3152 S.
545 3087 671 3150 Ductor
703 3086 744 3150 de
775 3085 924 3150 doctrina
956 3083 1034 3148 fidei
1068 3083 1159 3165 dicit,
1183 3083 1283 3146 etiam
1307 3079 1373 3143 dis-

256 3185 397 3272 ciplInae
410 3185 566 3250 historiae
589 3185 831 3250 ecclesiasticae
848 3184 964 3248 merito
988 3181 1164 3268 applicari,
1188 3177 1374 3243 luculenter

256 3283 376 3348 saeculi
421 3283 505 3348 XVI
542 3285 746 3369 experientia
783 3281 975 3346 ostenditur.
1022 3281 1245 3344 Protestantes
1281 3273 1374 3338 vide·

255 3383 342 3464 licet,
367 3391 403 3444 ut
417 3403 511 3445 suam
526 3380 568 3445 ab
583 3380 735 3445 Ecclesia
754 3379 972 3445 defectionem
988 3377 1223 3464 qualicumque
1245 3373 1375 3438 ratione

257 3479 490 3562 defenderent,
524 3481 596 3565 ipsa
628 3478 765 3542 historia
798 3479 943 3542 maxime
975 3475 1081 3556 abusi,
1115 3495 1188 3537 eam
1221 3471 1265 3538 ad
1297 3492 1374 3534 suos

257 3599 381 3642 errores
413 3577 554 3641 tuendos
585 3577 684 3662 plane
715 3583 903 3661 pervertere
936 3576 1045 3639 conati
1079 3581 1164 3636 sunt.
1211 3571 1252 3634 In
1283 3567 1375 3633 hunc

144 3674 225 3716 nuris·
257 3697 395 3761 scopum
407 3675 573 3740 mediante
596 3673 726 3750 saeculo
750 3673 835 3737 XVI
858 3673 1008 3736 confecta
1031 3678 1108 3735 sunt
1122 3666 1376 3734 Ceuaaatorum

259 3773 574 3861 Mcpdeburpcosium
596 3781 761 3836 venenata
784 3769 964 3836 volumina.
993 3769 1089 3833 Duce
1103 3765 1245 3831 Matthia
1259 3763 1374 3827 Elacio

258 3871 401 3956 Illyrico,
434 3871 568 3935 homine
600 3871 657 3956 qui
689 3868 799 3934 furore
822 3867 960 3933 ardebat
982 3867 1150 3946 haeretico,
1175 3860 1286 3948 plures
1310 3862 1376 3923 viri

260 3969 379 4034 eruditi
414 3978 631 4054 protestantes
669 3968 795 4032 collatis
831 3966 959 4031 viribus
990 3964 1181 4029 historicam
1205 3958 1378 4024 Ecclesiae

260 4065 466 4130 conscribere
497 4069 643 4152 aggressi
676 4075 768 4148 suut,
801 4085 968 4152 quumque
1001 4085 1059 4149 per
1091 4057 1221 4143 singula
1244 4056 1379 4121 saecula

263 4209 472 4220 .-......--—-

337 4281 356 4350 ¹)
376 4279 433 4334 civ.
453 4279 503 4335 Dei
521 4279 551 4334 L.
571 4279 644 4333 XVI.
664 4296 684 4334 c.
704 4279 728 4333 2.
