2876 4814
467 487 655 544 Controversia
672 489 705 544 de
722 489 813 558 lapsia.
1145 493 1195 546 281

88 629 158 718 (30)
180 630 310 695 scribit:
352 628 428 694 Grau
460 641 557 695 tanam
577 630 661 715 fidei
690 643 918 698 sacramentum
941 634 981 696 ia
1004 633 1196 720 confessione

86 731 218 793 senuas
251 725 370 794 Cbsisti
401 727 599 814 intelligatur
630 753 695 794 esse
728 731 890 817 digesturi,
922 731 977 816 qai
990 729 1133 815 fallaces
1161 733 1197 795 ia

86 827 282 890 amaena
306 826 503 912 praeatipiae
534 827 667 910 quaerit,
700 828 842 914 nepesin
870 838 900 890 et
926 828 981 912 qui
1006 826 1074 890 osolt
1095 828 1198 892 uideri
1321 919 1324 928 Δ

81 924 253 1010 matris
276 923 426 988 aduersus
458 921 665 1008 Euangeliou
686 923 736 988 vel
759 925 870 988 edictis
893 923 942 988 uel
965 923 1083 1011 lapibus
1106 927 1196 989 satia

79 1022 202 1108 secisse,
226 1022 283 1084 lsoo
306 1021 374 1106 ipso
391 1024 463 1109 jam
481 1021 606 1104 patrat,
633 1021 720 1106 'qaod
740 1021 845 1086 videri
867 1045 898 1085 se
915 1023 1066 1108 puniisse
1088 1022 1196 1087 voluit.

169 1119 222 1183 23.
246 1118 361 1182 Prisca
392 1115 568 1201 disciplina
598 1116 768 1181 Ecclesiae
798 1126 877 1200 erat,
910 1126 946 1182 ut
974 1117 1056 1203 lapsi
1087 1121 1198 1204 poeni·

85 1217 203 1280 lentim
228 1213 383 1300 publicae
407 1213 657 1300 subjicerentur,
672 1213 849 1300 antequam
874 1216 909 1279 in
932 1217 1198 1290 communionem

84 1313 252 1378 Ecclesiae
274 1313 509 1397 reciperentur.
540 1311 613 1376 Mos
636 1313 735 1376 etiam
759 1311 938 1396 obtinebat,
963 1321 1000 1376 ut
1021 1311 1198 1398 benignius

83 1421 234 1494 ageretur
253 1431 330 1472 cum
355 1411 405 1486 iis,
429 1411 486 1496 qui
505 1410 728 1494 poenitentiae
745 1408 899 1495 publicae
922 1409 1058 1475 obnoxii
1081 1433 1198 1476 amar-

83 1509 210 1592 tyribus
244 1517 277 1572 et
308 1506 548 1571 confessoribus
581 1507 705 1572 carceri
729 1508 927 1592 mancipatis
957 1510 1048 1592 pacis
1071 1507 1199 1574 libellos
1291 1551 1299 1567 .

82 1615 288 1692 acceperant
321 1603 494 1668 Iudicatur
516 1603 598 1668 haec
622 1605 810 1668 intercessio
828 1613 1010 1689 martynrm
1025 1627 1083 1692 pro
1099 1605 1199 1692 lapsis

83 1705 121 1767 iis
144 1725 231 1790 quae
261 1710 439 1766 occurrunt
468 1703 503 1765 in
534 1701 691 1766 ecclesiae
713 1700 949 1786 Lugdunensis
977 1701 1021 1766 ad
1044 1702 1200 1768 ecclesias

82 1801 181 1866 Asiae
214 1798 365 1886 epistola,
398 1821 464 1885 qua
496 1800 677 1864 certamina
710 1807 891 1882 martyrum
923 1795 1199 1883 Lugdunensium

82 1898 325 1962 describuntur.
353 1895 581 1982 Deprimebaat
599 1919 630 1960 ae
654 1895 710 1960 aab
728 1919 825 1960 mauu
841 1898 976 1981 potenti,
999 1921 1019 1961 a
1042 1915 1200 1984 quanam
1233 1921 1238 1926 ·

81 1995 247 2060 mbliosius
269 1994 384 2058 deoati
406 2004 487 2058 suat.
539 1994 625 2058 Tuae
646 2014 718 2057 vera
742 1994 878 2056 manium
901 1993 1113 2078 defensiomm
1135 2017 1200 2060 aaa·

83 2093 254 2179 aipiebaat,
277 2091 430 2156 nemiuem
459 2091 659 2156 accusabant.
709 2087 843 2156 Cunctos
872 2089 1082 2169 absolvebant,
1105 2094 1199 2156 aemi·

83 2213 149 2254 uera
171 2189 320 2276 lipabm
348 2237 356 2251 .
390 2237 398 2252 .
430 2237 437 2252 .
463 2188 533 2252 Hoc
565 2190 647 2252 araim
668 2189 840 2252 motum
867 2197 1022 2252 certamen
1045 2188 1113 2253 illis
1127 2189 1200 2275 fuit

83 2287 234 2352 adversm
253 2285 415 2349 diabolica
437 2285 475 2350 ob
490 2287 643 2352 macerata
666 2310 703 2350 ae
720 2286 845 2349 minime
860 2284 1010 2371 falcatam
1025 2289 1198 2367 caritatem,

82 2396 115 2448 ut
136 2409 216 2472 quoa
240 2382 296 2446 ille
319 2382 476 2469 malignae
505 2406 633 2468 serpens
653 2385 740 2448 uiuos
755 2387 828 2471 jam
859 2405 891 2446 ae
915 2383 1079 2448 devoram
1103 2385 1200 2450 credi-

85 2483 186 2560 derat,
211 2480 301 2544 elisis
315 2479 469 2566 faucibus
491 2503 644 2544 removere
667 2490 834 2565 caperetur.
876 2479 984 2566 Neque
1008 2484 1091 2546 enim
1104 2483 1201 2568 fastu

86 2591 113 2642 et
144 2579 339 2663 arrogantia
371 2579 586 2640 intumueormt
618 2577 769 2640 adoerius
802 2575 920 2663 lapsos,
943 2579 999 2642 sed
1031 2603 1069 2642 ea
1091 2581 1201 2664 quibus

85 2675 294 2740 mundabam
322 2674 421 2752 bona,
454 2673 667 2760 indigentibus
707 2673 882 2738 liberaliter
911 2675 1201 2756 subministrabant,

85 2786 231 2838 matema
253 2771 409 2858 qsaaedam
422 2773 543 2836 vacere
561 2772 795 2836 misericordiae
810 2783 976 2858 gestanteo,
999 2795 1201 2859 magnamque

84 2874 144 2935 nim
165 2871 383 2954 lacrymatam
408 2891 471 2954 pro
504 2868 632 2933 illorum
664 2869 765 2934 salute
798 2892 902 2934 coram
924 2870 993 2934 Deo
1017 2869 1201 2955 fiandeatea.

92 2969 379 3054 Volumnianum,
401 2977 430 3030 et
444 2965 580 3052 largitas
600 2976 646 3030 eat
660 2968 706 3030 eia
719 2967 807 3030 Deus
812 2989 825 3046 ,·
847 2989 940 3052 qraam
955 2967 1052 3030 etiam
1066 2966 1119 3030 illi
1126 2991 1202 3053 pro-

84 3069 179 3130 simis
196 3066 265 3128 suis
278 3065 559 3141 communicarant,
575 3063 687 3149 abique
702 3065 840 3152 violens
850 3063 894 3126 ud
908 3062 1010 3126 Deum
1018 3063 1167 3149 profecti.
1177 3065 1202 3150 ¹)

170 3163 230 3226 24.
255 3158 477 3224 Tertullianus
514 3159 555 3224 de
588 3161 651 3224 iste
688 3161 986 3224 communicatione
1018 3158 1201 3224 libellorum

86 3263 175 3344 pacis
213 3279 273 3343 per
304 3266 463 3341 martyres
491 3257 580 3322 facta
603 3256 747 3342 loquitur
774 3258 822 3321 uti
846 3257 888 3321 de
911 3259 1047 3342 antiqua
1071 3279 1203 3322 consue-

85 3357 213 3422 tudine.
244 3355 357 3434 Quum
380 3353 490 3418 adhuc
514 3353 695 3419 catholicus
719 3363 812 3434 esset,
837 3352 952 3417 scribit
975 3354 1028 3418 Aa
1050 3366 1204 3441 martyres

84 3477 110 3519 c.
138 3458 173 3520 l:
206 3451 311 3526 Quaem
327 3475 440 3538 paoem
463 3451 588 3538 quidem
610 3453 645 3515 ia
661 3451 791 3516 ecelesia
813 3475 877 3514 aare
899 3451 1054 3530 Ιιαόεπιεε,
1079 3475 1099 3515 a
1122 3475 1203 3516 ruas·-

85 3553 210 3636 tpribrss
227 3553 411 3616 incarcere
431 3560 811 3612 exorarecoaaueveruat.
859 3548 902 3610 la
924 3547 995 3611 ideo
1020 3571 1087 3610 eam
1110 3551 1205 3613 etiam

80 3661 258 3736 propterea
290 3648 326 3709 ia
356 3646 444 3710 nobis
465 3646 576 3710 babere
606 3657 637 3708 et
651 3645 763 3730 fovere
787 3656 817 3708 et
840 3645 996 3708 eaetodire
1020 3646 1147 3725 debetis,
1171 3659 1205 3710 ut

84 3749 111 3809 ei
124 3747 221 3832 sorte
250 3755 282 3807 et
305 3743 381 3807 aliis
398 3753 567 3830 praestare
584 3744 728 3828 possitia
762 3742 851 3806 Dein
875 3741 1075 3806 Montauista
1099 3743 1206 3808 factus

86 3845 117 3907 in
140 3843 233 3906 hanc
259 3840 387 3904 invehit
410 3851 591 3924 martyrum
616 3848 820 3924 potestatem,
845 3847 958 3902 contra
978 3839 1203 3924 Zephyrinum

86 3942 135 4005 vel
150 3941 268 4028 potins
283 3935 455 4002 Callistum
470 3936 632 4000 scribens:
657 3937 700 4000 At
717 3947 750 4001 tu
756 3941 830 4026 jam
843 3947 873 3999 et
886 3937 921 3999 ia
934 3947 1088 4022 martyres
1109 3936 1206 4022 effan-

85 4039 134 4102 dis
164 4041 250 4102 barac
268 4045 466 4123 potestatem,
498 4045 534 4098 ut
556 4036 696 4119 quiaquia
719 4057 759 4095 ea
787 4034 986 4098 ouaoemioae
1010 4035 1136 4098 uincula
1158 4037 1206 4100 iu·

161 4248 181 4306 ¹)
203 4235 301 4290 liuseb,
322 4235 355 4291 E
377 4235 407 4289 Ε.
426 4235 445 4290 l.
464 4235 496 4289 V.
515 4251 537 4292 c.
556 4238 582 4288 2.
