2836 4804
220 430 273 486 eoo
627 431 668 486 os
686 433 773 491 ona
792 433 932 502 mersen

48 1461 71 1502 Ρ.
90 1461 116 1504 ds
131 1462 207 1506 llum.

220 572 326 658 aliquo
349 574 416 638 ullo
440 585 574 662 teospore
607 599 645 638 ec
671 576 822 664 Capitale
845 577 955 644 &bere
983 577 1101 662 suscipi
1118 585 1175 640 out
1196 575 1331 662 defendi,

219 670 268 734 vel
290 683 421 736 emeatus
434 673 542 758 finer-it
573 674 653 736 tnnc
675 685 875 760 praesentem
906 675 1193 738 condemnationem
1215 674 1331 738 atse-

221 777 293 850 tere,
309 769 407 834 simili
430 772 623 836 emananti
645 771 835 862 subjicimus.
865 771 1076 858 Quoscumque
1089 795 1173 852 vero,
1197 772 1252 858 qai
1272 795 1332 836 rec·

220 876 284 930 tom
297 865 396 950 fidem
420 879 576 934 sonantes
600 893 620 932 a
643 869 737 934 dictis
749 868 888 955 Quodis
905 869 1138 956 praedicatam,
1165 879 1332 934 mamam

220 963 284 1028 tric
303 961 453 1050 Capitale
476 966 758 1032 corsdemaooernot
780 967 828 1032 ool
852 969 947 1032 etium
974 967 1193 1046 wademnasst,
1210 967 1332 1054 fratres

219 1071 250 1124 et
280 1063 515 1129 consacerdotes
548 1087 612 1130 esse
644 1064 817 1148 definimus.
867 1063 955 1138 Quae
988 1086 1060 1128 sero
1089 1075 1145 1128 cut
1167 1089 1189 1128 a
1212 1088 1259 1128 me
1281 1074 1332 1128 cat

219 1158 258 1222 ob
291 1159 366 1224 cli-is
398 1161 443 1226 od
474 1161 687 1248 defensionem
718 1163 956 1248 patinam
988 1163 1084 1226 triam
1119 1159 1332 1248 Capitslornss

208 1256 307 1343 foeta
340 1269 427 1337 scae,
455 1261 636 1344 proesentis
667 1261 759 1349 bayas
788 1260 900 1346 scripti
921 1261 1024 1324 nostri
1053 1257 1236 1342 delinitione
1268 1281 1332 1322 eoc-

217 1378 352 1420 mamas.

305 1453 358 1518 66.
382 1453 498 1518 Petrus
530 1453 572 1520 de
604 1455 717 1518 Marna
750 1455 861 1539 dignis
892 1456 1052 1520 encomiis
1082 1451 1229 1518 celebrat
1251 1451 1333 1516 hanc

217 1549 399 1635 epistolam.
448 1551 550 1636 ,Ejus
573 1554 726 1638 pretium,
758 1553 876 1637 inquit,
900 1551 948 1618 illi
972 1551 1033 1618 soli
1057 1559 1191 1631 norunt,
1216 1549 1333 1636 quibus

216 1657 424 1734 perspectum
448 1659 506 1729 est,
531 1659 691 1736 quantum
716 1648 864 1736 plerique
888 1649 1043 1734 dignitati
1066 1648 1261 1734 pontificiae
1284 1647 1332 1712 dc·

215 1745 348 1810 trahant
381 1768 418 1812 eo
453 1749 597 1829 nomine,
631 1748 719 1835 quod
752 1747 835 1814 baec
867 1749 985 1834 quinta
1017 1744 1172 1831 Synodns
1208 1748 1277 1810 sim
1304 1755 1333 1808 et

215 1843 345 1928 pondus
369 1846 600 1910 oecumenicae
624 1846 819 1927 obtinuerit,
852 1845 930 1909 licet
952 1845 1148 1910 renitentem
1172 1842 1331 1928 Vigilium

215 1939 314 2004 luerit
348 1951 499 2027 experta,
533 1945 590 2028 qui
623 1943 742 2007 maluit
773 1941 911 2008 exilium
943 1944 1027 2028 pati,
1052 1963 1153 2028 quam
1176 1941 1331 2024 suffragio

215 2057 272 2102 suo
296 2038 385 2104 illius
416 2038 641 2106 definitionem
671 2040 866 2126 approbare.
897 2089 905 2106 .
936 2040 1014 2104 .Iie
1038 2039 1149 2104 verbis
1172 2047 1331 2123 concepta

215 2145 263 2200 est
286 2135 460 2224 (epistola),
494 2138 615 2224 quibus
647 2141 694 2202 uti
718 2137 858 2204 decebat
881 2138 977 2204 Sedis
1001 2135 1203 2223 apostolicae
1227 2135 1332 2200 Ponti·
1413 2187 1414 2216 ,

214 2233 319 2299 licem.
367 2235 453 2301 Sane
473 2234 641 2301 aGraecis
656 2238 736 2322 ipsis
755 2238 840 2301 tanti
860 2236 948 2300 iacta
963 2233 1184 2300 estadrobur
1199 2235 1332 2320 quintae
1413 2243 1414 2306 l

214 2331 339 2415 Synodi
364 2331 587 2415 asserendum,
604 2343 640 2398 ut
663 2355 736 2398 eam
751 2336 787 2398 in
806 2333 890 2398 Acta
914 2334 985 2419 ejus
999 2332 1126 2416 Synodi
1150 2332 1331 2408 retulerint,

214 2439 246 2492 et
261 2429 446 2494 definitioni
470 2430 648 2515 synodicae
672 2431 907 2517 subjunxerint
929 2432 1000 2519 (nn.
1016 2427 1113 2514 1,11).
1137 2429 1199 2494 Est
1223 2441 1331 2492 autem

213 2547 331 2612 operae
361 2529 504 2612 pretinm
536 2529 734 2614 expendere,
767 2551 934 2616 quaenam
957 2528 1011 2592 ille
1034 2525 1208 2614 (Vigilius)
1234 2525 1331 2591 verba

212 2625 292 2689 inre
313 2623 395 2690 adeo
412 2624 581 2710 implicata
595 2626 765 2708 adhibeat,
787 2626 908 2712 quibus
926 2626 1120 2710 dignitatem
1138 2646 1236 2688 suam
1251 2625 1330 2690 tueri

212 2725 315 2809 possit
328 2723 487 2788 adversus
497 2724 660 2808 synodum
672 2723 850 2806 OPtanam,
863 2726 934 2790 sine
945 2723 1012 2790 ulla
1027 2721 1188 2808 principis
1204 2736 1239 2788 et
1252 2723 1331 2808 epis·
1413 2743 1414 2790 ῑ

213 2841 369 2905 soporum
394 2822 528 2886 offensa.
574 2821 677 2888 Plane
700 2825 728 2886 si
753 2844 869 2887 verum
892 2843 1052 2903 amamus,
1078 2821 1214 2886 omnino
1238 2821 1329 2886 fateri
1413 2865 1414 2870 η

212 2940 344 2984 neccsse
379 2928 436 3000 est,
469 2919 552 2984 altas
583 2922 620 2984 in
655 2921 822 2985 mentibus
854 2919 1028 2986 hominum
1062 2928 1142 2982 tunc
1175 2919 1331 3005 temporis

212 3017 316 3101 egisse
339 3016 467 3081 radices
488 3018 645 3082 traditam
668 3041 688 3082 a
711 3019 892 3104 majoribus
916 3018 1113 3082 sententiam
1137 3014 1179 3080 de
1202 3037 1330 3080 summa

212 3113 308 3179 Sedis
331 3114 528 3198 apostolicae
558 3107 762 3182 auctoritate.
810 3115 895 3182 Cum
927 3117 1016 3180 enim
1047 3113 1089 3178 de
1112 3115 1253 3178 caeteris
1275 3113 1330 3196 Sy-

211 3211 307 3276 nodis
330 3215 551 3280 oecumenicis
573 3235 614 3278 ea
635 3215 822 3278 reverentia
854 3212 944 3298 loqui
959 3211 1055 3278 soliti
1079 3221 1187 3275 essent
1210 3213 1327 3276 summi
1413 3239 1414 3244 ¹

211 3309 397 3392 Pontifices,
430 3311 567 3396 ipseque
599 3311 682 3376 adeo
707 3311 851 3396 Vigilius
881 3313 916 3376 in
948 3310 1012 3374 hoc
1036 3308 1178 3390 decreto,
1203 3309 1329 3374 scilicet

211 3417 247 3472 ut
270 3429 305 3472 se
329 3429 383 3472 eas
415 3411 592 3494 suscipere,
625 3409 781 3496 amplecti
815 3420 847 3474 et
880 3409 1001 3474 devota
1035 3417 1145 3472 mente
1178 3409 1327 3474 venerari
1413 3403 1414 3420 ¹

210 3505 454 3591 profiterentur,
489 3516 601 3592 utpote
634 3528 719 3594 qnae
752 3507 847 3574 Sedis
878 3505 1077 3594 apostolicae
1107 3505 1267 3590 suffragio
1298 3517 1329 3570 et

210 3602 407 3668 universalis
441 3604 611 3670 Ecclesiae
646 3606 862 3670 consensione
893 3604 1043 3670 firmatae
1080 3612 1204 3666 esseut:
1243 3604 1327 3669 bano
1413 3605 1414 3610 ’

210 3703 359 3787 quintam
383 3702 555 3787 Synodnm
579 3702 723 3787 Vigilius
746 3724 789 3767 ne
818 3701 954 3790 quidem
978 3699 1096 3786 synodi
1121 3703 1256 3768 nomine
1278 3723 1326 3766 co
1413 3695 1414 3734 ³

209 3799 378 3866 honestat:
403 3821 522 3886 nempe
545 3799 602 3866 illa
624 3802 752 3866 ratione
767 3811 884 3882 motus,
899 3798 988 3886 quod
1012 3798 1083 3883 ejus
1114 3798 1325 3866 celebrationi
1413 3875 1414 3890 χ

209 3899 250 3962 iis
272 3897 529 3980 conditionibus,
563 3898 684 3984 quibus
714 3898 803 3964 facta
835 3908 893 3980 est,
927 3917 1124 3962 consensum
1147 3918 1214 3964 non
1236 3919 1325 3983 prae
1413 3895 1414 3948 Ῡ

209 3995 342 4060 buisset.
388 3995 520 4060 Deinde
544 4018 622 4060 vero
658 3997 719 4060 etsi
752 3997 871 4060 vitium
904 3995 991 4060 illius
1015 4015 1058 4058 ex
1080 3993 1239 4080 postfacto
1264 3995 1324 4060 dis
1413 4023 1414 4040 ¹

209 4092 403 4174 simulasset,
427 4116 448 4157 a
463 4091 640 4159 Constituti
664 4094 715 4160 sui
738 4093 1002 4179 promulgatione
1023 4103 1187 4160 cessatum
1209 4094 1322 4175 fumat,
1413 4091 1414 4112 ¹

209 4197 246 4252 ut
269 4191 392 4254 monui.
440 4189 539 4271 Quod
562 4213 641 4255 vero
653 4191 697 4254 ad
717 4213 786 4256 rem
802 4193 908 4277 ipsam
924 4195 1051 4272 attinet,
1075 4195 1146 4277 ipse
1169 4215 1228 4258 sua
1250 4215 1323 4258 auc-
