2900 4800
285 465 337 522 4⁰2
657 466 698 520 De
715 479 798 522 caum
814 463 929 520 Honorii
947 464 979 521 R.
1000 465 1031 520 Ρ.

284 608 349 674 hoo
371 609 479 674 facere
502 609 635 694 penitus
657 629 724 674 non
748 607 884 674 valuit.“
909 645 954 656 -
969 607 1084 690 Vides,
1098 608 1252 694 Sergium
1276 629 1317 672 eo
1339 617 1396 672 ten·

286 707 373 788 dere,
399 715 435 772 ut
459 705 532 772 illes
556 708 764 793 quaestiones
786 716 946 792 tanquam
974 705 1161 774 subtiliores
1182 715 1398 792 repraesentet

285 815 317 868 et
339 805 495 887 insinuet,
511 805 626 870 Patres
648 805 834 868 eamcam
856 814 887 868 et
908 805 989 890 ipris
1010 803 1113 870 verbio
1136 804 1250 892 (ῥητῶς
1272 802 1329 870 καὶ
1352 801 1399 866 σι’·-

283 903 356 978 ταῖς
378 899 515 987 λέξεσιν)
548 901 631 966 duas
654 902 859 988 operationes
883 921 950 966 non
974 902 1104 986 dicere3
1138 902 1273 968 deuna
1296 913 1397 966 sutem

285 1001 474 1086 operatione
506 999 616 1085 potius
654 1020 826 1064 occurrere
860 999 1024 1086 quaedam
1055 1001 1164 1066 effata
1212 999 1306 1065 Hinc
1343 1019 1397 1064 non

285 1119 356 1162 esse
380 1095 609 1162 dimicandum
632 1097 674 1163 de
697 1119 760 1162 usu
779 1095 967 1180 verborum,
983 1119 1087 1184 quum
1111 1098 1173 1162 iste
1195 1117 1263 1164 non
1288 1099 1334 1162 sit
1354 1097 1398 1162 de-

285 1195 408 1277 finitus,
429 1203 461 1258 et
484 1195 686 1280 superfluam
710 1196 968 1260 controversiam
989 1194 1030 1260 de
1045 1195 1141 1262 modo
1164 1195 1327 1281 loquendi
1343 1197 1397 1260 eri·

285 1291 432 1357 medam.

375 1389 429 1456 25.
451 1389 492 1454 Id
525 1389 670 1454 maxime
701 1391 911 1476 prosequitur
943 1390 1023 1456 dum
1046 1391 1172 1476 pergit:
1214 1391 1307 1475 „Nos
1330 1413 1399 1456 vero

286 1488 541 1570 considerantes,
566 1488 781 1573 incipientem
805 1507 848 1552 ex
870 1487 933 1554 hoc
957 1489 1045 1553 inter
1066 1488 1235 1574 quosdam·
1252 1489 1312 1554 hic
1335 1511 1398 1556 oon·

286 1587 468 1650 tentionem
491 1583 716 1665 exardescere,
740 1595 772 1650 et
795 1587 935 1654 scientes
965 1585 1055 1672 quod
1077 1607 1208 1672 semper
1230 1609 1274 1652 ex
1299 1587 1400 1675 bajus·

287 1682 378 1748 modi
402 1681 681 1748 decertationibus
705 1681 883 1748 haereseon
912 1682 1132 1750 dissensiones
1157 1685 1299 1750 effectae
1321 1697 1399 1761 sant,
1438 1693 1439 1716 l

288 1782 511 1846 necessarium
528 1779 766 1865 judicavimus,
791 1802 888 1846 omne
908 1781 1055 1846 studium
1078 1801 1201 1867 ponere
1223 1782 1269 1848 ad
1293 1783 1401 1848 wden-

287 1879 378 1962 dum,
402 1887 501 1966 etque
525 1877 766 1964 amputandum
789 1877 889 1943 talem
904 1877 1109 1964 superfluum
1131 1878 1310 1946 verborum
1332 1899 1401 1946 eon-
1438 1919 1439 1926 κ

288 1976 435 2060 filetum,
469 1985 502 2040 et
538 1975 581 2040 ed
613 1995 711 2061 saepe
744 1973 871 2040 dictum
903 1978 1148 2042 sanctissimum
1181 1975 1401 2046 Alexandriae
1438 1999 1439 2074 ]

287 2073 511 2160 patriarcham
543 2074 751 2160 scripsimus,
783 2081 821 2138 ut
852 2083 1027 2160 postquam
1055 2076 1216 2140 unitatem
1246 2097 1321 2142 cum
1344 2075 1400 2154 bis,
1438 2111 1439 2164 p

288 2173 345 2258 qui
377 2171 505 2257 pridem
529 2170 783 2257 separabantur,
806 2171 879 2237 Deo
911 2169 1095 2238 auxiliante
1129 2175 1331 2259 composuit,
1363 2173 1400 2240 de
1438 2171 1439 2230 l

289 2279 419 2334 caetero
442 2267 570 2334 nullum
593 2269 797 2354 permitteret
819 2289 921 2336 unam
939 2279 997 2334 aut
1020 2268 1103 2334 duas
1124 2271 1275 2356 proferre
1296 2293 1400 2359 opem·
1438 2239 1439 2310 l

290 2369 395 2432 tiones
419 2369 453 2432 in
478 2365 609 2434 Christo
632 2367 706 2432 Deo
729 2377 860 2448 nostm,·
883 2369 990 2452 magis
1020 2375 1146 2450 autem,
1170 2367 1275 2456 (mont
1295 2383 1401 2436 sancta

290 2473 323 2530 et
344 2463 546 2530 universalia
569 2463 778 2530 tradiderunt
790 2463 963 2552 Concilio),
988 2486 1091 2530 unum
1115 2465 1335 2556 eumdemque
1351 2469 1400 2534 Fi·
1438 2495 1439 2544 l

287 2562 368 2628 lium
403 2561 620 2648 Unigenitum
659 2563 842 2631 Dominum
883 2563 1039 2628 Nostrum
1080 2563 1200 2630 Jesum
1239 2565 1399 2632 Christum
1438 2587 1439 2630 1

288 2681 405 2726 verum
426 2661 538 2726 Deum
561 2671 731 2748 operatum
756 2659 904 2726 confiteri
924 2669 993 2726 tam
1017 2659 1133 2726 diviua
1155 2684 1326 2750 quamque
1345 2662 1398 2728 bu·

291 2779 400 2841 manc,
424 2769 457 2824 et
480 2779 611 2824 omnem
635 2759 708 2824 Deo
727 2757 903 2824 decibilem
927 2768 960 2822 et
982 2757 1115 2824 bomine
1135 2759 1273 2844 dignam
1299 2783 1399 2850 opera-
1438 2793 1439 2828 l

287 2858 412 2922 tionem
436 2879 479 2920 ex
502 2878 568 2922 uno
593 2855 776 2942 eodemque
798 2857 969 2922 incarnato
992 2856 1067 2922 Deo
1086 2855 1195 2924 Verbo
1220 2860 1397 2944 procedere,

288 2965 321 3020 et
353 2955 397 3018 ad
426 2975 530 3020 unum
561 2953 780 3040 eumdemque
811 2954 936 3040 redigi3
970 2975 1009 3020 eo
1039 2954 1127 3040 quod
1150 2956 1397 3044 uniusquidem
1438 3007 1439 3024 t

289 3054 488 3138 operationis
525 3073 609 3134 vox,
643 3073 844 3138 quamquam
880 3075 901 3118 a
932 3051 1130 3138 quibusdam
1163 3056 1289 3120 unctis
1318 3055 1395 3120 dicta
1438 3061 1439 3106 l

289 3159 338 3216 est
356 3150 521 3233 Pabibus,
546 3160 656 3216 temen
676 3151 851 3236 peregrina
864 3150 1028 3232 videatur,
1040 3159 1074 3214 et
1096 3149 1292 3235 perturbare
1312 3175 1396 3220 auree
1438 3107 1439 3196 l

288 3248 508 3334 quorumdam
532 3249 785 3333 suspicantium,
810 3247 855 3312 ad
876 3249 1136 3334 peremptionem
1159 3248 1247 3316 hanc
1271 3251 1393 3336 prole-ri

290 3345 475 3428 inconfuse,
495 3355 593 3432 atque
613 3345 794 3410 secundum
812 3343 1059 3412 subsistentiam
1083 3347 1252 3414 unitarum
1267 3351 1302 3414 in
1316 3347 1394 3412 Obri-
1438 3391 1439 3440 ,

289 3451 339 3508 sto
356 3443 429 3508 Deo
450 3453 560 3508 nostro
584 3442 725 3508 duarum
749 3453 961 3526 naturarum3
984 3443 1073 3532 quod
1097 3465 1163 3509 non
1187 3455 1393 3534 estunqmrn.

289 3562 350 3605 nec
377 3540 444 3605 fiat.
492 3540 651 3606 Similiter
685 3550 795 3606 autem
819 3551 852 3606 et
881 3542 1020 3608 duarum
1055 3544 1283 3627 operationum
1306 3545 1393 3610 dictio
1438 3559 1439 3610 i

288 3638 409 3704 multos
442 3637 662 3722 scandalizet,
693 3647 806 3725 utpote
838 3661 859 3704 a
891 3639 981 3704 nullo
1008 3649 1195 3706 sanctorum
1229 3650 1265 3704 et
1293 3641 1392 3728 proba·
1438 3615 1439 3664 l

289 3736 407 3802 biliam
439 3735 609 3802 Ecclesiae
640 3739 863 3804 institutorum
887 3737 1007 3804 edite.“
1041 3775 1085 3786 -—
1115 3736 1333 3804 Commendat
1352 3737 1394 3802 bis

289 3834 721 3919 excogitatamasesilentii
736 3837 971 3916 oeconomiam,
982 3837 1030 3901 ita
1040 3845 1152 3900 tamen
1164 3847 1201 3900 ut
1213 3838 1292 3902 satis
1303 3847 1393 3902 ostan-
1438 3877 1439 3918 ,

290 3932 357 4014 dat,
382 3953 416 3996 se
429 3933 601 4017 suffragari
625 3935 684 3998 uni
699 3935 892 4019 operationi.
938 3933 1036 3998 Hanc
1052 3953 1169 4000 vocem
1192 3943 1319 4001 tentum
1338 3934 1394 3996 eri·

289 4029 352 4093 tari
377 4028 449 4093 vult
471 4039 508 4094 ut
530 4032 749 4114 peregrinam,
773 4053 816 4096 ex
840 4053 906 4119 qua
928 4031 1031 4118 aliqui
1056 4033 1278 4117 smpicionem
1300 4032 1394 4096 conci-
1438 4059 1439 4062 ¹

290 4147 367 4211 pere
399 4128 544 4210 possint;
568 4128 710 4194 duarum
742 4139 852 4196 autem
877 4132 1102 4216 operationum
1126 4129 1392 4195 commemoratio

290 4243 367 4286 nem
390 4223 497 4306 rejicit
520 4231 557 4288 ut
579 4248 600 4290 a
622 4225 778 4294 Patribus
800 4229 954 4294 alienam.
