2900 4800
434 455 529 510 sutus
547 455 674 511 seete-sim
692 455 841 514 cucumis.
1142 455 1198 511 398

78 599 142 664 sibi
163 619 288 663 nomen
311 598 523 662 Petrierchae
547 602 751 664 oecumenici
779 599 933 678 tribuere,
958 597 1198 664 nonobstante

78 697 314 782 protestatione
337 697 479 760 Romani
501 697 683 763 Pontificis.

171 847 222 913 13.
247 846 346 913 Anno
361 847 426 912 602
437 847 612 914 Mauritius
628 872 671 914 ex
690 851 828 936 imperio
844 849 991 936 dejectus
1006 849 1070 914 luit
1083 849 1197 916 crude·

76 945 219 1032 literque
242 946 369 1010 occisus
390 945 528 1010 ePlroca
549 945 691 1012 militum
709 947 784 1030 due,
806 948 863 1034 qui
887 969 1026 1034 regnum
1048 949 1199 1034 arripuit.

78 1045 161 1131 Ejus
185 1041 332 1109 indolem
355 1044 401 1107 its
424 1041 572 1108 breviter
593 1043 751 1110 describit
767 1043 955 1113 Cedrenus:
980 1045 1114 1112 Statura
1128 1045 1200 1133 'sctit

78 1141 240 1220 mediocri,
273 1141 434 1228 desonam,
468 1141 621 1208 terribilis
653 1153 791 1228 aspectu,
825 1145 969 1222 vinosus,
1003 1143 1198 1220 mulierosus,

77 1241 316 1326 sanquine-ius,
339 1239 473 1326 ripielue,
486 1241 522 1304 iu
536 1239 667 1304 dicendo
673 1239 785 1328 feroc,
807 1265 827 1306 u
841 1243 1042 1306 miseratione
1065 1239 1198 1322 alienus,

78 1337 218 1402 mribus
232 1336 338 1423 ferus,
362 1339 557 1418 haereticus;
580 1361 663 1402 iecor
683 1343 751 1428 ejus
766 1339 900 1404 Locum
914 1339 1030 1404 eisdem
1045 1339 1117 1426 fluit
1138 1361 1199 1402 mo-

77 1437 166 1500 ribus
190 1433 353 1518 imbuto¹).
402 1435 527 1520 Agnito
548 1446 660 1500 tamen
683 1436 817 1502 fuerunt
839 1436 900 1502 sub
925 1439 1013 1523 ipso,
1038 1437 1086 1500 uti
1110 1434 1200 1501 vide-

79 1545 131 1598 tur
166 1533 265 1597 modo
298 1532 408 1619 aliquo
442 1532 594 1615 solemni,
623 1534 701 1619 jura
724 1537 885 1620 primatus
908 1535 947 1600 R.
970 1533 1141 1599 Pontificio
1164 1534 1200 1597 in

77 1632 256 1696 ecclesiam
281 1631 459 1696 CPtenem.
505 1631 608 1696 Liber
639 1631 843 1698 Pontificalis
875 1633 1023 1698 enimin
1046 1634 1117 1696 vito
1138 1632 1200 1696 Bo-

78 1731 188 1794 nifatii
213 1728 266 1793 111
289 1730 335 1793 ita
359 1727 475 1793 habet:
501 1729 563 1794 Hic
587 1728 722 1794 obticuit
745 1729 834 1816 apud
856 1731 992 1796 Phocum
1009 1731 1200 1816 principem,

77 1840 111 1892 ut
144 1827 237 1892 seder
268 1825 455 1914 Apostolico
477 1827 515 1891 B.
547 1829 636 1892 Petri
658 1827 807 1914 Apostoli
838 1840 933 1914 caput
962 1839 1042 1894 esset
1065 1829 1201 1892 omnium

77 1925 291 2003 ecclesiarum,
322 1926 344 1989 i.
379 1949 404 1989 e.
430 1927 577 1992 Romano
607 1925 747 2004 ecclesia,
772 1927 847 2012 quio
870 1926 1001 1990 ecclesio
1020 1923 1152 1990 CPtoca
1170 1949 1201 1990 se

73 2027 217 2112 primam
232 2025 369 2086 emnium
378 2023 577 2088 ecclesiarum
587 2023 781 2110 scitetur).
806 2023 903 2088 Multi
918 2045 960 2088 ex
969 2023 1021 2088 his
1032 2020 1201 2107 colligunt,

77 2123 237 2202 Phocum,
256 2123 398 2186 instante
413 2119 561 2186 Romano
581 2120 758 2200 Pontifice‚
778 2121 987 2186 interdixisse
1005 2117 1201 2186 Petriechae

80 2221 232 2301 CPtsno,
266 2220 443 2306 quominus
473 2217 566 2284 titulo
589 2219 797 2284 Patriarehae
831 2220 1017 2284 oecumenici
1045 2227 1200 2284 uteretur.

79 2319 146 2384 Sed
171 2327 247 2404 post
261 2315 392 2380 Phocoe
417 2318 586 2382 interitum
602 2317 814 2382 Patrierchae
830 2316 956 2382 OPtani
979 2316 1069 2382 illam
1092 2315 1202 2402 appel-

79 2416 239 2480 lationem
255 2416 407 2500 usurperi
422 2413 513 2479 haud
531 2414 695 2479 destitere.
719 2413 848 2479 Phocas
862 2413 1019 2480 videlicet
1034 2435 1120 2479 enno
1137 2413 1202 2478 610

79 2512 261 2600 imperium
285 2523 317 2576 et
340 2514 443 2576 vitam
467 2512 622 2599 perdidit.
671 2511 783 2593 Quum
814 2511 935 2598 populo
964 2523 1063 2598 etque
1087 2505 1222 2576 nobili:

79 2614 142 2678 bus
167 2611 230 2675 iste
254 2620 414 2695 tyrannus
438 2621 523 2674 esset
546 2608 643 2695 plane
657 2632 786 2693 exosus,
804 2619 960 2676 evocatus
984 2621 1033 2675 est
1055 2609 1097 2674 sb
1122 2611 1203 2695 ipsis

80 2709 255 2776 Heraclius
279 2708 366 2773 lilius
389 2708 548 2793 praefecti
580 2707 722 2774 militum
746 2709 782 2773 in
805 2707 929 2774 Africo.
976 2708 1008 2774 A
1032 2730 1096 2794 quo
1119 2705 1203 2773 Pho-

79 2832 135 2873 ces
160 2807 333 2888 devictus,
359 2829 376 2870 e
400 2805 517 2870 throno
552 2807 686 2892 ejectus,
711 2817 809 2892 atque
833 2806 994 2892 supplicio
1018 2807 1132 2870 ultimo
1157 2805 1201 2869 ef-

78 2907 189 2972 feetus
215 2915 273 2970 est.

175 3057 226 3121 14.
253 3053 394 3140 Oyriocc
427 3054 634 3141 patriarchae
667 3077 754 3118 enno
779 3053 843 3118 607
868 3054 1023 3118 defuncto
1048 3053 1204 3117 suecessit
1304 3065 1337 3106 'u

83 3157 222 3222 ihomas
254 3153 276 3217 Ι
305 3156 339 3218 in
374 3154 485 3218 sedem
521 3152 700 3234 OPtunem,
743 3154 838 3239 eique
871 3162 944 3239 post
979 3153 1204 3236 episcopatum
1250 3139 1292 3166 '¹'
1352 3152 1357 3163 '

79 3258 183 3320 trium
207 3273 380 3334 annorum,
413 3273 524 3316 mense
548 3251 657 3336 Aprili
690 3252 768 3314 enni
800 3249 866 3313 610
897 3248 1024 3337 Serpiue
1046 3247 1205 3312 ecclesiae

81 3349 284 3418 cathedralis
319 3351 497 3430 discendo,
523 3351 579 3436 qui
613 3370 768 3433 magnam
793 3369 884 3433 spem
908 3349 958 3411 sui
983 3349 1076 3411 initio
1101 3345 1203 3410 dedit.

81 3451 159 3538 lpse
184 3450 239 3513 die
264 3449 283 3511 6
308 3447 462 3513 Octobris
486 3449 565 3511 cnni
596 3447 661 3510 610
685 3445 877 3510 Heraclium
910 3447 945 3509 in
968 3445 1204 3531 Imperatorem

81 3547 258 3614 coronavit
281 3556 313 3609 et
337 3545 459 3610 exinde
482 3567 542 3631 per
564 3546 683 3629 viginti
708 3553 741 3607 et
770 3553 842 3608 octo
867 3563 988 3623 annos,
1013 3542 1134 3629 quibus
1159 3563 1204 3606 se-

81 3648 160 3712 dem
187 3643 358 3708 CPtsnum
390 3645 515 3720 tenuit,
547 3663 705 3727 magnum
739 3643 885 3705 favorem
917 3650 949 3704 et
982 3641 1146 3704 influxum
1170 3641 1205 3703 in

80 3767 135 3809 res
159 3742 312 3830 publices
335 3753 434 3828 etque
458 3741 697 3805 ecclesiastices
721 3739 810 3825 opud
834 3738 1027 3803 Heraclium
1051 3736 1205 3802 obtinuit.

81 3843 129 3906 At
152 3843 362 3928 perniciosus
393 3842 456 3904 fuit
486 3839 592 3924 Sergii
626 3841 834 3925 episcopatus
867 3857 915 3918 ec,
948 3835 1038 3923 quod
1061 3835 1206 3898 haeresis

161 4073 181 4142 ¹)
201 4071 335 4125 Cedrenus
354 4085 396 4137 cp.
417 4068 564 4123 Beronium
583 4085 606 4122 a.
628 4067 681 4120 603
700 4084 727 4122 n.
747 4070 772 4120 9.

159 4152 181 4222 ¹)
201 4151 302 4204 Eodem
330 4150 412 4204 verbe
439 4149 574 4204 habentur
604 4163 646 4216 ep.
667 4145 741 4201 Penl.
761 4147 835 4202 Dico.
860 4147 892 4201 de
911 4145 998 4216 gestis
1016 4143 1136 4213 Longob.
1157 4143 1207 4205 1v,

82 4235 127 4288 37.
147 4238 177 4287 et
196 4247 237 4300 up.
257 4231 327 4285 loen
356 4229 452 4284 Chron
473 4229 559 4298 Ilpisc
571 4229 679 4296 Nespcl.
699 4229 842 4297 (liuretori
863 4229 894 4281 R
914 4227 936 4281 I.
954 4226 1009 4279 Ser.
1028 4225 1062 4278 11.
1080 4239 1106 4293 p.
1134 4225 1207 4295 301)
