2924 4818
98 680 212 721 stlsmeutln

121 752 183 782 uren.

243 498 296 550 leo
456 493 496 547 De
514 491 588 547 Rom.
608 492 685 546 Pont.
705 491 804 546 saeculi
825 492 904 559 primi
922 497 951 547 et
968 493 1101 548 saecundi.

332 637 384 705 28.
409 637 462 702 Ea
486 637 639 700 Romanis
669 646 772 700 aetem
805 635 1016 721 Pontificibus,
1048 637 1163 703 scribit
1192 638 1365 704 Eusebius

242 735 285 804 Η.
310 735 349 803 Ε.
372 734 434 800 ΠΙ.
458 735 515 815 34,
543 730 684 798 Clemens
716 757 801 798 aaao
834 734 1011 820 mpradieti
1034 735 1197 822 (Trajeni)
1221 737 1364 822 Impera·

242 834 321 900 toris
350 834 441 898 tertio
475 831 556 896 abiit
588 853 603 894 e
634 833 712 911 vita,
743 832 894 896 anreeto
928 833 1137 898 sacerdotium
1169 835 1364 920 relinquens,

242 955 309 998 eam
330 953 439 997 nouem
463 941 543 994 totos
566 951 668 994 aanor
694 929 967 1015 praedicationem
998 931 1085 995 uerbi
1116 931 1219 996 divini
1246 953 1364 1018 proea-

241 1040 352 1095 raseet.
386 1029 551 1116 Trejenus
575 1029 734 1092 suecessit
756 1027 888 1092 Nervae
911 1050 941 1093 e.
966 1027 1009 1094 98
1034 1027 1065 1094 d.
1090 1030 1133 1093 28
1152 1029 1239 1110 Jen„
1266 1029 1364 1095 adeo-

243 1147 307 1216 que
330 1127 401 1213 ejus
424 1147 531 1192 eunus
553 1125 669 1189 tertius
692 1126 727 1188 in
757 1147 787 1193 e.
821 1125 883 1189 100
906 1147 937 1212 p.
964 1125 1000 1192 C.
1025 1127 1152 1194 incidit.
1198 1127 1239 1192 In
1265 1125 1365 1192 Cate-

242 1224 316 1309 logo
349 1223 518 1290 Felieieno
557 1231 590 1286 et
629 1224 663 1288 in
703 1222 805 1287 Libro
843 1223 1028 1288 Pontifieeli
1062 1223 1184 1290 dieitur
1207 1223 1365 1290 Clemens

243 1325 400 1407 martyrio
434 1329 608 1387 eorenetus
640 1331 673 1384 et
705 1319 850 1408 sepultus
880 1323 914 1386 in
939 1321 1094 1403 Graecis,
1128 1333 1227 1408 etque
1260 1325 1366 1387 etium

243 1420 395 1487 Zosimus
417 1420 454 1484 P.
488 1417 591 1506 (418),
625 1417 782 1505 Episcopi
816 1419 976 1502 Africani,
1001 1419 1150 1502 Rufinus,
1181 1418 1367 1504 Gregorius

244 1517 289 1584 Μ.
313 1526 491 1602 martyrem
515 1539 591 1582 eum
605 1516 782 1602 appellent.
830 1517 914 1582 Aeta
929 1521 1078 1603 martyrii
1103 1519 1174 1605 ejus
1197 1520 1365 1602 originem

244 1613 368 1681 habent
390 1637 434 1710 ex
457 1613 587 1679 seeoulo
610 1613 669 1694 IV,
700 1637 740 1679 ee
773 1616 850 1680 dein
875 1615 1113 1701 Metaphrestes
1146 1615 1264 1680 eedem
1282 1611 1366 1678 *oon-

244 1715 403 1780 einnevit.
449 1711 640 1779 Secundum
664 1712 746 1777 haee
769 1714 944 1799 e'l'rejeno
969 1715 1004 1778 in
1019 1713 1262 1779 Chersonesum
1279 1711 1366 1799 (Cri-

244 1810 367 1898 meem)
390 1813 425 1876 in
448 1810 585 1875 exilium
609 1811 737 1892 missus,
763 1810 916 1876 Clemens
947 1811 1073 1876 ibidem
1103 1810 1201 1897 paulo
1230 1819 1309 1896 post
1332 1811 1366 1874 in

245 1930 335 1974 mere
367 1909 604 1995 praecipitatus
636 1919 694 1972 est.
743 1909 906 1989 Quemvis
938 1921 1048 1974 eutem
1081 1910 1163 1973 setis
1201 1905 1268 1972 illis
1308 1929 1368 1994 per

136 2057 143 2066 .
246 2027 280 2072 se
303 2006 394 2072 haud
418 2008 595 2072 conveniet
624 2009 802 2071 auctoritas
833 2007 1011 2088 suffieiens,
1042 2019 1152 2072 tamen
1183 2015 1365 2090 martyrem

246 2125 321 2168 eum
345 2125 427 2186 esse,
450 2112 484 2168 et
506 2103 597 2168 heud
610 2103 735 2168 Romae
759 2104 816 2169 sed
833 2103 913 2169 alibi
930 2114 1104 2186 mortuum,
1130 2105 1245 2168 merito
1264 2105 1366 2190 juxte
1459 2171 1460 2188 1

245 2203 415 2289 antiquam
438 2201 649 2267 traditionem
674 2211 813 2269 tenetur.
822 2201 846 2287 ¹)
1459 2199 1460 2202 ’

775 2383 834 2450 Π.

447 2506 713 2586 Pomttftees
740 2510 926 2574 saeeatt
953 2507 1163 2574 seeamdt-

204 2691 229 2720 n„
334 2645 388 2712 29,
413 2645 445 2714 s.
476 2645 722 2711 evaristus
752 2647 795 2736 (a.
822 2647 1021 2734 roo-ros).
1067 2687 1110 2698 -
1133 2647 1186 2714 ns
1209 2647 1366 2712 uve-mo
1458 2613 1459 2644 ³

246 2743 420 2810 interulis
443 2741 526 2808 haee
548 2743 715 2809 habentur
738 2745 773 2810 in
797 2743 945 2830 catalogo
970 2745 1158 2811 Felieienoz
1196 2745 1367 2809 Esar-istae

245 2844 373 2908 motione
400 2840 554 2924 Graecus,
579 2842 799 2924 Antiocheam,
832 2867 872 2906 ee
902 2855 995 2930 patre
1023 2843 1124 2922 Jada,
1163 2843 1201 2907 de
1237 2843 1366 2906 civitate
1457 2879 1458 2896 κ

244 2939 428 3019 Bethlehem,
454 2939 537 3004 sedit
560 2962 661 3004 ammae
693 2964 811 3018 nouem,
841 2965 960 3006 memes
992 2941 1094 3006 decem
1126 2952 1156 3004 et
1183 2940 1252 3004 dies
1274 2939 1364 3002 duos.

246 3039 404 3125 Martyria
428 3049 606 3102 eoroaatmr.
633 3037 695 3102 Hic
711 3037 819 3102 titulae
833 3041 867 3102 im
890 3039 965 3102 arbe
981 3041 1083 3103 Roma
1107 3039 1217 3102 divisit
1234 3035 1365 3122 preeby-

247 3137 331 3212 teris,
356 3146 386 3198 et
409 3147 524 3222 septem
547 3136 698 3200 diatomos
713 3137 876 3201 ordinavit
895 3140 950 3224 qai
972 3137 1164 3202 custodirent
1186 3137 1366 3224 episcopam

241 3231 480 3319 praedicantem
506 3245 641 3321 propter
673 3233 786 3320 stylum
819 3237 970 3300 veritatis.
1012 3285 1019 3298 .
1054 3284 1061 3298 .
1097 3285 1104 3298 .
1139 3233 1287 3322 Sepultus
1322 3243 1366 3296 est
1456 3241 1457 3250 ’

246 3405 287 3446 ree
307 3391 425 3454 εὐσεβεῖς
442 3393 486 3442 καὶ
505 3395 614 3452 ataroth·
639 3391 779 3448 Davisius:
798 3392 880 3460 dyest
900 3393 925 3446 τὲ
945 3395 988 3444 eal
1016 3391 1135 3454 δικαίαις
1158 3391 1277 3447 Clericus
1303 3391 1365 3460 (Ars

245 3470 356 3539 eritie):
370 3472 441 3524 derv
457 3469 551 3530 αἰδοῦς
569 3476 612 3522 καὶ
631 3471 712 3536 δίκης.
733 3471 953 3528 sinereverentie
972 3472 1078 3541 etjure,
1097 3472 1123 3526 h.
1142 3487 1164 3526 e.
1185 3472 1365 3526 irreverenter

245 3551 339 3608 habito
357 3566 422 3607 sexu
440 3550 587 3608 infirmiore
610 3559 640 3607 et
657 3558 751 3607 contre
770 3553 816 3620 jus
835 3559 863 3608 et
887 3553 936 3608 fes.
973 3552 1119 3608 Suseheeus
1137 3567 1171 3606 ex
1190 3555 1250 3606 Aet.
1270 3553 1312 3609 17.
1331 3551 1365 3604 et

246 3635 274 3686 θῑ
291 3633 317 3695 9,
336 3633 378 3695 36,
398 3632 523 3702 Δάμαρις
548 3637 591 3682 καὶ
611 3631 716 3702 Arinem
734 3633 931 3688 restituendum
959 3649 1017 3688 esse
1035 3633 1178 3700 oonjectet.
1215 3631 1365 3684 Ruinertus

246 3716 275 3764 et
291 3710 457 3767 Jeoobsonus
479 3727 512 3766 ex
535 3711 658 3780 margine
682 3712 710 3766 iu
735 3717 840 3766 textum
864 3713 1002 3781 irrepsisse
1026 3713 1108 3766 rerba
1136 3711 1184 3766 illu
1208 3709 1363 3778 conjiciunt.

245 3790 277 3845 V.
297 3790 408 3856 Hurter,
427 3790 561 3859 Opuseule
579 3792 690 3846 Petrum
710 3792 796 3855 XVII,
815 3809 840 3862 p.
859 3795 901 3846 69.
934 3821 967 3832 -
998 3792 1048 3847 Sed
1066 3791 1146 3847 lectio
1166 3789 1300 3850 Δαινάιιῖες
1321 3793 1363 3844 sm
1454 3807 1455 3812 ¹

246 3873 343 3941 Δίρκαι
368 3870 543 3926 mnfirmetur
571 3872 653 3926 etiem
678 3872 774 3926 Codice
797 3872 1112 3941 Consmutinopoliten03
1142 3886 1247 3925 sensum
1273 3878 1363 3925 textus

245 3951 368 4020 superius
383 3952 441 4019 jmn
459 3951 670 4019 explanavimus.

322 4034 338 4082 ¹t
358 4029 413 4084 Cir.
432 4031 549 4096 Sehrddl,
569 4031 585 4085 l.
606 4049 627 4086 e.
652 4047 676 4100 p.
702 4035 745 4096 83,
765 4033 804 4086 De
823 4031 909 4096 Bessi,
935 4033 1079 4096 Bolletino,
1102 4031 1153 4085 111.
1173 4031 1190 4082 5
1215 4061 1256 4078 -.
1277 4029 1362 4098 Opem

244 4110 417 4178 supposititia
441 4127 461 4164 s.
485 4111 630 4167 Clementis
656 4115 721 4166 sunt
753 4111 811 4180 ejus
831 4111 970 4181 Epistolee
997 4113 1159 4174 decretales,
1186 4109 1361 4165 constitutio-
1454 4113 1455 4135 ¹

245 4203 292 4245 nes
310 4191 339 4243 et
357 4189 479 4246 Oenones
497 4189 693 4260 Apostolorum,
718 4190 848 4262 Biturgia
871 4193 1016 4248 Clementis
1041 4199 1070 4246 et
1095 4191 1152 4260 ejus
1183 4189 1317 4245 Homiliee
1335 4197 1360 4243 et

245 4269 461 4338 Reoognitiones.
