2836 4804
244 428 297 482 336
649 424 690 480 De
708 425 796 482 tribus
814 428 954 498 capitolia

243 593 334 656 peaes
357 570 525 636 damoetas
547 579 593 633 est
615 579 763 648 mortisue,
796 573 851 657 qui
872 575 978 638 vivens
992 575 1108 661 ficret
1130 591 1203 646 orate
1226 583 1350 648 domoo-

245 679 302 732 tos.
341 705 385 714 -
418 667 459 731 In
492 665 599 730 edicto
622 664 689 748 illo,
714 667 803 753 quod
835 672 1022 738 continetur
1045 677 1196 763 ampliori
1220 681 1351 766 epistola

244 764 287 829 ad
310 765 456 851 quinque
480 761 688 828 patriarchas
721 764 855 850 directa,
888 767 1098 838 lastinianus
1130 773 1285 862 Origenis
1310 801 1353 843 er·

243 883 332 928 rores
356 861 396 926 de
420 857 498 924 Sma
529 859 708 944 Trinitate‚
743 861 784 926 de
813 867 1070 948 praeexistentia
1096 873 1293 956 animarum,
1315 875 1353 940 de

244 960 356 1024 anima
379 957 521 1040 Christi,
555 957 596 1022 de
619 961 836 1043 apocatastasi
860 965 1008 1029 omnium
1032 964 1171 1055 aliisque
1195 972 1352 1038 derebus

243 1057 352 1122 refert.
397 1057 556 1121 Errornm
579 1057 794 1121 summarium
826 1061 1014 1126 continetur
1036 1063 1150 1130 decem
1175 1071 1353 1134 canonibus

245 1154 400 1242 epistolae
423 1151 589 1240 subjectis,
613 1153 733 1238 quibus
756 1154 831 1220 illae
855 1156 1026 1226 doctrinae
1048 1163 1183 1250 ipseque
1198 1165 1353 1253 Origenes

244 1251 572 1318 anathematizentur.

84 1371 231 1414 costuma
333 1349 386 1416 35.
410 1348 602 1414 Theodorus
639 1347 780 1414 Aenidae
814 1361 847 1415 et
879 1351 1091 1422 Domitianus
1125 1381 1195 1424 sese
1227 1361 1353 1450 quidem

101 1432 212 1474 ”m
246 1448 352 1514 edicto
384 1455 498 1512 contra
529 1444 707 1530 Origenem
740 1447 981 1534 submiserunt3
1014 1463 1112 1540 atque
1141 1457 1188 1522 ita
1211 1457 1355 1524 favorem

246 1557 278 1610 et
312 1563 469 1630 maguum
513 1542 677 1608 influxum
718 1544 808 1630 apud
842 1547 1076 1635 Imperatorem
1112 1559 1355 1622 conservarunt.

245 1643 319 1708 Hoc
342 1663 420 1707 vero
455 1641 584 1706 influxu
617 1651 722 1723 utens,
757 1664 835 1707 mox
867 1649 1052 1730 graviorem
1082 1649 1173 1716 litem
1196 1653 1239 1717 de
1263 1654 1357 1718 eiua

250 1739 408 1828 Capitalia
430 1738 623 1804 Theodorus
654 1743 858 1824 provocavit.
905 1743 950 1808 Ut
973 1745 1156 1812 vindictam
1180 1751 1354 1836 quamdam

246 1843 280 1906 iu
303 1838 474 1923 Pelagium
498 1847 666 1901 exerceret
688 1847 720 1901 et
742 1838 897 1923 Origenis
920 1841 1165 1910 damnationem
1188 1847 1354 1914 ulciscere·

246 1948 308 2020 tur,
332 1935 386 2000 vel
410 1935 498 2022 quod
521 1933 762 2020 Monopbysitis
785 1937 919 2021 faveret,
944 1959 1020 2004 eum
1049 1941 1110 2006 hoc
1133 1944 1264 2028 secisse,
1288 1967 1354 2010 auc·

245 2047 331 2101 tores
353 2034 491 2119 antiqui,
516 2033 571 2118 qui
596 2035 694 2096 trium
711 2031 937 2120 Capitulorom
964 2036 1188 2106 defensionem
1212 2065 1353 2130 suscepe-

245 2143 331 2216 runt,
365 2133 527 2212 referunt3
561 2130 623 2193 hoo
653 2138 763 2195 tamen
796 2153 862 2196 non
893 2135 1026 2198 omuino
1060 2137 1271 2222 exploratum
1300 2150 1352 2205 est

246 2232 285 2296 ld
320 2239 408 2295 certe
440 2230 474 2292 iu
506 2229 616 2292 animo
640 2227 766 2311 habuit,
801 2241 837 2293 ut
860 2230 902 2294 ab
926 2230 1080 2316 Origenis
1103 2243 1135 2298 et
1159 2236 1352 2322 Origeniste·

246 2351 320 2394 rum
343 2349 442 2392 causa
457 2336 640 2390 semoveret
657 2327 806 2391 animum
822 2328 1043 2414 Imperatoris,
1068 2340 1110 2414 et,
1135 2356 1241 2421 quum
1263 2335 1352 2399 rebus

246 2426 437 2510 theologicis
453 2423 666 2510 disponendis
682 2423 736 2487 hie
751 2426 833 2489 adeo
853 2427 1006 2510 studeret,
1024 2429 1088 2493 alio
1103 2431 1213 2516 potins
1227 2433 1352 2516 negotio

247 2547 322 2590 enm
337 2531 523 2608 oocuparet.
552 2521 627 2608 Ipse
635 2521 847 2588 Domitianus
859 2523 1022 2590 Theodori
1033 2529 1159 2592 amicus
1169 2530 1205 2594 in
1220 2527 1352 2616 epistola

247 2619 499 2706 advigilium1)
523 2619 614 2700 dicit,
633 2619 947 2708 injuste,0rigeuem
970 2632 1003 2686 et
1025 2624 1107 2690 alios
1131 2637 1263 2692 sanctos
1286 2627 1354 2692 doc-

247 2732 332 2786 tores
359 2720 460 2784 fuisse
487 2719 697 2805 impugnatos
726 2727 758 2782 et
782 2719 963 2786 damnatos.
1010 2721 1138 2787 Horum
1171 2735 1353 2790 sectatores.

248 2841 349 2904 quum
373 2817 525 2882 viderent
547 2837 581 2880 se
605 2815 639 2879 iu
664 2814 853 2882 defensione
877 2817 1030 2902 Origenis
1054 2823 1230 2886 victoriam
1253 2843 1354 2908 repor-

248 2927 317 2982 tare
352 2937 417 2980 uon
451 2935 555 3000 posse,
580 2911 679 2978 aliam
704 2917 960 2982 controversiam
984 2920 1154 3000 excitasse,
1178 2919 1355 2986 damnatio·

248 3034 390 3100 nemque
411 3011 576 3077 Theodori
600 3009 823 3096 Mopsuesbeni
850 3013 1015 3080 studuisse
1038 3015 1196 3098 obtinere,
1221 3017 1268 3081 ud
1290 3017 1355 3082 abo·

249 3113 388 3176 litiosam
411 3132 516 3174 eorum
538 3129 618 3196 quac
639 3119 748 3173 coebo
775 3111 937 3194 Oripeaem
968 3123 1053 3177 moto
1075 3115 1283 3179 constiterant
1304 3113 1355 3200 (al.

248 3207 498 3294 coustitueroot).

336 3307 389 3372 36.
414 3305 605 3371 Theodorus
628 3305 729 3390 igitur
755 3303 975 3372 Caesariensis
1007 3308 1189 3392 episcopus,
1215 3311 1272 3395 qui
1294 3307 1352 3372 sibi

248 3416 319 3470 tum
352 3404 534 3471 Justiniani
568 3412 638 3466 tum
673 3401 866 3468 Theodorus
900 3401 1069 3490 Augustae
1092 3401 1353 3470 benevolentiam

250 3503 492 3584 conciliaverat,
522 3501 722 3583 Justiuiano,
755 3523 858 3588 quum
887 3500 1006 3567 librum
1032 3511 1145 3568 contra
1167 3501 1352 3590 Acephaloe

249 3600 303 3666 ille
327 3601 518 3682 elaboraret,
542 3600 720 3685 persuasit,
754 3598 892 3664 faciliori
924 3597 1035 3664 labore
1058 3600 1118 3664 hos
1141 3622 1218 3664 oum
1241 3599 1354 3666 Ortho-

248 3699 321 3764 licis
351 3697 556 3764 reconciliari
586 3706 618 3762 et
649 3695 693 3760 ad
721 3697 881 3762 unitatem
910 3696 1079 3762 Ecclesiae
1110 3697 1224 3762 reduci
1251 3719 1351 3784 posse,

250 3797 347 3862 modo
363 3795 446 3861 haec
461 3796 524 3860 tria
539 3817 623 3880 quae
638 3794 701 3858 illis
725 3803 820 3860 erant
844 3795 1018 3860 offensioni
1047 3796 1292 3880 corrigerentur.
1318 3797 1354 3858 1·

250 3895 297 3960 Ut
325 3895 561 3961 damnarentur
587 3892 780 3958 Theodorus
811 3893 1061 3978 Mopsueetenns
1082 3892 1161 3958 olim
1184 3895 1351 3980 episcopus

250 3992 386 4078 ejusque
417 3989 508 4072 libri,
542 3991 576 4054 in
607 3988 728 4075 quibus
751 3989 878 4056 haeresi
902 3989 1116 4054 Nestorianae
1147 3990 1351 4076 praeluserat.

324 4201 345 4270 ¹)
363 4201 413 4268 Ap.
432 4201 549 4256 Faenud.
567 4201 658 4256 Herm.
677 4215 725 4268 pro
743 4200 843 4256 desem
863 4201 946 4256 trium
964 4201 1045 4269 eapp.
1064 4201 1082 4256 l
1101 4201 1149 4256 tv.
1169 4217 1190 4256 c.
1208 4204 1232 4255 t.
