2924 4818
448 501 639 556 Conmvcrtia
657 501 690 554 ds
707 501 847 558 musta
1155 505 1206 558 157

96 645 320 730 quaestionem
353 643 393 706 ds
425 643 601 708 charactere
623 643 707 728 sesti
735 643 907 722 Pambotis,
931 655 963 708 et
985 647 1207 710 maceriensis

86 744 169 828 fecti
183 765 248 804 arm
268 741 359 826 serto
384 741 581 804 dedecorum
609 763 667 824 pro
692 740 1001 820 Quartodecimanis
1023 741 1205 826 periculum

88 838 282 922 judaizandi
307 837 520 901 continuisse.
528 835 552 920 ¹)

179 935 231 998 66.
255 934 396 997 Romani
421 945 454 996 at
477 933 709 999 Occidentales
739 956 836 998 suum
869 957 993 1000 morem
1018 932 1206 1000 celebrandi

92 1031 219 1098 Pascha
241 1055 262 1094 a
285 1031 344 1096 SS.
370 1030 537 1115 Apostolis
560 1032 657 1096 Petro
681 1041 714 1094 et
733 1030 835 1096 Paulo
860 1033 975 1096 merito
1000 1031 1204 1098 derivabant.

93 1131 207 1194 Asiani
237 1137 349 1192 numm
374 1127 627 1207 contendebant,
661 1149 754 1192 suam
779 1128 1051 1194 consuetudinem
1080 1128 1205 1194 deriva-

93 1239 158 1292 tam
181 1249 253 1291 esse
276 1251 297 1290 a
320 1225 379 1290 SS.
394 1225 524 1289 Joanne
548 1237 580 1288 et
593 1224 747 1311 Philippo
762 1225 939 1311 Apostolis,
964 1237 1062 1312 atque
1086 1247 1206 1312 magna

93 1347 164 1389 cnm
199 1324 386 1388 constantia
418 1343 497 1386 suae
529 1322 698 1388 traditioni
732 1322 958 1389 inhaerebant
1005 1323 1104 1404 Quod
1127 1346 1205 1389 vero

91 1423 130 1486 sd
164 1421 251 1486 hanc
283 1420 494 1484 traditionem
528 1429 662 1505 spectat,
696 1420 846 1506 Apostoli
880 1420 926 1498 illi
959 1443 1024 1486 non
1049 1423 1204 1488 censendi

93 1533 164 1584 sunt
188 1523 288 1584 istum
313 1539 436 1582 morem
462 1517 616 1581 mandato
640 1517 784 1603 quodam
809 1520 997 1600 instituisse,
1022 1519 1080 1584 sed
1103 1541 1205 1606 quum

93 1619 123 1680 in
145 1617 229 1680 Asia
252 1613 407 1702 permulti
440 1623 549 1679 essent
580 1613 761 1679 Christiani
792 1638 833 1678 ex
856 1615 1019 1698 judaismo
1043 1619 1204 1700 conversi,
1305 1632 1310 1641 ’

92 1725 186 1800 atque
221 1715 315 1778 initio
348 1712 552 1777 ludaeorum
586 1713 666 1776 ritus
700 1713 798 1776 etiam
832 1736 851 1776 a
883 1711 1004 1778 talibus
1037 1713 1146 1778 adhuc
1169 1717 1205 1780 in

92 1833 209 1896 magna
233 1811 447 1874 veneratione
470 1807 678 1890 haberentur,
708 1819 826 1874 natura
855 1812 901 1874 rei
926 1808 961 1873 id
985 1832 1097 1874 seeum
1120 1810 1203 1893 tulit,

93 1921 125 1972 nt
146 1910 381 1974 continuarent
404 1905 531 1970 Pascha
555 1905 721 1970 celebrare
751 1929 789 1970 eo
813 1907 866 1972 die
890 1929 954 1993 quo
978 1905 1098 1972 ludaei
1123 1905 1205 1972 illud

93 2005 312 2072 celebrabant.
358 2004 475 2088 Neque
497 2004 555 2068 SS.
578 2003 700 2068 Joanni
730 2015 763 2068 et
785 2003 938 2089 Philippo
961 2003 1128 2088 Apostolis
1151 2026 1205 2069 ne·

93 2107 268 2170 mnrium
293 2105 402 2166 meum
426 2110 476 2164 est
499 2100 591 2166 illnm
612 2123 735 2166 morem
760 2110 896 2182 mutare,
921 2100 979 2165 sed
1003 2123 1079 2165 eum
1102 2101 1204 2166 admi·

94 2213 200 2266 serunt
223 2211 257 2265 et
280 2198 587 2284 comprobaverunt.

175 2299 231 2364 67.
255 2297 333 2362 Jam
356 2297 472 2382 primis
495 2306 605 2360 umen
630 2295 800 2361 decenniis
823 2295 945 2360 saeculi
968 2297 1003 2362 11
1027 2297 1204 2362 discrimen

95 2395 172 2460 inter
196 2393 430 2460 Occidentales
453 2403 486 2456 et
507 2391 651 2458 Asianos
674 2393 832 2458 Romanis
854 2394 1072 2460 Pontificibus
1095 2396 1205 2462 minus

95 2492 252 2578 placuisse
269 2492 416 2572 videtum
436 2499 581 2556 attamen
595 2512 698 2576 quum
713 2490 942 2576 intelligerent,
957 2489 1100 2557 Asianos
1123 2490 1204 2556 illud

94 2613 154 2656 non
176 2593 272 2678 oequi
297 2590 517 2654 Moesicorum
546 2590 669 2652 rituum
697 2588 987 2654 custodiendorum
1012 2588 1203 2674 cupiditate,

95 2687 146 2753 sed
157 2691 281 2753 veteris
290 2687 476 2751 traditionis
486 2686 733 2750 conservandae
748 2707 836 2766 cure,
849 2685 939 2751 nulla
949 2707 988 2750 ea
998 2685 1040 2750 de
1049 2707 1085 2748 re
1094 2687 1129 2750 in
1143 2686 1204 2749 Ec·

93 2784 188 2850 clasis
222 2785 447 2850 controversia
476 2782 704 2848 vehementior
735 2791 807 2848 orta
834 2793 892 2848 est.
940 2782 1025 2848 Cum
1053 2782 1203 2866 Polycar-

94 2903 150 2968 pns
177 2881 597 2969 episcopus·Smyrnensis,
622 2880 762 2946 Aniceto
785 2880 956 2962 Pontifice,
987 2880 1126 2946 Romam
1150 2902 1203 2944 ve·

95 2981 201 3060 nisset,
226 2981 273 3042 nti
298 2979 453 3058 vidimus,
477 2979 576 3042 etiam
601 2976 642 3042 de
657 2977 877 3043 celebratione
899 2976 1070 3042 Paschatis
1092 2987 1203 3042 actum

94 3087 148 3142 eet
194 3077 246 3142 Ac
270 3075 347 3140 licet
376 3075 535 3140 Anicetus
558 3085 696 3140 conatus
723 3076 765 3139 sit
787 3074 970 3160 Polycarpo
994 3075 1202 3160 persuadere,

95 3185 127 3235 ut
156 3176 229 3262 ipse
261 3195 337 3237 cum
369 3175 507 3238 caeteris
529 3171 665 3237 Asianis
697 3171 870 3238 consilium
904 3173 1093 3258 susciperet,
1118 3193 1202 3238 com·

96 3289 225 3336 munem
255 3269 517 3335 Christianorum
551 3289 675 3334 morem
708 3269 743 3333 in
774 3267 946 3334 Paschatis
985 3268 1203 3334 celebratione

95 3368 261 3454 emendi,
284 3367 487 3452 Polycarpus
510 3365 627 3430 cedere
641 3364 762 3448 noluit;
788 3365 865 3430 inde
888 3376 999 3431 tamen
1023 3367 1115 3452 pacis
1137 3375 1202 3430 tur-

96 3463 180 3531 betio
204 3465 294 3530 haud
317 3475 431 3530 mente
452 3474 512 3529 est
557 3463 652 3529 Soter
680 3465 736 3548 qui
760 3461 901 3528 Aniceto
931 3464 1099 3544 successit,
1122 3461 1203 3526 illud

97 3563 126 3626 in
149 3565 315 3650 praesenti
338 3563 467 3647 negotio
491 3562 568 3645 egit,
592 3569 628 3624 ut
659 3559 737 3624 licet
758 3560 901 3626 Asianos
924 3559 1012 3625 domi
1037 3581 1115 3626 suae
1139 3581 1203 3624 mo·

164 3775 188 3840 ι)
211 3773 277 3826 tlte
295 3775 386 3842 iusque
403 3771 539 3836 rideatur,
559 3771 599 3826 eit
618 3771 766 3836 DeSmedt,
786 3772 816 3824 in
830 3771 880 3824 sila
897 3771 1078 3826 moserata
1096 3771 1202 3840 nodata

99 3851 184 3916 line,
204 3853 347 3905 nimirum
366 3853 396 3904 1ο
412 3851 488 3904 Num
496 3850 663 3905 &maionis
680 3852 832 3906 coaomiret
850 3849 1098 3918 epusnpasosale
1115 3849 1202 3904 ecdem

99 3943 152 3982 cau
168 3930 285 3986 Indaeis
301 3929 346 3984 die
366 3945 452 3998 apere.
479 3933 513 3982 2⁰
532 3929 605 3984 Nam
624 3931 671 3988 ses
691 3935 767 3994 esset,
787 3929 938 3982 emneriom
951 3928 1092 3996 passionis
1110 3929 1202 3984 Dent

100 4008 168 4060 aicae
195 4025 276 4062 mena
302 4007 429 4076 paschali
459 4009 567 4062 recolere
595 4025 628 4061 oc
648 4008 788 4074 jejunium
813 4008 926 4061 κοῑοηηε
950 4009 991 4060 ito
1009 4007 1203 4076 interrumpere

100 4085 150 4148 (rel
168 4087 261 4156 finire).
297 4091 330 4141 3ο
348 4088 423 4141 Num
442 4088 529 4140 liceret
558 4087 615 4139 olio
633 4103 714 4155 ptem
732 4087 878 4140 Dominioo
896 4085 939 4140 die
955 4087 1053 4152 festum
1072 4101 1202 4140 remores·

101 4166 176 4220 tionis
199 4167 301 4224 meets·
322 4167 461 4220 cutm.
485 4165 554 4220 Dias.
581 4165 616 4220 11.
641 4182 663 4220 c
691 4167 712 4220 1.
732 4181 758 4220 u
783 4167 807 4220 ὅ.
836 4165 916 4222 Hisce
934 4163 1020 4220 adhuc
1038 4169 1203 4220 canumet

103 4241 221 4311 balistis
239 4253 300 4301 erat
318 4245 441 4313 quaestio
459 4243 492 4298 de
510 4246 664 4300 charactere
682 4244 903 4310 sestiPeschetis,
919 4247 960 4300 uti
980 4260 1060 4312 supra
1078 4245 1202 4301 diximus
