2874 4812
234 443 288 500 322
668 441 744 504 DcS
772 440 915 515 cypriano.

234 587 298 652 fuit
320 589 492 654 occasione
507 587 793 656 Montanistarum.
817 589 972 676 Synodus
990 597 1101 652 autem
1124 587 1207 655 haec
1221 597 1356 654 tantum
1431 603 1432 610 ’

234 686 354 770 viginti
384 687 515 753 circiter
546 709 650 752 annos
682 689 860 774 praecessit
892 689 1149 752 controversiam
1182 708 1261 752 cum
1285 683 1356 752 Ste-

233 782 343 868 phano
365 781 568 870 Pontifice¹).
598 784 769 850 Sententia
791 784 884 864 haec,
909 806 974 870 qua
1001 793 1162 867 censetur,
1191 785 1296 848 etiam
1319 784 1354 846 in

234 880 316 946 Asia
339 901 406 946 non
429 881 493 944 nisi
517 881 647 946 saeculo
670 884 765 947 tertio
783 903 908 946 morem
931 880 1124 966 baptizandi
1148 881 1289 966 eosqui
1313 901 1355 942 ex

234 979 332 1042 scotis
363 977 406 1042 ad
434 978 619 1044 Ecclesiam
651 979 856 1046 accedebant
887 989 994 1044 ortum
1026 999 1111 1061 esse,
1143 979 1240 1043 nobis
1274 997 1356 1040 vera
1431 1009 1432 1044 1

234 1075 376 1140 videtur.
421 1075 556 1140 Etenim
585 1099 699 1163 reapse
735 1079 896 1164 suspicari
925 1077 1018 1159 licet,
1049 1076 1287 1140 Eirmilianum
1320 1075 1356 1137 in

234 1172 297 1238 hac
321 1172 467 1258 epistola,
500 1195 599 1260 quam
632 1176 829 1240 exacerbato
859 1176 992 1260 scripsit
1013 1175 1138 1256 animo,
1163 1174 1267 1238 etiam
1292 1171 1356 1236 suh

234 1269 297 1334 hoc
320 1280 471 1356 respectu
493 1271 649 1338 incidisse
672 1275 707 1338 in
731 1275 1001 1357 exaggerationes
1024 1293 1139 1335 vanas.

323 1368 377 1434 69.
402 1367 514 1448 Quum
538 1391 616 1434 vero
640 1373 788 1457 quaestio
803 1370 861 1436 illa
878 1393 937 1456 per
952 1369 1086 1455 aliquod
1099 1369 1259 1454 temporis
1284 1389 1354 1454 spa-

234 1468 317 1530 tium
348 1465 450 1532 veluti
481 1469 586 1552 sopita
613 1469 788 1554 jacuisset,
824 1467 1038 1533 vehementer
1066 1467 1190 1530 exarsit
1221 1475 1296 1530 tum
1320 1468 1354 1528 in
1431 1507 1432 1528 t

234 1563 315 1628 Asia
347 1573 417 1628 tum
451 1565 485 1628 in
518 1564 634 1630 Africa
664 1575 812 1651 tempore
841 1565 875 1632 S.
908 1566 1078 1652 Stephani,
1112 1565 1168 1649 qui
1196 1561 1240 1626 ab
1265 1584 1354 1628 anno
1431 1591 1432 1596 ¹

235 1661 300 1726 253
333 1659 427 1747 (254)
457 1660 501 1726 ad
530 1683 656 1727 annum
686 1663 749 1728 257
780 1663 966 1728 Ecclesiam
999 1664 1095 1728 rexit.
1140 1661 1355 1726 Dissentiunt
1431 1693 1432 1750 q

234 1757 397 1845 eruditii),
422 1767 531 1822 uuum
555 1761 699 1844 primum
723 1763 758 1825 in
773 1759 855 1826 Asia
877 1784 922 1827 an
945 1763 980 1825 in
989 1760 1104 1824 Africa
1127 1760 1355 1824 controversia

233 1857 359 1941 agitata
382 1856 497 1938 fuerit3
530 1857 588 1921 sed
612 1857 828 1924 consideratis
851 1858 1057 1922 documentis
1080 1877 1253 1921 censemus
1277 1879 1354 1920 cum

234 1953 275 2020 cl.
290 1953 407 2018 Hefele
430 1952 468 2039 (l.
493 1952 545 2040 e),
569 1957 661 2040 prius
684 1958 718 2020 in
733 1955 816 2020 Asia
837 1955 952 2020 turbas
975 1955 1136 2042 quasdam
1159 1963 1249 2018 ortas
1273 1975 1354 2036 ease,

235 2051 506 2138 stephanumque
537 2051 733 2137 postulasse,
771 2063 808 2116 ut
840 2052 969 2118 illarum
1002 2053 1174 2137 regionum
1204 2051 1354 2135 episcopi

233 2172 254 2214 a
277 2171 367 2213 more
389 2147 618 2234 rebaptizandi
640 2150 823 2214 haereticos
846 2171 1020 2214 conversos
1044 2148 1250 2229 desisterent,
1275 2146 1354 2212 dein

234 2268 323 2328 vero,
348 2247 431 2312 forte
454 2269 557 2332 quum
589 2269 710 2333 magna
737 2246 937 2312 Asianorum
961 2247 1152 2312 Pracsulum
1181 2266 1261 2331 pars
1285 2245 1354 2310 Ste

234 2344 344 2430 phano
373 2344 445 2429 jam
480 2346 750 2426 obsecundasset,
781 2345 1009 2410 vehementius
1046 2346 1080 2409 in
1110 2343 1227 2408 Africa
1259 2343 1352 2407 litem

234 2463 303 2506 esse
327 2441 495 2526 agitatam,
512 2441 811 2528 Eirmiliannmque
828 2441 1060 2528 Cappadociae
1073 2443 1248 2526 primatem
1271 2449 1353 2504 tunc

235 2540 342 2607 denuo
372 2540 482 2604 acrius
500 2539 674 2626 'Cypriani
702 2549 811 2626 partes
841 2541 1043 2606 sustinuisse.
1091 2537 1265 2623 Quidquid
1289 2537 1353 2602 hac

234 2639 268 2702 in
292 2661 326 2703 re
350 2637 531 2702 tenendum
554 2639 605 2718 sit,
638 2639 795 2702 convenit
819 2659 908 2720 sane,
932 2645 969 2702 ut
992 2638 1139 2701 extensio
1163 2643 1353 2699 controver-

233 2737 302 2799 siae
326 2744 489 2816 noscatur,
523 2757 563 2800 ea
585 2735 717 2816 afferre,
750 2757 835 2820 quae
857 2757 900 2799 ex
930 2735 1047 2800 litteris
1069 2734 1225 2817 Dionysii
1248 2732 1353 2797 Euse-

233 2833 307 2898 bius
331 2833 420 2897 citat.
440 2869 483 2880 —-
502 2831 541 2896 In
565 2831 749 2917 fragmento
772 2831 927 2918 epistolae
951 2833 994 2897 ad
1009 2832 1224 2918 Stephanum,
1249 2852 1352 2916 quam

232 2933 373 3016 primam
397 2931 436 2994 de
459 2931 623 3016 Baptistae
648 2929 819 3015 epistolam
847 2930 1012 2995 Eusebius
1035 2930 1127 3012 dicit,
1158 2931 1229 3016 ipso
1253 2929 1352 2994 nobis

231 3039 342 3093 tamen
366 3027 450 3092 nihil
474 3031 693 3109 conservavit,
711 3027 800 3114 quod
814 3029 988 3094 manifeste
1010 3027 1098 3092 hano
1121 3029 1351 3114 quaestionem

231 3135 366 3212 spectat.
412 3125 546 3190 Dicitur
568 3125 707 3190 ibidem:
739 3125 831 3191 Seios
853 3139 974 3205 autem,
996 3125 1116 3212 frater,
1140 3135 1271 3190 cunctos
1288 3147 1352 3211 per

235 3225 392 3288 Orierstm
415 3235 445 3288 et
467 3223 600 3288 alterius
622 3227 750 3311 poeitae
782 3223 928 3288 eeclesiae
955 3247 1034 3309 quae
1051 3225 1147 3310 peius
1169 3235 1263 3288 eram
1285 3224 1349 3288 dis-

230 3322 340 3400 ciasoe,
363 3345 446 3385 nanc
470 3321 596 3386 tandem
618 3322 662 3386 od
684 3325 836 3387 anitotem
851 3345 992 3386 reversos
1015 3345 1100 3386 eoae:
1123 3333 1153 3386 et
1175 3345 1282 3386 ornnes
1305 3347 1349 3386 ec·

229 3418 395 3484 pleniorum
417 3419 597 3506 abicumque
618 3419 786 3484 Antistitea
817 3441 913 3484 ueram
944 3420 1084 3506 idemque
1107 3422 1232 3500 sentire,
1258 3432 1289 3484 et
1312 3421 1350 3484 ob

228 3515 387 3582 redditam
401 3519 562 3602 insperato
578 3541 691 3604 pacem
713 3517 897 3582 incredibili
917 3518 1033 3604 qaedio
1058 3517 1213 3597 exaltare,
1237 3517 1347 3582 Deme·

229 3617 368 3680 triaoam
387 3615 504 3679 seilicet
526 3616 704 3702 episcopam
717 3615 914 3694 Antiochiae,
935 3615 1143 3680 Tbeoetiatam
1162 3613 1348 3695 Coeaoreee,

228 3713 341 3779 Aeliae
358 3723 436 3798 poet
457 3724 585 3777 mortem
607 3713 789 3778 Alexandri
812 3713 1034 3794 Maeabooem,
1067 3713 1231 3778 Marinum
1260 3714 1292 3776 T
1285 3739 1347 3801 pa,

228 3811 399 3877 Laodiceae
421 3833 493 3876 earo
505 3821 580 3898 post
599 3811 810 3893 Thelymidria
828 3811 944 3878 obitum
958 3811 1176 3889 Hettoaaam,
1192 3811 1348 3876 Helenum
1431 3819 1432 3858 l

304 4039 945 4115 nummoantnnqeo

226 4199 244 4256 s
270 4122 324 4255 δὲ)
341 4119 398 4174 γ(Βῆ.
417 4121 513 4176 neers
531 4121 548 4176 t.
568 4139 602 4190 s.;
622 4123 717 4179 Petere
744 4125 761 4180 1.
781 4143 803 4183 c.
823 4125 848 4181 s.
867 4127 933 4194 ooo;
957 4123 1233 4190 nannetense,
1251 4125 1284 4182 R
1305 4129 1344 4183 1³·
