2924 4818
257 449 307 503 114
496 449 535 502 De
553 448 629 502 Rom
650 448 729 502 Pont.
749 450 849 502 maenti
867 451 948 516 primi
967 455 996 504 et
1013 452 1130 506 secundi.

254 591 447 678 plerumque
470 590 565 655 brevi
587 601 744 676 tempore.
792 590 953 656 Claudius
975 591 1160 678 Imperator
1187 619 1218 662 a.
1241 599 1287 662 42
1311 601 1373 684 pri-

254 687 376 773 vilegia
413 688 618 754 ludaeorum
649 688 919 770 confirmaveram
957 689 1127 776 aliquanto
1158 704 1232 778 post
1261 705 1372 760 tamen

254 787 371 850 edictis
394 786 492 851 editis
501 788 639 850 vexavit
652 785 799 851 Judaeos
818 786 1066 870 tumultuantes,
1090 789 1175 854 forta
1197 795 1373 858 occasione

254 885 482 948 commotionis
506 893 596 948 ortae
626 883 668 948 ob
699 884 981 969 praedicationem
1012 885 1258 954 christianismi.
1306 890 1372 956 Sed

253 983 368 1066 paucis
391 991 466 1068 post
489 983 586 1046 annis
609 982 729 1046 iterum
753 1003 867 1045 secure
890 983 1014 1047 Romae
1037 984 1212 1069 degebant,
1236 997 1271 1051 et
1292 997 1373 1052 tem-

253 1101 331 1164 pore
354 1079 496 1145 Neronis
525 1101 646 1163 magne
676 1099 812 1156 numero
837 1078 962 1146 ibidem
987 1082 1229 1149 inveniebatur.
1277 1084 1373 1150 Haec

254 1197 331 1242 vero
354 1176 469 1262 legalis
497 1177 632 1241 libertas
663 1179 763 1242 etiam
791 1176 834 1240 ad
863 1176 1070 1244 Christianos
1100 1203 1134 1244 se
1157 1181 1373 1257 extendebat,

253 1285 352 1360 atque
376 1276 470 1338 initio
501 1274 536 1339 id
568 1297 635 1338 non
667 1296 710 1338 en
742 1274 918 1338 arbitraria
950 1275 1143 1342 confusione
1176 1277 1287 1362 fiebat,
1314 1281 1374 1344 aed

253 1372 330 1438 inde
353 1371 443 1458 quod
458 1371 648 1452 Christiani,
673 1393 776 1457 quum
800 1381 930 1437 tantum
954 1372 1160 1439 dissensione
1184 1376 1373 1460 dogmatica

252 1479 401 1534 tenerent
415 1470 569 1534 Messinm
594 1492 614 1533 a
628 1469 766 1534 Judaeia
790 1481 1019 1555 exspectatum
1038 1473 1109 1556 jam
1134 1475 1274 1555 venisse,
1300 1497 1374 1540 cae-

252 1577 359 1632 terum
382 1589 460 1631 vero
484 1565 677 1651 religionem
692 1566 897 1633 Judaeorum
921 1579 1167 1653 venerarentur,
1191 1571 1374 1657 praelegi-

251 1664 313 1728 bus
336 1665 560 1730 Romanorum
583 1667 715 1730 nonnisi
739 1674 776 1730 ut
799 1675 888 1729 secta
917 1665 1082 1751 quaedam
1105 1667 1272 1733 Judaismi
1297 1691 1375 1734 cen-

253 1763 495 1845 siderabantur,
520 1763 669 1850 adeoque
694 1763 810 1828 eadem
834 1784 900 1849 qna
914 1763 1036 1828 Judaei
1067 1764 1218 1830 libertate
1249 1767 1373 1850 gaude

251 1860 342 1927 bant.
389 1861 500 1947 Atque
524 1863 570 1926 ita
593 1881 645 1925 res
669 1881 704 1926 se
727 1859 872 1926 habebat
899 1881 966 1926 non
989 1870 1118 1930 tantum
1142 1863 1252 1948 quoad
1277 1863 1373 1930 Chri-

251 1959 374 2024 stianos
407 1981 450 2022 ex
482 1958 620 2024 Judaeis
653 1979 839 2040 conversos,
874 1958 932 2022 sed
964 1961 1063 2024 etiam
1097 1960 1207 2046 quoad
1229 1959 1374 2044 gentiles

254 2058 310 2143 qui
336 2055 517 2122 Christiani
542 2055 676 2136 fiebant,
701 2057 854 2142 quamvis
877 2054 985 2140 legem
1016 2056 1289 2122 caeremonialem
1312 2059 1338 2122 J
1340 2081 1373 2122 n·

252 2155 409 2219 daeorum
424 2175 492 2219 non
515 2163 739 2239 sequerentur.
785 2153 872 2218 Nam
896 2156 997 2218 etiam
1021 2176 1062 2218 ex
1085 2153 1264 2239 gentilibus
1278 2155 1372 2222 haud

251 2273 324 2316 raro
343 2252 446 2339 aliqui
470 2274 504 2316 se
527 2251 666 2318 Judaeis
689 2251 868 2334 sociabant,
892 2251 946 2316 vel
969 2259 1006 2315 ut
1024 2253 1204 2338 proselytae
1219 2256 1373 2342 justitias

252 2352 308 2436 qui
333 2352 498 2435 integrum
518 2348 731 2414 Judaismum
752 2348 1046 2435 amplectebantur,
1062 2349 1115 2414 vel
1133 2359 1170 2412 ut
1187 2350 1373 2438 proselytos

246 2459 361 2535 portae
384 2469 442 2512 seu
466 2449 619 2511 timentes
633 2447 743 2511 Deum
758 2441 809 2534 (ot
820 2445 990 2529 σεβόμενοι
1011 2444 1195 2532 τὸνθεόν),
1220 2449 1278 2532 qui
1305 2470 1370 2514 non

251 2544 484 2629 obligabantur
507 2544 550 2609 ad
574 2543 819 2610 observantiam
833 2544 916 2629 legis
939 2544 1077 2626 ritualia,
1102 2545 1160 2608 sed
1184 2545 1372 2632 relinquen·

250 2655 298 2707 tes
330 2641 550 2708 idololatriam
574 2641 739 2726 gentilem,
764 2643 1040 2708 monotheismum
1064 2641 1268 2708 Judaeorum
1303 2667 1371 2709 am-

250 2741 487 2826 plectebantur.
534 2741 646 2805 Etiam
670 2739 734 2804 hec
765 2739 838 2824 lege
861 2740 1011 2805 Romana
1034 2762 1100 2806 non
1123 2743 1265 2806 vetitum
1289 2753 1371 2814 erat,

250 2839 399 2924 adeoque
430 2838 568 2923 gentiles
600 2859 731 2924 queque
763 2838 806 2903 ad
839 2837 1120 2906 christianismum
1153 2843 1306 2906 conversi
1336 2853 1372 2904 ut

251 2936 412 3022 ejusmodi
435 2934 593 3021 proselyti
618 2936 922 3004 considerabantur.

340 3125 369 3188 8.
395 3123 496 3187 Hisce
519 3124 678 3208 expositis
697 3123 902 3206 intelligitur,
927 3119 1091 3208 quomedo
1115 3123 1290 3206 scriptores
1315 3147 1371 3188 an-

105 3233 120 3262 ²
211 3235 224 3263 ¹·
250 3223 332 3308 tiqui
357 3221 546 3307 frequenter
577 3232 741 3303 asserant,
772 3229 923 3286 auctores
954 3220 1220 3306 persecutionum
1253 3233 1371 3286 contra

251 3317 456 3384 Christianos
488 3341 560 3382 esse
592 3319 747 3386 Judacos.
803 3318 925 3384 Judaei
958 3315 1124 3399 videlicet,
1158 3318 1206 3380 uti
1238 3316 1294 3382 vel
1328 3343 1370 3383 ex

250 3418 330 3504 ipsis
353 3416 493 3481 Actibus
516 3416 748 3502 Apostolorum
771 3426 872 3504 patet,
905 3425 1019 3482 contra
1041 3412 1217 3500 Apostolos
1239 3417 1371 3500 praedi·

250 3524 361 3579 cantes
384 3523 418 3579 et
441 3513 646 3580 Christianos
677 3536 852 3582 conversos
875 3512 1066 3579 tumultuati
1090 3521 1177 3592 sunt,
1201 3521 1301 3598 atque
1324 3515 1370 3580 ad

249 3612 428 3679 tribunalia
458 3613 680 3678 Romanorum
713 3615 811 3678 etiam
841 3635 911 3677 rem
941 3609 1139 3675 detulerunt.
1193 3609 1369 3695 Ejusmodi

249 3710 409 3776 tumultus
433 3719 547 3776 contm
563 3709 767 3776 Christianos
781 3711 955 3781 manifeste
969 3709 1104 3772 fuerunt
1118 3708 1218 3772 etiam
1233 3705 1280 3774 illi
1305 3711 1369 3775 sub

250 3807 399 3890 Claudio,
423 3817 558 3872 auctore
567 3807 704 3873 Chresto
724 3811 770 3872 ait
784 3809 970 3890 Suetonius,
994 3803 1052 3868 sed
1066 3825 1183 3868 revera
1206 3808 1369 3872 οοσαείοηε

253 3904 380 3973 Chr-isti.
426 3906 525 3972 Initio
537 3907 559 3972 J
561 3905 659 3971 udaei
678 3929 788 3971 coram
804 3903 1026 3971 tribunalibus
1040 3901 1263 3966 Romanorum
1278 3907 1367 3990 quod

250 4002 1368 4092 volebant,utscilicetChristianireprimerentur,nonassecutisunt,

250 4099 308 4164 sed
330 4101 496 4186 repulsam
519 4101 722 4182 habuerunt3
753 4100 911 4166 Claudius
934 4120 1013 4164 vero
1037 4095 1146 4162 edicto
1170 4121 1231 4166 suo
1252 4123 1368 4176 omues

249 4197 306 4282 qui
330 4199 464 4262 nomine
477 4199 681 4264 ,Iudaeorum
706 4200 926 4265 censebantur
934 4199 1039 4263 Roma
1063 4198 1202 4288 expulit,
1225 4199 1284 4266 sed
1305 4221 1367 4284 pro
