2836 4804
481 497 642 565 Eutychetis
661 515 771 554 errores.
1132 503 1187 554 267

66 663 145 704 uum
168 639 296 704 scribit:
313 639 388 705 Gom
401 651 504 704 antem
516 641 560 704 ad
571 641 839 706 interlocutionem
851 645 1009 708 enominis
1021 645 1117 708 rostri
1126 645 1188 708 En-

64 739 171 822 tyclses
183 739 379 824 responderit
389 737 511 802 dicens:
527 736 691 822 Confiteor,
704 763 744 803 en
752 740 874 804 dnatns
881 743 1007 804 nataris
1006 741 1111 826 fnisse
1123 743 1187 805 Do-

65 837 186 898 minum
194 845 334 900 nostram
347 847 419 900 ante
431 837 656 900 adunationem
662 861 674 917 ;
680 849 757 923 post
771 837 996 903 adunationem
1009 863 1080 904 aero
1093 864 1189 904 sestam

65 943 217 996 naturam
232 933 392 1017 confiteam·
413 935 510 997 miror
527 945 592 998 tam
608 935 778 999 absurdam
796 947 917 1022 tamque
930 959 1110 1024 perversam
1123 943 1190 1026 ojus

58 1032 295 1118 professionem
305 1030 396 1096 nulla
398 1032 614 1120 judicantium
624 1035 840 1120 increpatione
849 1035 1076 1121 reprehensam,
1088 1046 1118 1098 et
1127 1057 1188 1099 ser·

64 1151 189 1192 mortem
206 1129 300 1192 nimis
318 1131 519 1216 insipientem
541 1132 693 1216 nimisque
719 1131 929 1218 blasphemam
954 1133 1003 1196 ita
1033 1133 1188 1213 omissam,

63 1229 161 1312 quasi
171 1226 250 1290 anit
261 1227 344 1312 qnod
356 1226 525 1313 offenderet
534 1240 614 1292 esset
626 1230 784 1310 anditum
800 1253 867 1293 cnm
878 1241 942 1293 tam
951 1233 1046 1316 impie
1056 1231 1190 1295 deornm

64 1337 256 1390 stateras-am
289 1336 362 1390 ante
394 1327 643 1390 incarnationem
674 1329 853 1412 unipenitas
885 1329 950 1392 Dei
978 1329 1083 1393 Filias
1125 1351 1189 1393 esse

63 1425 207 1502 dicatur,
232 1447 324 1509 qnam
334 1424 459 1509 nefarie
470 1435 639 1510 postquam
662 1425 792 1488 Verbum
815 1449 888 1490 caro
903 1425 1031 1512 factam
1055 1439 1109 1506 est,
1133 1451 1189 1491 na·

2 1513 3 1594 l
64 1533 137 1586 tnra
167 1524 203 1584 in
226 1545 260 1585 eo
284 1521 456 1608 sirtpuiaris
480 1525 633 1586 asseritur
642 1521 676 1608 ¹).
700 1561 744 1570 —
768 1523 807 1587 In
831 1523 882 1588 his
906 1523 939 1587 S.
964 1525 1032 1588 Leo
1056 1527 1191 1610 respicit

2 1623 3 1644 ¹
63 1621 272 1704 praesertim,
308 1619 396 1706 quod
432 1620 561 1684 dixerat
595 1619 767 1703 Eutyches
791 1621 933 1686 absurde
965 1633 997 1686 et
1020 1625 1131 1708 impie,
1156 1645 1191 1687 se

2 1729 3 1732 ’
64 1721 164 1782 fateri
192 1717 273 1781 duas
297 1727 432 1781 naturas
456 1727 531 1781 ante
560 1718 806 1802 adunationem.
853 1719 967 1784 Patres
991 1723 1079 1784 enim
1104 1721 1191 1785 hanc

62 1817 230 1880 absonam
253 1817 466 1878 assertionem
492 1814 716 1898 neglexerunt,
742 1815 799 1879 sed
823 1817 1013 1881 institerunt
1037 1819 1069 1880 in
1095 1841 1190 1902 argn-

64 1915 152 1978 endo
181 1934 288 1976 errore
312 1913 350 1975 de
375 1937 439 1976 erno
461 1924 579 1976 natura
598 1924 674 1999 post
696 1916 876 1978 unitionem.
926 1915 1102 2001 Quttmque
1126 1917 1190 1979 Eu-

66 2012 189 2094 tyches
213 2011 302 2074 hunc
327 2032 468 2074 errorem
502 2033 596 2074 suum
622 2013 805 2096 praefracte
839 2021 993 2089 tueretur,
1019 2037 1038 2076 a
1062 2013 1190 2095 synodo

64 2111 387 2190 excommunicatus,
412 2111 567 2193 omnique
583 2109 778 2174 sacerdotali
804 2111 913 2174 officio
938 2133 977 2174 ac
1001 2113 1191 2174 monasterii

65 2211 215 2292 primatu
241 2209 390 2291 privatus
414 2207 487 2271 fuit.

159 2307 213 2369 ll.
239 2305 283 2368 At
307 2305 376 2389 ipse
400 2303 577 2390 posthaec
602 2305 788 2369 nullatenus
814 2307 950 2390 quievit,
976 2306 1031 2370 sed
1058 2327 1191 2370 calisam

64 2427 162 2468 suam
189 2425 397 2488 quocumque
421 2405 535 2487 potuit
553 2403 648 2467 modo
673 2425 884 2489 propugnare
908 2405 999 2468 nisus
1024 2416 1080 2468 est.
1129 2405 1191 2468 Va-

63 2506 120 2566 riis
147 2505 185 2566 in
208 2501 289 2564 locis
306 2499 589 2586 Constantinopoli
614 2501 737 2564 libellos
759 2505 999 2566 contestatorios
1022 2505 1113 2586 afligi
1139 2525 1192 2565 cu·

64 2603 163 2677 ravit,
190 2600 224 2662 in
249 2620 389 2683 suasque
414 2609 522 2683 partes
555 2597 684 2661 trahere
715 2598 841 2662 studuit
863 2599 1109 2684 Imperatorem,
1135 2600 1191 2684 qui

3 2713 4 2808 p
60 2701 131 2782 jam
157 2709 259 2760 antea
283 2698 317 2760 in
342 2695 540 2760 Flavianum
566 2697 756 2781 episcopum
780 2717 897 2781 parum
921 2717 1113 2783 propensus,
1138 2719 1192 2760 ex·

3 2815 4 2878 i
66 2797 144 2862 inde
170 2797 272 2858 ctiam
297 2797 401 2877 magis
425 2793 503 2858 huic
527 2794 689 2857 alienatus
719 2805 776 2858 est.
824 2793 996 2858 Praeterea
1021 2794 1193 2878 Eutyches

65 2895 202 2979 scripsit
235 2891 278 2955 ad
309 2893 339 2956 S.
366 2893 500 2955 Petrum
535 2890 777 2975 Chrysolognm
802 2893 994 2977 episcopum
1019 2893 1192 2956 Ravenna·

65 3009 195 3058 tensem
228 2991 317 3056 fama
348 2990 618 3070 celeberrimum,
653 3013 858 3076 conquerens
892 2991 932 3055 de
964 2992 1191 3075 persecutione

65 3101 183 3156 contra
209 3092 328 3174 ipsum,
354 3111 465 3152 senem
489 3087 705 3153 orthodoxiae
729 3089 908 3168 vindicem,
933 3090 1085 3152 excitata.
1125 3088 1191 3150 Lit-

67 3205 156 3254 teras
181 3209 313 3274 quoque
338 3187 429 3250 dedit
461 3187 504 3250 ad
528 3187 674 3250 Leonem
708 3187 902 3250 Pontificem
926 3187 1072 3269 graviter
1095 3207 1192 3271 expo-

65 3288 206 3365 stulans,
243 3309 277 3349 se
312 3286 433 3370 injuste
469 3285 512 3350 ab
536 3285 681 3349 Eusebio
707 3285 865 3366 Dorylaei
902 3287 1055 3369 episcopo
1091 3285 1193 3347 fuisse

66 3395 274 3464 accusatum,
300 3393 332 3446 et
352 3405 372 3446 a
387 3382 522 3446 UPtano
546 3383 685 3464 synode,
701 3385 837 3467 insuper
859 3381 972 3445 habita
996 3381 1193 3466 apellatione

67 3485 109 3548 ad
123 3484 315 3546 Romanum
339 3481 544 3561 Pontificem,
577 3479 813 3566 damnatumt).
860 3481 929 3544 Nec
954 3479 1103 3556 dubium,
1130 3480 1193 3542 Eu.

66 3699 184 3744 corum
210 3676 476 3741 Alexandrinum
502 3678 680 3762 scripsisse.

162 3777 214 3840 12.
240 3774 272 3838 S.
306 3775 416 3840 Petrus
452 3772 658 3860 Clapsolopas
690 3773 825 3859 epistola
849 3795 914 3859 qua
937 3773 1107 3858 respondit
1129 3775 1193 3838 Eu·
1209 3801 1359 3913 oppansa

67 3875 210 3959 tyn-heti,
236 3873 325 3937 dolet
349 3873 389 3936 de
412 3873 525 3936 litibus
550 3873 659 3958 quoad
684 3873 804 3955 dogma
828 3873 869 3935 de
884 3871 1115 3935 iucarnationc
1140 3895 1192 3935 ex-

3 3329 5 3380 l

3 3383 5 3436 l

66 3581 242 3666 tychetem
276 3581 377 3642 etiam
411 3579 453 3643 ad
489 3579 570 3642 alios
606 3581 786 3664 episcopos,
815 3579 1006 3663 praesertim
1033 3579 1073 3642 ad
1101 3579 1193 3641 Dios·

148 4123 167 4253 ²l
185 4121 349 4256 limciiitia
365 4126 450 4255 itiam
469 4216 493 4254 a.
512 4201 566 4254 448
579 4199 716 4266 Eutyches
734 4198 876 4266 epistolam
894 4200 1005 4253 miserat
1025 4197 1192 4264 adLeonem,

69 4284 97 4338 in
116 4299 174 4350 qua
193 4281 226 4335 de
244 4281 414 4335 Nestoriauis
432 4281 519 4334 adhuc
537 4279 772 4346 Constantinopoli
791 4279 901 4345 reliquis
920 4279 1099 4345 conqueritur.
