<?xml version="1.0" encoding="UTF-8"?>
<!DOCTYPE html PUBLIC "-//W3C//DTD XHTML 1.0 Transitional//EN"
    "http://www.w3.org/TR/xhtml1/DTD/xhtml1-transitional.dtd">
<html xmlns="http://www.w3.org/1999/xhtml" xml:lang="en" lang="en">
 <head>
  <title>
</title>
<meta http-equiv="Content-Type" content="text/html;charset=utf-8" />
  <meta name='ocr-system' content='tesseract 3.04.00' />
  <meta name='ocr-capabilities' content='ocr_page ocr_carea ocr_par ocr_line ocrx_word'/>
</head>
<body>
  <div class='ocr_page' id='page_1' title='image "./dissertationess02junggoog_0693.png"; bbox 0 0 2810 4846; ppageno 0'>
   <div class='ocr_carea' id='block_1_1' title="bbox 235 453 961 525">
    <p class='ocr_par' dir='ltr' id='par_1_1' title="bbox 235 453 961 525">
     <span class='ocr_line' id='line_1_1' title="bbox 235 453 961 525; baseline 0.011 -20"><span class='ocrx_word' id='word_1_1' title='bbox 235 453 288 506; x_wconf 81' lang='lat' dir='ltr'>ms</span> <span class='ocrx_word' id='word_1_2' title='bbox 624 457 665 510; x_wconf 79' lang='lat' dir='ltr'>De</span> <span class='ocrx_word' id='word_1_3' title='bbox 683 455 801 512; x_wconf 82' lang='lat' dir='ltr'>Consilio</span> <span class='ocrx_word' id='word_1_4' title='bbox 819 457 961 525; x_wconf 82' lang='lat' dir='ltr'>Ephesius.</span> 
     </span>
    </p>
   </div>
   <div class='ocr_carea' id='block_1_2' title="bbox 220 597 1395 3618">
    <p class='ocr_par' dir='ltr' id='par_1_2' title="bbox 220 597 1395 3618">
     <span class='ocr_line' id='line_1_2' title="bbox 235 597 1395 687; baseline 0.009 -28"><span class='ocrx_word' id='word_1_5' title='bbox 235 599 399 662; x_wconf 88' lang='lat' dir='ltr'>rationum</span> <span class='ocrx_word' id='word_1_6' title='bbox 424 597 504 683; x_wconf 87' lang='lat' dir='ltr'>ejus,</span> <span class='ocrx_word' id='word_1_7' title='bbox 529 597 659 663; x_wconf 88' lang='lat' dir='ltr'>libellus</span> <span class='ocrx_word' id='word_1_8' title='bbox 682 601 742 664; x_wconf 86' lang='lat' dir='ltr'>iste</span> <span class='ocrx_word' id='word_1_9' title='bbox 761 601 914 665; x_wconf 87' lang='lat' dir='ltr'>Pontifici</span> <span class='ocrx_word' id='word_1_10' title='bbox 940 614 1095 687; x_wconf 86' lang='lat' dir='ltr'>acceptus</span> <span class='ocrx_word' id='word_1_11' title='bbox 1117 603 1190 682; x_wconf 81' lang='lat' dir='ltr'>fuit,</span> <span class='ocrx_word' id='word_1_12' title='bbox 1216 615 1248 668; x_wconf 85' lang='lat' dir='ltr'>et</span> <span class='ocrx_word' id='word_1_13' title='bbox 1273 603 1343 669; x_wconf 85' lang='lat' dir='ltr'>Coe·</span> <span class='ocrx_word' id='word_1_14' title='bbox 1394 649 1395 652; x_wconf 57' lang='lat'><em>=</em></span> 
     </span>
     <span class='ocr_line' id='line_1_3' title="bbox 235 693 1343 786; baseline 0.007 -29"><span class='ocrx_word' id='word_1_15' title='bbox 235 693 347 758; x_wconf 88' lang='lat' dir='ltr'>lestius</span> <span class='ocrx_word' id='word_1_16' title='bbox 370 695 597 760; x_wconf 88' lang='lat' dir='ltr'>consideratus</span> <span class='ocrx_word' id='word_1_17' title='bbox 620 707 657 761; x_wconf 91' lang='lat' dir='ltr'>ut</span> <span class='ocrx_word' id='word_1_18' title='bbox 689 697 879 763; x_wconf 89' lang='lat' dir='ltr'>catholicus.</span> <span class='ocrx_word' id='word_1_19' title='bbox 927 697 1107 764; x_wconf 83' lang='lat' dir='ltr'>Caelestius</span> <span class='ocrx_word' id='word_1_20' title='bbox 1137 703 1172 764; x_wconf 90' lang='lat' dir='ltr'>in</span> <span class='ocrx_word' id='word_1_21' title='bbox 1196 724 1255 764; x_wconf 92' lang='lat' dir='ltr'>suo</span> <span class='ocrx_word' id='word_1_22' title='bbox 1278 704 1343 786; x_wconf 88' lang='lat' dir='ltr'>ipso</span> 
     </span>
     <span class='ocr_line' id='line_1_4' title="bbox 233 792 1342 886; baseline 0.008 -30"><span class='ocrx_word' id='word_1_23' title='bbox 233 792 343 857; x_wconf 85' lang='lat' dir='ltr'>libello</span> <span class='ocrx_word' id='word_1_24' title='bbox 368 793 570 876; x_wconf 76' lang='lat' dir='ltr'><strong>declarabat,</strong></span> <span class='ocrx_word' id='word_1_25' title='bbox 602 817 636 858; x_wconf 87' lang='lat' dir='ltr'>se</span> <span class='ocrx_word' id='word_1_26' title='bbox 659 805 779 860; x_wconf 86' lang='lat' dir='ltr'>cuncta</span> <span class='ocrx_word' id='word_1_27' title='bbox 803 795 995 861; x_wconf 77' lang='lat' dir='ltr'><strong>submittere</strong></span> <span class='ocrx_word' id='word_1_28' title='bbox 1018 799 1190 863; x_wconf 86' lang='lat' dir='ltr'>Pontificis</span> <span class='ocrx_word' id='word_1_29' title='bbox 1208 800 1342 886; x_wconf 84' lang='lat' dir='ltr'>judicio.</span> 
     </span>
     <span class='ocr_line' id='line_1_5' title="bbox 236 893 1395 980; baseline 0.007 -26"><span class='ocrx_word' id='word_1_30' title='bbox 236 913 342 976; x_wconf 80' lang='lat' dir='ltr'>neque</span> <span class='ocrx_word' id='word_1_31' title='bbox 366 913 400 954; x_wconf 87' lang='lat' dir='ltr'>se</span> <span class='ocrx_word' id='word_1_32' title='bbox 424 893 603 956; x_wconf 86' lang='lat' dir='ltr'>sententias</span> <span class='ocrx_word' id='word_1_33' title='bbox 636 915 712 956; x_wconf 84' lang='lat' dir='ltr'>suas</span> <span class='ocrx_word' id='word_1_34' title='bbox 744 893 916 958; x_wconf 87' lang='lat' dir='ltr'>definitive</span> <span class='ocrx_word' id='word_1_35' title='bbox 939 895 1095 980; x_wconf 84' lang='lat' dir='ltr'>proferre,</span> <span class='ocrx_word' id='word_1_36' title='bbox 1120 897 1179 963; x_wconf 87' lang='lat' dir='ltr'>sed</span> <span class='ocrx_word' id='word_1_37' title='bbox 1203 921 1259 962; x_wconf 85' lang='lat' dir='ltr'>sss</span> <span class='ocrx_word' id='word_1_38' title='bbox 1282 921 1341 962; x_wconf 88' lang='lat' dir='ltr'>cor·</span> <span class='ocrx_word' id='word_1_39' title='bbox 1394 959 1395 972; x_wconf 13' lang='grc' dir='ltr'><strong>ξ</strong></span> 
     </span>
     <span class='ocr_line' id='line_1_6' title="bbox 234 991 1395 1081; baseline 0.009 -30"><span class='ocrx_word' id='word_1_40' title='bbox 234 991 339 1072; x_wconf 82' lang='lat' dir='ltr'><strong>rigere</strong></span> <span class='ocrx_word' id='word_1_41' title='bbox 368 1011 437 1054; x_wconf 88' lang='lat' dir='ltr'>esse</span> <span class='ocrx_word' id='word_1_42' title='bbox 469 1001 632 1075; x_wconf 83' lang='lat' dir='ltr'>paratum.</span> <span class='ocrx_word' id='word_1_43' title='bbox 681 991 757 1056; x_wconf 83' lang='lat' dir='ltr'>Noa</span> <span class='ocrx_word' id='word_1_44' title='bbox 786 1014 857 1076; x_wconf 79' lang='lat' dir='ltr'>spo,</span> <span class='ocrx_word' id='word_1_45' title='bbox 892 994 1018 1078; x_wconf 88' lang='lat' dir='ltr'>inquit,</span> <span class='ocrx_word' id='word_1_46' title='bbox 1042 997 1135 1081; x_wconf 78' lang='lat' dir='ltr'>quasi</span> <span class='ocrx_word' id='word_1_47' title='bbox 1158 1007 1269 1059; x_wconf 79' lang='lat' dir='ltr'>auctor</span> <span class='ocrx_word' id='word_1_48' title='bbox 1289 995 1343 1060; x_wconf 83' lang='lat' dir='ltr'>uli·</span> <span class='ocrx_word' id='word_1_49' title='bbox 1394 991 1395 1006; x_wconf 63' lang='lat'>³</span> 
     </span>
     <span class='ocr_line' id='line_1_7' title="bbox 233 1087 1395 1178; baseline 0.008 -30"><span class='ocrx_word' id='word_1_50' title='bbox 233 1091 322 1174; x_wconf 69' lang='lat' dir='ltr'>atejus</span> <span class='ocrx_word' id='word_1_51' title='bbox 344 1088 498 1173; x_wconf 79' lang='lat' dir='ltr'>dopmots&#39;s</span> <span class='ocrx_word' id='word_1_52' title='bbox 522 1088 652 1169; x_wconf 76' lang='lat' dir='ltr'>definito</span> <span class='ocrx_word' id='word_1_53' title='bbox 673 1089 748 1152; x_wconf 76' lang='lat' dir='ltr'>tuse</span> <span class='ocrx_word' id='word_1_54' title='bbox 780 1091 967 1154; x_wconf 84' lang='lat' dir='ltr'>auctoritate</span> <span class='ocrx_word' id='word_1_55' title='bbox 999 1095 1107 1170; x_wconf 83' lang='lat' dir='ltr'>statui,</span> <span class='ocrx_word' id='word_1_56' title='bbox 1131 1093 1188 1157; x_wconf 84' lang='lat' dir='ltr'>ssd</span> <span class='ocrx_word' id='word_1_57' title='bbox 1212 1117 1251 1156; x_wconf 86' lang='lat' dir='ltr'>eo</span> <span class='ocrx_word' id='word_1_58' title='bbox 1273 1117 1344 1178; x_wconf 80' lang='lat' dir='ltr'>quoe</span> <span class='ocrx_word' id='word_1_59' title='bbox 1394 1087 1395 1090; x_wconf 27' lang='lat'>¹</span> 
     </span>
     <span class='ocr_line' id='line_1_8' title="bbox 233 1185 1395 1278; baseline 0.007 -32"><span class='ocrx_word' id='word_1_60' title='bbox 233 1185 272 1247; x_wconf 87' lang='lat' dir='ltr'>ds</span> <span class='ocrx_word' id='word_1_61' title='bbox 289 1187 518 1271; x_wconf 75' lang='lat' dir='ltr'>prophetorum</span> <span class='ocrx_word' id='word_1_62' title='bbox 540 1197 571 1250; x_wconf 87' lang='lat' dir='ltr'>et</span> <span class='ocrx_word' id='word_1_63' title='bbox 592 1186 806 1271; x_wconf 83' lang='lat' dir='ltr'>apostolorum</span> <span class='ocrx_word' id='word_1_64' title='bbox 821 1185 916 1273; x_wconf 75' lang='lat' dir='ltr'>sorite</span> <span class='ocrx_word' id='word_1_65' title='bbox 949 1192 1081 1276; x_wconf 86' lang='lat' dir='ltr'>suscepi,</span> <span class='ocrx_word' id='word_1_66' title='bbox 1104 1194 1204 1255; x_wconf 81' lang='lat' dir='ltr'>vestr-i</span> <span class='ocrx_word' id='word_1_67' title='bbox 1226 1203 1342 1278; x_wconf 83' lang='lat' dir='ltr'>aposto-</span> <span class='ocrx_word' id='word_1_68' title='bbox 1394 1217 1395 1228; x_wconf 68' lang='lat'>.</span> 
     </span>
     <span class='ocr_line' id='line_1_9' title="bbox 232 1281 1395 1380; baseline 0.007 -36"><span class='ocrx_word' id='word_1_69' title='bbox 232 1281 318 1346; x_wconf 74' lang='lat' dir='ltr'>lutras</span> <span class='ocrx_word' id='word_1_70' title='bbox 350 1281 508 1368; x_wconf 77' lang='lat' dir='ltr'>offerimus</span> <span class='ocrx_word' id='word_1_71' title='bbox 533 1283 704 1370; x_wconf 72' lang='lat' dir='ltr'>probanda</span> <span class='ocrx_word' id='word_1_72' title='bbox 729 1285 863 1373; x_wconf 80' lang='lat' dir='ltr'>judicio,</span> <span class='ocrx_word' id='word_1_73' title='bbox 896 1297 931 1350; x_wconf 83' lang='lat' dir='ltr'>ut</span> <span class='ocrx_word' id='word_1_74' title='bbox 953 1287 1086 1372; x_wconf 82' lang='lat' dir='ltr'>siforts</span> <span class='ocrx_word' id='word_1_75' title='bbox 1120 1301 1155 1354; x_wconf 86' lang='lat' dir='ltr'>ut</span> <span class='ocrx_word' id='word_1_76' title='bbox 1177 1289 1345 1353; x_wconf 70' lang='lat' dir='ltr'>homiuibus</span> <span class='ocrx_word' id='word_1_77' title='bbox 1394 1339 1395 1380; x_wconf 68' lang='lat'>,</span> 
     </span>
     <span class='ocr_line' id='line_1_10' title="bbox 233 1381 1395 1469; baseline 0.008 -26"><span class='ocrx_word' id='word_1_78' title='bbox 233 1381 390 1465; x_wconf 75' lang='lat' dir='ltr'><strong><em>quispiam</em></strong></span> <span class='ocrx_word' id='word_1_79' title='bbox 412 1383 611 1468; x_wconf 73' lang='lat' dir='ltr'>ipssorautioe</span> <span class='ocrx_word' id='word_1_80' title='bbox 636 1381 929 1469; x_wconf 61' lang='lat' dir='ltr'>errassemus,</span> <span class='ocrx_word' id='word_1_81' title='bbox 949 1396 1054 1448; x_wconf 81' lang='lat' dir='ltr'>vestra</span> <span class='ocrx_word' id='word_1_82' title='bbox 1077 1389 1236 1451; x_wconf 81' lang='lat' dir='ltr'>sententia</span> <span class='ocrx_word' id='word_1_83' title='bbox 1258 1389 1344 1450; x_wconf 78' lang='lat' dir='ltr'>som&#39;·</span> <span class='ocrx_word' id='word_1_84' title='bbox 1394 1439 1395 1442; x_wconf 44' lang='lat'>.</span> 
     </span>
     <span class='ocr_line' id='line_1_11' title="bbox 231 1479 1395 1562; baseline 0.005 -23"><span class='ocrx_word' id='word_1_85' title='bbox 231 1488 333 1562; x_wconf 73' lang='lat' dir='ltr'>putor.</span> <span class='ocrx_word' id='word_1_86' title='bbox 380 1479 554 1543; x_wconf 84' lang='lat' dir='ltr'>Praeterea</span> <span class='ocrx_word' id='word_1_87' title='bbox 576 1481 812 1562; x_wconf 80' lang='lat' dir='ltr'>affirmaverat,</span> <span class='ocrx_word' id='word_1_88' title='bbox 847 1503 881 1544; x_wconf 89' lang='lat' dir='ltr'>se</span> <span class='ocrx_word' id='word_1_89' title='bbox 905 1481 1062 1546; x_wconf 81' lang='lat' dir='ltr'>damnare</span> <span class='ocrx_word' id='word_1_90' title='bbox 1086 1503 1215 1547; x_wconf 85' lang='lat' dir='ltr'>errores</span> <span class='ocrx_word' id='word_1_91' title='bbox 1239 1505 1345 1546; x_wconf 68' lang='lat' dir='ltr'>omnes</span> <span class='ocrx_word' id='word_1_92' title='bbox 1394 1485 1395 1552; x_wconf 65' lang='grc' dir='ltr'>ζ</span> 
     </span>
     <span class='ocr_line' id='line_1_12' title="bbox 233 1574 1395 1666; baseline 0.007 -31"><span class='ocrx_word' id='word_1_93' title='bbox 233 1595 313 1658; x_wconf 91' lang='lat' dir='ltr'>quos</span> <span class='ocrx_word' id='word_1_94' title='bbox 337 1574 550 1640; x_wconf 79' lang='lat' dir='ltr'>Innocentius</span> <span class='ocrx_word' id='word_1_95' title='bbox 583 1577 814 1659; x_wconf 83' lang='lat' dir='ltr'>damnaverat,</span> <span class='ocrx_word' id='word_1_96' title='bbox 848 1599 994 1664; x_wconf 92' lang='lat' dir='ltr'>quosque</span> <span class='ocrx_word' id='word_1_97' title='bbox 1017 1579 1213 1666; x_wconf 83' lang='lat' dir='ltr'>Apostolics</span> <span class='ocrx_word' id='word_1_98' title='bbox 1248 1579 1343 1644; x_wconf 84' lang='lat' dir='ltr'>Sedes</span> <span class='ocrx_word' id='word_1_99' title='bbox 1394 1575 1395 1656; x_wconf 69' lang='lat' dir='ltr'>i</span> 
     </span>
     <span class='ocr_line' id='line_1_13' title="bbox 232 1671 1341 1759; baseline 0.005 -26"><span class='ocrx_word' id='word_1_100' title='bbox 232 1671 414 1738; x_wconf 86' lang='lat' dir='ltr'>damnaret.</span> <span class='ocrx_word' id='word_1_101' title='bbox 462 1673 560 1740; x_wconf 83' lang='lat' dir='ltr'>Unde</span> <span class='ocrx_word' id='word_1_102' title='bbox 584 1696 685 1759; x_wconf 91' lang='lat' dir='ltr'>quum</span> <span class='ocrx_word' id='word_1_103' title='bbox 709 1675 859 1738; x_wconf 79' lang='lat' dir='ltr'>Zosimus</span> <span class='ocrx_word' id='word_1_104' title='bbox 890 1674 1043 1740; x_wconf 77' lang='lat' dir='ltr'>Goelestii</span> <span class='ocrx_word' id='word_1_105' title='bbox 1067 1676 1221 1742; x_wconf 85' lang='lat' dir='ltr'>libellum</span> <span class='ocrx_word' id='word_1_106' title='bbox 1245 1699 1341 1741; x_wconf 88' lang='lat' dir='ltr'>susce·</span> 
     </span>
     <span class='ocr_line' id='line_1_14' title="bbox 231 1767 1395 1860; baseline 0.006 -29"><span class='ocrx_word' id='word_1_107' title='bbox 231 1771 290 1852; x_wconf 92' lang='lat' dir='ltr'>pit,</span> <span class='ocrx_word' id='word_1_108' title='bbox 326 1767 483 1856; x_wconf 89' lang='lat' dir='ltr'>illumque</span> <span class='ocrx_word' id='word_1_109' title='bbox 520 1771 617 1836; x_wconf 90' lang='lat' dir='ltr'>simul</span> <span class='ocrx_word' id='word_1_110' title='bbox 650 1794 726 1836; x_wconf 91' lang='lat' dir='ltr'>cum</span> <span class='ocrx_word' id='word_1_111' title='bbox 760 1773 1039 1839; x_wconf 78' lang='lat' dir='ltr'>declarationibus</span> <span class='ocrx_word' id='word_1_112' title='bbox 1070 1775 1142 1860; x_wconf 87' lang='lat' dir='ltr'>ejus</span> <span class='ocrx_word' id='word_1_113' title='bbox 1180 1775 1226 1840; x_wconf 83' lang='lat' dir='ltr'>sd</span> <span class='ocrx_word' id='word_1_114' title='bbox 1253 1775 1344 1838; x_wconf 77' lang='lat' dir='ltr'>Afros</span> <span class='ocrx_word' id='word_1_115' title='bbox 1394 1779 1395 1848; x_wconf 72' lang='lat' dir='ltr'>i</span> 
     </span>
     <span class='ocr_line' id='line_1_15' title="bbox 231 1869 1395 1966; baseline 0.005 -36"><span class='ocrx_word' id='word_1_116' title='bbox 231 1869 402 1953; x_wconf 87' lang='lat' dir='ltr'>episeopes</span> <span class='ocrx_word' id='word_1_117' title='bbox 435 1872 634 1950; x_wconf 81' lang='lat' dir='ltr'>transmisit,</span> <span class='ocrx_word' id='word_1_118' title='bbox 667 1870 822 1955; x_wconf 87' lang='lat' dir='ltr'>probavit</span> <span class='ocrx_word' id='word_1_119' title='bbox 858 1871 1062 1936; x_wconf 79' lang='lat' dir='ltr'>voluntatem</span> <span class='ocrx_word' id='word_1_120' title='bbox 1095 1873 1341 1937; x_wconf 80' lang='lat' dir='ltr'>emendationis</span> <span class='ocrx_word' id='word_1_121' title='bbox 1394 1897 1395 1966; x_wconf 46' lang='lat' dir='ltr'>p</span> 
     </span>
     <span class='ocr_line' id='line_1_16' title="bbox 231 1967 1395 2058; baseline 0.003 -29"><span class='ocrx_word' id='word_1_122' title='bbox 231 1987 297 2030; x_wconf 90' lang='lat' dir='ltr'>non</span> <span class='ocrx_word' id='word_1_123' title='bbox 330 1989 407 2031; x_wconf 85' lang='lat' dir='ltr'>vero</span> <span class='ocrx_word' id='word_1_124' title='bbox 440 1967 617 2032; x_wconf 82' lang='lat' dir='ltr'>sulsitatem</span> <span class='ocrx_word' id='word_1_125' title='bbox 649 1967 821 2051; x_wconf 80' lang='lat' dir='ltr'>dogmatis.</span> <span class='ocrx_word' id='word_1_126' title='bbox 867 1968 922 2034; x_wconf 86' lang='lat' dir='ltr'>Ad</span> <span class='ocrx_word' id='word_1_127' title='bbox 952 1991 1022 2033; x_wconf 91' lang='lat' dir='ltr'>rem</span> <span class='ocrx_word' id='word_1_128' title='bbox 1045 1971 1116 2056; x_wconf 86' lang='lat' dir='ltr'>jam</span> <span class='ocrx_word' id='word_1_129' title='bbox 1141 1971 1342 2056; x_wconf 80' lang='lat' dir='ltr'>Augustinus</span> <span class='ocrx_word' id='word_1_130' title='bbox 1394 1973 1395 2058; x_wconf 53' lang='lat' dir='ltr'>i</span> 
     </span>
     <span class='ocr_line' id='line_1_17' title="bbox 231 2065 1342 2152; baseline -0.001 -25"><span class='ocrx_word' id='word_1_131' title='bbox 231 2067 380 2148; x_wconf 81' lang='lat' dir='ltr'>scripsit:</span> <span class='ocrx_word' id='word_1_132' title='bbox 409 2065 509 2139; x_wconf 84' lang='lat' dir='ltr'>Quum</span> <span class='ocrx_word' id='word_1_133' title='bbox 531 2068 585 2130; x_wconf 75' lang='lat' dir='ltr'>isos</span> <span class='ocrx_word' id='word_1_134' title='bbox 609 2066 661 2148; x_wconf 89' lang='lat' dir='ltr'>(de</span> <span class='ocrx_word' id='word_1_135' title='bbox 684 2077 820 2151; x_wconf 80' lang='lat' dir='ltr'>peccato</span> <span class='ocrx_word' id='word_1_136' title='bbox 845 2067 1012 2152; x_wconf 83' lang='lat' dir='ltr'>originali)</span> <span class='ocrx_word' id='word_1_137' title='bbox 1040 2068 1215 2134; x_wconf 57' lang='lat' dir='ltr'>(iselasticis</span> <span class='ocrx_word' id='word_1_138' title='bbox 1238 2073 1272 2132; x_wconf 80' lang='lat' dir='ltr'>iu</span> <span class='ocrx_word' id='word_1_139' title='bbox 1292 2089 1342 2129; x_wconf 76' lang='lat' dir='ltr'>sm</span> 
     </span>
     <span class='ocr_line' id='line_1_18' title="bbox 230 2163 1340 2249; baseline 0 -25"><span class='ocrx_word' id='word_1_140' title='bbox 230 2163 336 2226; x_wconf 78' lang='lat' dir='ltr'>libello</span> <span class='ocrx_word' id='word_1_141' title='bbox 348 2165 508 2249; x_wconf 78' lang='lat' dir='ltr'>posuisset</span> <span class='ocrx_word' id='word_1_142' title='bbox 521 2166 604 2226; x_wconf 86' lang='lat' dir='ltr'>inter</span> <span class='ocrx_word' id='word_1_143' title='bbox 622 2187 661 2228; x_wconf 89' lang='lat' dir='ltr'>su</span> <span class='ocrx_word' id='word_1_144' title='bbox 674 2165 844 2228; x_wconf 70' lang='lat' dir='ltr'>dumtusat</span> <span class='ocrx_word' id='word_1_145' title='bbox 857 2166 895 2228; x_wconf 82' lang='lat' dir='ltr'>ds</span> <span class='ocrx_word' id='word_1_146' title='bbox 915 2165 1070 2249; x_wconf 77' lang='lat' dir='ltr'>quidesse</span> <span class='ocrx_word' id='word_1_147' title='bbox 1086 2167 1189 2230; x_wconf 73' lang='lat' dir='ltr'>adhuc</span> <span class='ocrx_word' id='word_1_148' title='bbox 1204 2165 1340 2230; x_wconf 75' lang='lat' dir='ltr'>dubitare</span> 
     </span>
     <span class='ocr_line' id='line_1_19' title="bbox 231 2260 1339 2347; baseline 0.002 -27"><span class='ocrx_word' id='word_1_149' title='bbox 231 2272 260 2322; x_wconf 86' lang='lat' dir='ltr'>at</span> <span class='ocrx_word' id='word_1_150' title='bbox 293 2263 410 2326; x_wconf 85' lang='lat' dir='ltr'>instrui</span> <span class='ocrx_word' id='word_1_151' title='bbox 442 2260 520 2325; x_wconf 82' lang='lat' dir='ltr'>selis</span> <span class='ocrx_word' id='word_1_152' title='bbox 555 2261 716 2347; x_wconf 82' lang='lat' dir='ltr'>coufessus</span> <span class='ocrx_word' id='word_1_153' title='bbox 739 2273 801 2340; x_wconf 83' lang='lat' dir='ltr'>sst,</span> <span class='ocrx_word' id='word_1_154' title='bbox 837 2265 871 2326; x_wconf 86' lang='lat' dir='ltr'>iu</span> <span class='ocrx_word' id='word_1_155' title='bbox 894 2265 1014 2328; x_wconf 75' lang='lat' dir='ltr'>domiue</span> <span class='ocrx_word' id='word_1_156' title='bbox 1044 2264 1194 2328; x_wconf 76' lang='lat' dir='ltr'>acerrimi</span> <span class='ocrx_word' id='word_1_157' title='bbox 1220 2263 1339 2347; x_wconf 72' lang='lat' dir='ltr'>inperii.</span> 
     </span>
     <span class='ocr_line' id='line_1_20' title="bbox 229 2359 1342 2447; baseline 0.001 -26"><span class='ocrx_word' id='word_1_158' title='bbox 229 2361 284 2442; x_wconf 85' lang='lat' dir='ltr'>qui</span> <span class='ocrx_word' id='word_1_159' title='bbox 315 2360 458 2444; x_wconf 85' lang='lat' dir='ltr'>profecto</span> <span class='ocrx_word' id='word_1_160' title='bbox 493 2361 523 2422; x_wconf 87' lang='lat' dir='ltr'>ss&#39;</span> <span class='ocrx_word' id='word_1_161' title='bbox 556 2361 762 2444; x_wconf 78' lang='lat' dir='ltr'>corriperetur</span> <span class='ocrx_word' id='word_1_162' title='bbox 790 2360 941 2446; x_wconf 79' lang='lat' dir='ltr'>plurimis</span> <span class='ocrx_word' id='word_1_163' title='bbox 969 2361 1169 2447; x_wconf 80' lang='lat' dir='ltr'>profuisset,</span> <span class='ocrx_word' id='word_1_164' title='bbox 1206 2359 1342 2424; x_wconf 73' lang='lat' dir='ltr'>uoluatur</span> 
     </span>
     <span class='ocr_line' id='line_1_21' title="bbox 230 2455 1395 2544; baseline 0.001 -24"><span class='ocrx_word' id='word_1_165' title='bbox 230 2457 466 2536; x_wconf 81' lang='lat' dir='ltr'>emendationis,</span> <span class='ocrx_word' id='word_1_166' title='bbox 490 2479 553 2522; x_wconf 81' lang='lat' dir='ltr'>nors</span> <span class='ocrx_word' id='word_1_167' title='bbox 568 2455 707 2542; x_wconf 81' lang='lat' dir='ltr'>falsitas</span> <span class='ocrx_word' id='word_1_168' title='bbox 725 2457 881 2543; x_wconf 80' lang='lat' dir='ltr'>dopmotis</span> <span class='ocrx_word' id='word_1_169' title='bbox 895 2458 1075 2544; x_wconf 83' lang='lat' dir='ltr'>approbato</span> <span class='ocrx_word' id='word_1_170' title='bbox 1099 2471 1154 2522; x_wconf 89' lang='lat' dir='ltr'>est.</span> <span class='ocrx_word' id='word_1_171' title='bbox 1193 2459 1236 2521; x_wconf 75' lang='lat' dir='ltr'>iss</span> <span class='ocrx_word' id='word_1_172' title='bbox 1252 2479 1338 2542; x_wconf 80' lang='lat' dir='ltr'>prop</span> <span class='ocrx_word' id='word_1_173' title='bbox 1394 2485 1395 2492; x_wconf 50' lang='lat'>¹</span> 
     </span>
     <span class='ocr_line' id='line_1_22' title="bbox 230 2552 1395 2642; baseline -0.003 -24"><span class='ocrx_word' id='word_1_174' title='bbox 230 2566 315 2618; x_wconf 84' lang='lat' dir='ltr'>tarsu</span> <span class='ocrx_word' id='word_1_175' title='bbox 339 2554 465 2622; x_wconf 81' lang='lat' dir='ltr'>iibslbus</span> <span class='ocrx_word' id='word_1_176' title='bbox 488 2559 555 2642; x_wconf 76' lang='lat' dir='ltr'>ejus</span> <span class='ocrx_word' id='word_1_177' title='bbox 578 2552 747 2619; x_wconf 75' lang='lat' dir='ltr'>catholicus</span> <span class='ocrx_word' id='word_1_178' title='bbox 779 2555 882 2620; x_wconf 83' lang='lat' dir='ltr'>dietus</span> <span class='ocrx_word' id='word_1_179' title='bbox 912 2568 967 2634; x_wconf 84' lang='lat' dir='ltr'>est,</span> <span class='ocrx_word' id='word_1_180' title='bbox 992 2560 1067 2641; x_wconf 80' lang='lat' dir='ltr'>quio</span> <span class='ocrx_word' id='word_1_181' title='bbox 1089 2567 1119 2620; x_wconf 84' lang='lat' dir='ltr'>et</span> <span class='ocrx_word' id='word_1_182' title='bbox 1141 2557 1199 2619; x_wconf 78' lang='lat' dir='ltr'>isos</span> <span class='ocrx_word' id='word_1_183' title='bbox 1222 2553 1335 2618; x_wconf 71' lang='lat' dir='ltr'>ostioli</span> <span class='ocrx_word' id='word_1_184' title='bbox 1394 2589 1395 2626; x_wconf 57' lang='lat'>3</span> 
     </span>
     <span class='ocr_line' id='line_1_23' title="bbox 229 2652 1395 2740; baseline 0.007 -26"><span class='ocrx_word' id='word_1_185' title='bbox 229 2675 283 2716; x_wconf 88' lang='lat' dir='ltr'>oue</span> <span class='ocrx_word' id='word_1_186' title='bbox 305 2656 418 2718; x_wconf 71' lang='lat' dir='ltr'>mutis</span> <span class='ocrx_word' id='word_1_187' title='bbox 440 2665 495 2732; x_wconf 85' lang='lat' dir='ltr'>est,</span> <span class='ocrx_word' id='word_1_188' title='bbox 519 2655 548 2715; x_wconf 89' lang='lat' dir='ltr'>si</span> <span class='ocrx_word' id='word_1_189' title='bbox 579 2677 642 2739; x_wconf 76' lang='lat' dir='ltr'>quo</span> <span class='ocrx_word' id='word_1_190' title='bbox 665 2652 760 2716; x_wconf 83' lang='lat' dir='ltr'>aliter</span> <span class='ocrx_word' id='word_1_191' title='bbox 782 2656 869 2740; x_wconf 89' lang='lat' dir='ltr'>sopit</span> <span class='ocrx_word' id='word_1_192' title='bbox 899 2677 992 2740; x_wconf 80' lang='lat' dir='ltr'>quam</span> <span class='ocrx_word' id='word_1_193' title='bbox 1013 2658 1131 2718; x_wconf 74' lang='lat' dir='ltr'>veritos</span> <span class='ocrx_word' id='word_1_194' title='bbox 1155 2654 1263 2738; x_wconf 67' lang='lat' dir='ltr'>saeipit</span> <span class='ocrx_word' id='word_1_195' title='bbox 1285 2673 1336 2712; x_wconf 70' lang='lat' dir='ltr'>mu</span> <span class='ocrx_word' id='word_1_196' title='bbox 1394 2719 1395 2722; x_wconf 74' lang='grc'>,</span> 
     </span>
     <span class='ocr_line' id='line_1_24' title="bbox 228 2751 1335 2836; baseline -0.005 -22"><span class='ocrx_word' id='word_1_197' title='bbox 228 2775 267 2814; x_wconf 87' lang='lat' dir='ltr'>eo</span> <span class='ocrx_word' id='word_1_198' title='bbox 301 2753 470 2815; x_wconf 75' lang='lat' dir='ltr'>certissimo</span> <span class='ocrx_word' id='word_1_199' title='bbox 493 2751 632 2834; x_wconf 71' lang='lat' dir='ltr'>dspiuirs,</span> <span class='ocrx_word' id='word_1_200' title='bbox 658 2752 713 2814; x_wconf 87' lang='lat' dir='ltr'>ssd</span> <span class='ocrx_word' id='word_1_201' title='bbox 736 2751 856 2814; x_wconf 83' lang='lat' dir='ltr'>detecta</span> <span class='ocrx_word' id='word_1_202' title='bbox 892 2763 921 2816; x_wconf 87' lang='lat' dir='ltr'>et</span> <span class='ocrx_word' id='word_1_203' title='bbox 953 2753 1171 2816; x_wconf 82' lang='lat' dir='ltr'>demonstrata</span> <span class='ocrx_word' id='word_1_204' title='bbox 1193 2771 1335 2836; x_wconf 73' lang='lat' dir='ltr'>respuere.</span> 
     </span>
     <span class='ocr_line' id='line_1_25' title="bbox 230 2849 1335 2934; baseline -0.005 -22"><span class='ocrx_word' id='word_1_205' title='bbox 230 2885 272 2896; x_wconf 80' lang='lat'>-·-</span> <span class='ocrx_word' id='word_1_206' title='bbox 295 2849 449 2914; x_wconf 86' lang='lat' dir='ltr'>Testatur</span> <span class='ocrx_word' id='word_1_207' title='bbox 472 2849 549 2913; x_wconf 91' lang='lat' dir='ltr'>dein</span> <span class='ocrx_word' id='word_1_208' title='bbox 573 2849 789 2933; x_wconf 84' lang='lat' dir='ltr'>Augustinus,</span> <span class='ocrx_word' id='word_1_209' title='bbox 824 2849 991 2914; x_wconf 89' lang='lat' dir='ltr'>Zosimum</span> <span class='ocrx_word' id='word_1_210' title='bbox 1014 2849 1140 2934; x_wconf 83' lang='lat' dir='ltr'>Papam</span> <span class='ocrx_word' id='word_1_211' title='bbox 1176 2865 1335 2932; x_wconf 74' lang='lat' dir='ltr'>nunquam</span> 
     </span>
     <span class='ocr_line' id='line_1_26' title="bbox 228 2946 1395 3031; baseline -0.003 -22"><span class='ocrx_word' id='word_1_212' title='bbox 228 2946 379 3012; x_wconf 80' lang='lat' dir='ltr'>docuisse</span> <span class='ocrx_word' id='word_1_213' title='bbox 411 2969 553 3010; x_wconf 87' lang='lat' dir='ltr'>errorem</span> <span class='ocrx_word' id='word_1_214' title='bbox 588 2947 627 3010; x_wconf 94' lang='lat' dir='ltr'>de</span> <span class='ocrx_word' id='word_1_215' title='bbox 653 2956 787 3031; x_wconf 85' lang='lat' dir='ltr'>peccato</span> <span class='ocrx_word' id='word_1_216' title='bbox 813 2947 977 3030; x_wconf 83' lang='lat' dir='ltr'>originali.</span> <span class='ocrx_word' id='word_1_217' title='bbox 1028 2946 1203 3026; x_wconf 79' lang='lat' dir='ltr'>Quaenam,</span> <span class='ocrx_word' id='word_1_218' title='bbox 1229 2946 1324 3030; x_wconf 87' lang='lat' dir='ltr'>inquit</span> <span class='ocrx_word' id='word_1_219' title='bbox 1394 2951 1395 2956; x_wconf 76' lang='grc'>’</span> 
     </span>
     <span class='ocr_line' id='line_1_27' title="bbox 227 3040 1335 3130; baseline -0.001 -24"><span class='ocrx_word' id='word_1_220' title='bbox 227 3045 363 3130; x_wconf 85' lang='lat' dir='ltr'>epistola</span> <span class='ocrx_word' id='word_1_221' title='bbox 395 3045 593 3109; x_wconf 71' lang='lat' dir='ltr'>reiterandae</span> <span class='ocrx_word' id='word_1_222' title='bbox 628 3046 792 3108; x_wconf 86' lang='lat' dir='ltr'>memoriae</span> <span class='ocrx_word' id='word_1_223' title='bbox 810 3067 921 3130; x_wconf 83' lang='lat' dir='ltr'>papas</span> <span class='ocrx_word' id='word_1_224' title='bbox 944 3046 1070 3122; x_wconf 81' lang='lat' dir='ltr'>Zosimi,</span> <span class='ocrx_word' id='word_1_225' title='bbox 1107 3067 1189 3130; x_wconf 78' lang='lat' dir='ltr'>quae</span> <span class='ocrx_word' id='word_1_226' title='bbox 1218 3040 1335 3106; x_wconf 74' lang='lat' dir='ltr'>interlu-</span> 
     </span>
     <span class='ocr_line' id='line_1_28' title="bbox 227 3140 1334 3228; baseline -0.005 -24"><span class='ocrx_word' id='word_1_227' title='bbox 227 3145 309 3206; x_wconf 84' lang='lat' dir='ltr'>cutio</span> <span class='ocrx_word' id='word_1_228' title='bbox 343 3145 513 3228; x_wconf 86' lang='lat' dir='ltr'>reperitur,</span> <span class='ocrx_word' id='word_1_229' title='bbox 549 3141 604 3205; x_wconf 79' lang='lat' dir='ltr'>uos·</span> <span class='ocrx_word' id='word_1_230' title='bbox 632 3144 833 3228; x_wconf 76' lang='lat' dir='ltr'>praeceperit</span> <span class='ocrx_word' id='word_1_231' title='bbox 856 3141 943 3206; x_wconf 86' lang='lat' dir='ltr'>credi</span> <span class='ocrx_word' id='word_1_232' title='bbox 973 3153 1129 3227; x_wconf 82' lang='lat' dir='ltr'>oportere,</span> <span class='ocrx_word' id='word_1_233' title='bbox 1165 3145 1235 3206; x_wconf 82' lang='lat' dir='ltr'>sias</span> <span class='ocrx_word' id='word_1_234' title='bbox 1267 3140 1334 3202; x_wconf 79' lang='lat' dir='ltr'>sitio</span> 
     </span>
     <span class='ocr_line' id='line_1_29' title="bbox 220 3237 1335 3326; baseline -0.003 -24"><span class='ocrx_word' id='word_1_235' title='bbox 220 3243 347 3326; x_wconf 80' lang='lat' dir='ltr'>pracati</span> <span class='ocrx_word' id='word_1_236' title='bbox 381 3239 547 3325; x_wconf 79' lang='lat' dir='ltr'>oripiuolis</span> <span class='ocrx_word' id='word_1_237' title='bbox 582 3241 733 3304; x_wconf 75' lang='lat' dir='ltr'>homiaem</span> <span class='ocrx_word' id='word_1_238' title='bbox 766 3242 877 3304; x_wconf 70' lang='lat' dir='ltr'>moscii</span> <span class='ocrx_word' id='word_1_239' title='bbox 916 3240 1079 3324; x_wconf 80' lang='lat' dir='ltr'>Nusquam</span> <span class='ocrx_word' id='word_1_240' title='bbox 1106 3261 1245 3324; x_wconf 85' lang='lat' dir='ltr'>prorsus</span> <span class='ocrx_word' id='word_1_241' title='bbox 1271 3237 1335 3298; x_wconf 70' lang='lat' dir='ltr'>tas</span> 
     </span>
     <span class='ocr_line' id='line_1_30' title="bbox 226 3336 1332 3424; baseline -0.005 -24"><span class='ocrx_word' id='word_1_242' title='bbox 226 3339 320 3418; x_wconf 67' lang='lat' dir='ltr'>dixit,</span> <span class='ocrx_word' id='word_1_243' title='bbox 344 3361 497 3424; x_wconf 83' lang='lat' dir='ltr'>nusquam</span> <span class='ocrx_word' id='word_1_244' title='bbox 520 3339 644 3401; x_wconf 81' lang='lat' dir='ltr'>omniuo</span> <span class='ocrx_word' id='word_1_245' title='bbox 668 3336 899 3423; x_wconf 66' lang='lat' dir='ltr'>cmsscsipsitl).</span> <span class='ocrx_word' id='word_1_246' title='bbox 923 3373 967 3384; x_wconf 91' lang='lat'><em>-</em></span> <span class='ocrx_word' id='word_1_247' title='bbox 982 3337 1142 3415; x_wconf 87' lang='lat' dir='ltr'>Zosimus,</span> <span class='ocrx_word' id='word_1_248' title='bbox 1168 3347 1332 3424; x_wconf 82' lang='lat' dir='ltr'>postquam</span> 
     </span>
     <span class='ocr_line' id='line_1_31' title="bbox 226 3431 1331 3501; baseline -0.005 -2"><span class='ocrx_word' id='word_1_249' title='bbox 226 3435 345 3500; x_wconf 82' lang='lat' dir='ltr'>Sedem</span> <span class='ocrx_word' id='word_1_250' title='bbox 371 3437 553 3501; x_wconf 87' lang='lat' dir='ltr'>Romanam</span> <span class='ocrx_word' id='word_1_251' title='bbox 577 3457 702 3499; x_wconf 86' lang='lat' dir='ltr'>annum</span> <span class='ocrx_word' id='word_1_252' title='bbox 730 3457 833 3498; x_wconf 90' lang='lat' dir='ltr'>unum</span> <span class='ocrx_word' id='word_1_253' title='bbox 863 3444 896 3499; x_wconf 90' lang='lat' dir='ltr'>st</span> <span class='ocrx_word' id='word_1_254' title='bbox 924 3455 1053 3500; x_wconf 88' lang='lat' dir='ltr'>menses</span> <span class='ocrx_word' id='word_1_255' title='bbox 1076 3455 1199 3498; x_wconf 86' lang='lat' dir='ltr'>novem</span> <span class='ocrx_word' id='word_1_256' title='bbox 1224 3431 1331 3498; x_wconf 84' lang='lat' dir='ltr'>tenuit.</span> 
     </span>
     <span class='ocr_line' id='line_1_32' title="bbox 226 3530 1330 3618; baseline -0.006 -22"><span class='ocrx_word' id='word_1_257' title='bbox 226 3534 308 3598; x_wconf 87' lang='lat' dir='ltr'>obiit</span> <span class='ocrx_word' id='word_1_258' title='bbox 330 3558 359 3600; x_wconf 89' lang='lat' dir='ltr'>a.</span> <span class='ocrx_word' id='word_1_259' title='bbox 384 3536 459 3616; x_wconf 79' lang='lat'>418,</span> <span class='ocrx_word' id='word_1_260' title='bbox 485 3535 538 3598; x_wconf 89' lang='lat' dir='ltr'>die</span> <span class='ocrx_word' id='word_1_261' title='bbox 553 3531 670 3598; x_wconf 88' lang='lat' dir='ltr'>XXVI</span> <span class='ocrx_word' id='word_1_262' title='bbox 695 3535 816 3598; x_wconf 89' lang='lat' dir='ltr'>mensis</span> <span class='ocrx_word' id='word_1_263' title='bbox 831 3533 1036 3615; x_wconf 87' lang='lat' dir='ltr'>Decembris,</span> <span class='ocrx_word' id='word_1_264' title='bbox 1060 3532 1199 3618; x_wconf 90' lang='lat' dir='ltr'>quodie</span> <span class='ocrx_word' id='word_1_265' title='bbox 1222 3530 1330 3595; x_wconf 90' lang='lat' dir='ltr'>colitur</span> 
     </span>
    </p>
   </div>
   <div class='ocr_carea' id='block_1_3' title="bbox 226 3631 703 3716">
    <p class='ocr_par' dir='ltr' id='par_1_3' title="bbox 226 3631 703 3716">
     <span class='ocr_line' id='line_1_33' title="bbox 226 3631 703 3716; baseline -0.004 -20"><span class='ocrx_word' id='word_1_266' title='bbox 226 3635 261 3698; x_wconf 91' lang='lat' dir='ltr'>in</span> <span class='ocrx_word' id='word_1_267' title='bbox 285 3632 520 3716; x_wconf 83' lang='lat' dir='ltr'>Martyrologio</span> <span class='ocrx_word' id='word_1_268' title='bbox 544 3631 703 3696; x_wconf 88' lang='lat' dir='ltr'>Romano.</span> 
     </span>
    </p>
   </div>
   <div class='ocr_carea' id='block_1_4' title="bbox 222 3829 1395 4301">
    <p class='ocr_par' dir='ltr' id='par_1_4' title="bbox 222 3829 1395 4301">
     <span class='ocr_line' id='line_1_34' title="bbox 303 3829 1333 3904; baseline -0.01 -13"><span class='ocrx_word' id='word_1_269' title='bbox 303 3837 324 3903; x_wconf 87' lang='lat'>¹)</span> <span class='ocrx_word' id='word_1_270' title='bbox 345 3836 371 3890; x_wconf 86' lang='lat' dir='ltr'>C.</span> <span class='ocrx_word' id='word_1_271' title='bbox 392 3851 431 3904; x_wconf 88' lang='lat' dir='ltr'>ep.</span> <span class='ocrx_word' id='word_1_272' title='bbox 453 3835 545 3902; x_wconf 78' lang='lat' dir='ltr'>Pelsg.</span> <span class='ocrx_word' id='word_1_273' title='bbox 566 3835 600 3888; x_wconf 90' lang='lat' dir='ltr'>sd</span> <span class='ocrx_word' id='word_1_274' title='bbox 619 3833 706 3888; x_wconf 82' lang='lat' dir='ltr'>Bonis.</span> <span class='ocrx_word' id='word_1_275' title='bbox 728 3834 756 3890; x_wconf 68' lang='lat'>1..</span> <span class='ocrx_word' id='word_1_276' title='bbox 773 3834 809 3886; x_wconf 88' lang='grc' dir='ltr'>Π.</span> <span class='ocrx_word' id='word_1_277' title='bbox 827 3849 848 3888; x_wconf 90' lang='lat' dir='ltr'>c.</span> <span class='ocrx_word' id='word_1_278' title='bbox 868 3835 892 3888; x_wconf 80' lang='grc'>3.</span> <span class='ocrx_word' id='word_1_279' title='bbox 914 3834 996 3887; x_wconf 81' lang='lat' dir='ltr'>Plura</span> <span class='ocrx_word' id='word_1_280' title='bbox 1013 3834 1077 3888; x_wconf 81' lang='lat' dir='ltr'>side</span> <span class='ocrx_word' id='word_1_281' title='bbox 1096 3849 1138 3900; x_wconf 88' lang='lat' dir='ltr'>sp.</span> <span class='ocrx_word' id='word_1_282' title='bbox 1159 3829 1333 3886; x_wconf 78' lang='lat' dir='ltr'>PslmsPrsc·</span> 
     </span>
     <span class='ocr_line' id='line_1_35' title="bbox 224 3907 1395 3995; baseline -0.009 -25"><span class='ocrx_word' id='word_1_283' title='bbox 224 3919 286 3972; x_wconf 84' lang='lat' dir='ltr'>lsct</span> <span class='ocrx_word' id='word_1_284' title='bbox 299 3917 329 3970; x_wconf 83' lang='lat' dir='ltr'>T.</span> <span class='ocrx_word' id='word_1_285' title='bbox 341 3917 362 3970; x_wconf 94' lang='grc' dir='ltr'>Ι.</span> <span class='ocrx_word' id='word_1_286' title='bbox 372 3917 402 3970; x_wconf 88' lang='grc' dir='ltr'>Ρ.</span> <span class='ocrx_word' id='word_1_287' title='bbox 411 3916 440 3970; x_wconf 88' lang='lat'>11</span> <span class='ocrx_word' id='word_1_288' title='bbox 458 3933 472 3970; x_wconf 89' lang='lat' dir='ltr'>c</span> <span class='ocrx_word' id='word_1_289' title='bbox 492 3918 532 3969; x_wconf 88' lang='lat'>18.</span> <span class='ocrx_word' id='word_1_290' title='bbox 543 3921 572 3970; x_wconf 90' lang='lat' dir='ltr'>et</span> <span class='ocrx_word' id='word_1_291' title='bbox 583 3915 710 3969; x_wconf 83' lang='lat' dir='ltr'>Wouters</span> <span class='ocrx_word' id='word_1_292' title='bbox 721 3914 835 3968; x_wconf 84' lang='lat' dir='ltr'>Dissert.</span> <span class='ocrx_word' id='word_1_293' title='bbox 846 3913 913 3968; x_wconf 80' lang='lat' dir='ltr'>Tom</span> <span class='ocrx_word' id='word_1_294' title='bbox 931 3914 966 3966; x_wconf 89' lang='lat' dir='ltr'>II.</span> <span class='ocrx_word' id='word_1_295' title='bbox 980 3914 1093 3968; x_wconf 61' lang='lat' dir='ltr'>Dmert</span> <span class='ocrx_word' id='word_1_296' title='bbox 1105 3913 1209 3966; x_wconf 80' lang='lat' dir='ltr'>xxm.</span> <span class='ocrx_word' id='word_1_297' title='bbox 1228 3941 1259 3952; x_wconf 84' lang='lat'>--</span> <span class='ocrx_word' id='word_1_298' title='bbox 1284 3907 1331 3995; x_wconf 75' lang='lat' dir='ltr'>Cir.</span> <span class='ocrx_word' id='word_1_299' title='bbox 1394 3939 1395 3944; x_wconf 52' lang='lat'>.</span> 
     </span>
     <span class='ocr_line' id='line_1_36' title="bbox 225 3991 1332 4066; baseline -0.008 -16"><span class='ocrx_word' id='word_1_300' title='bbox 225 3997 315 4052; x_wconf 88' lang='lat' dir='ltr'>etism.</span> <span class='ocrx_word' id='word_1_301' title='bbox 327 3996 538 4066; x_wconf 82' lang='lat' dir='ltr'>Hergsurother,</span> <span class='ocrx_word' id='word_1_302' title='bbox 556 3995 589 4049; x_wconf 79' lang='lat' dir='ltr'>K</span> <span class='ocrx_word' id='word_1_303' title='bbox 610 3995 642 4049; x_wconf 82' lang='lat' dir='ltr'>G.</span> <span class='ocrx_word' id='word_1_304' title='bbox 656 3995 686 4048; x_wconf 86' lang='grc' dir='ltr'>Τ.</span> <span class='ocrx_word' id='word_1_305' title='bbox 706 3995 753 4048; x_wconf 86' lang='grc' dir='ltr'><strong>ΙΙΙ.</strong></span> <span class='ocrx_word' id='word_1_306' title='bbox 773 4011 798 4061; x_wconf 89' lang='lat' dir='ltr'>p.</span> <span class='ocrx_word' id='word_1_307' title='bbox 820 3995 878 4048; x_wconf 75' lang='lat'>113.</span> <span class='ocrx_word' id='word_1_308' title='bbox 899 4010 926 4048; x_wconf 85' lang='lat' dir='ltr'>n.</span> <span class='ocrx_word' id='word_1_309' title='bbox 949 3997 1004 4047; x_wconf 84' lang='lat' dir='ltr'>tll.</span> <span class='ocrx_word' id='word_1_310' title='bbox 1024 4023 1056 4034; x_wconf 94' lang='lat'>—</span> <span class='ocrx_word' id='word_1_311' title='bbox 1077 3993 1220 4048; x_wconf 76' lang='lat' dir='ltr'>Caeterum</span> <span class='ocrx_word' id='word_1_312' title='bbox 1238 3991 1265 4044; x_wconf 86' lang='lat' dir='ltr'>iu</span> <span class='ocrx_word' id='word_1_313' title='bbox 1282 4001 1332 4053; x_wconf 75' lang='lat' dir='ltr'>spt-</span> 
     </span>
     <span class='ocr_line' id='line_1_37' title="bbox 222 4069 1395 4142; baseline -0.008 -13"><span class='ocrx_word' id='word_1_314' title='bbox 222 4077 301 4130; x_wconf 85' lang='lat' dir='ltr'>stolis</span> <span class='ocrx_word' id='word_1_315' title='bbox 312 4076 410 4130; x_wconf 89' lang='lat' dir='ltr'>Zosimi</span> <span class='ocrx_word' id='word_1_316' title='bbox 429 4093 482 4130; x_wconf 92' lang='lat' dir='ltr'>non</span> <span class='ocrx_word' id='word_1_317' title='bbox 501 4075 640 4128; x_wconf 86' lang='lat' dir='ltr'>invenitur</span> <span class='ocrx_word' id='word_1_318' title='bbox 658 4073 814 4142; x_wconf 85' lang='lat' dir='ltr'>propositio,</span> <span class='ocrx_word' id='word_1_319' title='bbox 834 4089 887 4139; x_wconf 83' lang='lat' dir='ltr'>qus</span> <span class='ocrx_word' id='word_1_320' title='bbox 906 4073 1025 4126; x_wconf 88' lang='lat' dir='ltr'>libellum</span> <span class='ocrx_word' id='word_1_321' title='bbox 1038 4073 1164 4126; x_wconf 83' lang='lat' dir='ltr'>Caelestii</span> <span class='ocrx_word' id='word_1_322' title='bbox 1183 4069 1330 4124; x_wconf 64' lang='lat' dir='ltr'>cumdium</span> <span class='ocrx_word' id='word_1_323' title='bbox 1394 4107 1395 4120; x_wconf 69' lang='lat'>.</span> 
     </span>
     <span class='ocr_line' id='line_1_38' title="bbox 226 4147 1395 4223; baseline -0.009 -15"><span class='ocrx_word' id='word_1_324' title='bbox 226 4157 345 4223; x_wconf 76' lang='lat' dir='ltr'>appellat</span> <span class='ocrx_word' id='word_1_325' title='bbox 363 4163 391 4210; x_wconf 90' lang='lat' dir='ltr'>et</span> <span class='ocrx_word' id='word_1_326' title='bbox 409 4157 492 4210; x_wconf 85' lang='lat' dir='ltr'>telem</span> <span class='ocrx_word' id='word_1_327' title='bbox 517 4169 574 4208; x_wconf 85' lang='lat' dir='ltr'>esse</span> <span class='ocrx_word' id='word_1_328' title='bbox 602 4154 794 4219; x_wconf 67' lang='lat' dir='ltr'>declaratam</span> <span class='ocrx_word' id='word_1_329' title='bbox 819 4153 894 4206; x_wconf 90' lang='lat' dir='ltr'>modo</span> <span class='ocrx_word' id='word_1_330' title='bbox 913 4152 1033 4221; x_wconf 86' lang='lat' dir='ltr'>gausrsii</span> <span class='ocrx_word' id='word_1_331' title='bbox 1053 4153 1085 4206; x_wconf 85' lang='lat' dir='ltr'>de</span> <span class='ocrx_word' id='word_1_332' title='bbox 1105 4149 1255 4206; x_wconf 77' lang='lat' dir='ltr'>defensione</span> <span class='ocrx_word' id='word_1_333' title='bbox 1273 4147 1328 4198; x_wconf 71' lang='lat' dir='ltr'>Cor</span> <span class='ocrx_word' id='word_1_334' title='bbox 1394 4159 1395 4162; x_wconf 45' lang='lat'>¹</span> 
     </span>
     <span class='ocr_line' id='line_1_39' title="bbox 224 4231 1226 4301; baseline -0.005 -13"><span class='ocrx_word' id='word_1_335' title='bbox 224 4235 298 4289; x_wconf 86' lang='lat' dir='ltr'>lestii</span> <span class='ocrx_word' id='word_1_336' title='bbox 318 4235 407 4288; x_wconf 81' lang='lat' dir='ltr'>oblato</span> <span class='ocrx_word' id='word_1_337' title='bbox 426 4235 517 4289; x_wconf 88' lang='lat' dir='ltr'>libello</span> <span class='ocrx_word' id='word_1_338' title='bbox 537 4239 565 4288; x_wconf 91' lang='lat' dir='ltr'>et</span> <span class='ocrx_word' id='word_1_339' title='bbox 583 4235 616 4289; x_wconf 88' lang='lat' dir='ltr'>de</span> <span class='ocrx_word' id='word_1_340' title='bbox 634 4234 788 4290; x_wconf 87' lang='lat' dir='ltr'>ostensione</span> <span class='ocrx_word' id='word_1_341' title='bbox 807 4233 982 4288; x_wconf 80' lang='lat' dir='ltr'>orthodoxiae</span> <span class='ocrx_word' id='word_1_342' title='bbox 1000 4233 1084 4301; x_wconf 81' lang='lat' dir='ltr'>ipsius</span> <span class='ocrx_word' id='word_1_343' title='bbox 1103 4231 1226 4300; x_wconf 76' lang='lat' dir='ltr'>loquitur.</span> 
     </span>
    </p>
   </div>
   <div class='ocr_carea' id='block_1_5' title="bbox 0 0 1410 4846">
    <p class='ocr_par' dir='ltr' id='par_1_5' title="bbox 0 0 1410 4846">
     <span class='ocr_line' id='line_1_40' title="bbox 0 0 1410 4846; baseline 0 3"><span class='ocrx_word' id='word_1_344' title='bbox 0 0 1410 4846; x_wconf 95' lang='lat' dir='ltr'> </span> 
     </span>
    </p>
   </div>
  </div>
 </body>
</html>
