2900 4800
105 545 169 598 mn

73 605 195 645 Constanti·

106 665 159 716 lurp.

105 1795 130 1834 R.
149 1793 173 1836 Ρ.

224 405 278 458 416
597 405 637 460 De
655 419 737 460 cansa
754 403 867 460 Honorii
887 406 920 461 R.
939 405 969 460 P.

226 547 409 612 consuleret
440 569 562 612 novam
594 547 672 613 fidei
704 549 958 634 professionem,
982 571 1067 636 quae
1101 550 1339 638 disputationes
1422 621 1423 640 ,

225 645 389 732 quaslibet
404 646 445 710 de
467 667 535 710 una
557 644 612 711 vel
627 645 751 732 duplici
766 645 955 732 operatione
978 667 1017 710 ac
1033 645 1203 714 voluntate
1219 647 1338 713 Christi
1422 681 1423 686 ¹

225 742 461 826 interdicebat,
486 746 689 830 composuit,
713 755 811 830 atque
835 765 864 808 a.
890 743 955 808 648
974 744 1186 830 Imperatoris
1211 749 1339 812 nomine
1422 735 1423 786 l

225 841 499 926 promulgandam
532 843 671 908 curavit.
717 841 784 906 Ista
815 841 974 926 professio
1012 843 1119 931 Typos
1153 841 1340 909 Constantis

226 938 427 1024 appellatur,
452 961 557 1026 eaque
592 949 640 1004 est
671 939 856 1004 differentia
887 941 973 1004 inter
995 939 1164 1005 Ecthesim
1195 941 1339 1006 Heraclii
1422 945 1423 1008 i

226 1047 259 1100 et
281 1036 415 1122 Typum
439 1037 646 1118 Constantis,
671 1037 760 1124 quod
783 1037 935 1101 Ecthesis
959 1060 1061 1102 unam
1084 1039 1137 1103 vel
1162 1039 1247 1104 duas
1270 1061 1338 1126 ope

226 1136 368 1199 rationes
396 1137 430 1200 in
462 1135 592 1200 Christo
626 1135 692 1200 dici
725 1144 832 1216 vetet,
865 1155 965 1199 unam
998 1147 1108 1200 tamen
1140 1137 1339 1202 voluntatem
1422 1145 1423 1220 J

225 1232 436 1317 profiteatur3
465 1233 580 1319 Typus
611 1255 689 1298 vero
714 1255 775 1298 ncc
806 1232 1010 1298 voluntatem
1033 1257 1095 1298 nec
1118 1235 1340 1321 operationem

225 1352 327 1394 unam
351 1341 408 1395 aut
431 1331 596 1417 duplicem
620 1333 654 1396 in
679 1318 809 1396 Christo
834 1333 997 1397 nominari
1021 1333 1210 1421 patiatur1).

314 1428 367 1492 46.
393 1429 466 1493 Hoc
496 1429 640 1493 edictum
665 1428 873 1512 Constantis,
906 1429 1075 1496 hlothesim
1099 1429 1268 1514 Heraclii,
1299 1443 1341 1495 at·
1422 1479 1423 1488 .

227 1547 290 1611 que
318 1547 384 1588 una
407 1529 601 1612 praecipuos
631 1527 901 1592 monotheleticae
933 1526 1078 1592 haeresis
1113 1539 1275 1612 auctores,
1298 1552 1340 1592 se·
1422 1595 1423 1618 ἶ

226 1624 339 1709 quenti
362 1645 449 1688 anno
473 1625 538 1689 649
562 1626 597 1689 in
621 1623 746 1711 synodo
770 1625 985 1690 Lateranensi
1010 1625 1183 1691 damnavit
1199 1627 1234 1693 S.
1257 1629 1340 1692 Mor·
1422 1647 1423 1676 1

82 1731 185 1774 masna
201 1731 218 1780 1·
227 1723 312 1785 tinas
335 1722 358 1784 I
375 1721 578 1808 (oss-655)
602 1723 767 1787 Theodori
792 1745 969 1789 successor.
1017 1723 1111 1804 Quae
1134 1735 1248 1790 tamen
1271 1747 1339 1790 con·
1422 1709 1423 1712 Ἴ

227 1820 349 1883 stantia
363 1818 521 1906 plurimas
545 1822 574 1884 ei
599 1821 727 1906 peperit
746 1842 930 1886 aerumnas.
976 1819 1081 1886 Roma
1104 1821 1290 1888 abstractus
1311 1831 1340 1886 et
1422 1867 1423 1876 .

229 1915 550 2005 Constantinopolim
580 1918 788 2004 deportatus,
823 1919 1047 2002 contumeliis,
1073 1941 1223 2004 carcere,
1247 1919 1338 2002 fame,
1422 1949 1423 1970 t

228 2016 282 2078 siti
305 2014 489 2098 confectus,
515 2017 648 2080 demum
672 2019 706 2080 in
732 2015 935 2082 Chersoneso
960 2015 1037 2082 exul
1060 2015 1152 2084 obiit.
1186 2015 1338 2083 Constan-

227 2114 269 2176 tis
293 2115 465 2177 saevitiam
500 2116 599 2179 etiam
630 2113 731 2178 subiit
763 2113 796 2180 S.
820 2115 987 2179 Maximus
1009 2113 1127 2196 abbas,
1158 2117 1217 2202 qui
1240 2115 1338 2200 Impe-
1422 2119 1423 2128 ’

228 2213 344 2274 ratoris
362 2211 457 2297 jussu
482 2209 800 2299 Constantinopolim
825 2211 1006 2296 adductus,
1039 2235 1115 2277 cum
1139 2211 1230 2277 illius
1257 2213 1337 2302 Tppo

229 2308 433 2373 subscribere
458 2310 575 2392 nollet,
599 2319 673 2397 post
687 2311 781 2397 plura
802 2311 996 2396 opprobria,
1020 2311 1135 2396 lingua
1151 2321 1184 2374 et
1209 2309 1337 2374 dexteri

229 2408 402 2493 praecisis,
433 2411 556 2493 pariter
586 2409 749 2492 relegatus
779 2409 842 2474 fuit
874 2411 908 2473 iu
937 2405 1199 2490 Chersonesum,
1234 2405 1288 2472 ubi
1310 2429 1336 2470 a.
1422 2495 1423 2498 Ἴ

229 2504 294 2568 662
314 2505 467 2569 animam'
481 2506 552 2570 Deo
572 2505 726 2571 reddidit.
751 2507 924 2592 Respirare
946 2507 1055 2596 coepit
1070 2505 1240 2585 Ecclesia,
1261 2517 1337 2590 post·

231 2625 329 2688 quam
358 2625 444 2668 anno
470 2603 548 2686 668,
582 2605 753 2668 interfecto
777 2603 970 2686 Constante,
996 2605 1170 2690 imperium
1204 2601 1339 2666 obtinuit

231 2701 466 2766 Constantinus
482 2701 669 2786 Pogonatus
693 2702 764 2788 ejus
779 2701 879 2784 lilius,
903 2701 970 2766 fide
993 2711 1026 2766 et
1049 2699 1195 2766 moribus
1220 2713 1338 2785 epatre

228 2800 327 2887 plano
361 2800 520 2868 diversus.
567 2801 638 2864 Pax
672 2809 783 2864 tamen
818 2798 987 2865 Ecclesiae
1023 2797 1153 2864 reddita
1185 2819 1252 2862 non
1283 2805 1335 2874 est,
1422 2861 1423 2880 ,

231 2900 294 2962 nisi
327 2917 413 2962 anno
438 2896 521 2981 680,
555 2919 658 2984 quum
681 2919 741 2984 per
763 2895 935 2983 synodum
967 2897 1195 2962 ocumanicam
1221 2903 1338 2958 sextam

231 2996 375 3060 haeresis
399 2996 554 3061 damnata
578 3005 636 3061 est.

751 3193 834 3259 111.

278 3309 779 3406 Judtctccmxcrc'ttcum
801 3307 854 3374 de
877 3307 1086 3374 Hcraortt
1108 3309 1300 3374 litter-ts.

321 3443 376 3507 46.
399 3441 584 3528 Praecipua
607 3441 755 3527 quaestio
775 3461 862 3525 quae
886 3441 920 3504 in
944 3461 1044 3504 causa
1066 3439 1108 3506 de
1131 3461 1198 3526 qua
1220 3441 1339 3524 agimus
1422 3453 1423 3456 ’

234 3541 378 3604 occurrit
401 3562 440 3604 ea
463 3549 530 3623 est,
555 3541 632 3626 qaid
654 3541 697 3604 sit
714 3537 901 3604 censendum
922 3535 961 3602 de
983 3538 1126 3602 recitatis
1147 3533 1339 3602 domito

233 3640 320 3704 corii
342 3635 509 3724 epistolis?
555 3637 747 3705 Admodum
773 3637 886 3703 variae
917 3643 1028 3700 autem
1051 3645 1129 3701 sunt
1149 3633 1192 3700 de
1214 3635 1256 3699 iis
1275 3653 1337 3696 seu-
1422 3643 1423 3646 ’

234 3737 366 3802 tentiae.
415 3735 513 3816 Quod
545 3737 662 3800 attinet
690 3735 852 3820 imprimis
884 3732 928 3798 ad
958 3733 1182 3819 pecuinitatem
1218 3729 1338 3796 illarum

235 3833 462 3920 epistolarum,
486 3834 622 3920 quidam
646 3843 809 3914 auctores,
834 3833 883 3896 uti
905 3829 1056 3896 Gravina
1078 3840 1111 3894 et
1124 3827 1251 3908 Coster,
1273 3846 1337 3890 oeu-

235 3941 386 4027 suerunt,
415 3955 470 3996 eas
504 3953 573 3996 esse
597 3931 831 4016 supposititias,
869 3927 1090 3994 Bellarminus
1102 3926 1129 4014 ¹)
1165 3949 1219 3992 ess
1248 3921 1338 3990 habet
1422 3931 1423 3964 1

255 4052 401 4060 -ι--ψ
415 4054 464 4060 -—-

312 4095 329 4154 ¹)
347 4091 380 4146 V.
400 4091 493 4145 Peter.
514 4091 546 4144 de
564 4089 669 4142 Incarn.
689 4087 719 4142 L.
738 4087 759 4143 1.
779 4103 801 4143 a
821 4087 863 4143 21.

311 4169 332 4239 ¹)
350 4173 391 4225 De
408 4169 484 4225 Rom.
503 4169 583 4224 Pont.
601 4167 632 4224 1..
651 4167 699 4223 IV.
717 4183 739 4222 a
760 4167 802 4224 11.
