2806 4848
445 492 486 548 De
503 491 668 548 molossicas
686 490 813 548 mulieris
1134 489 1185 545 151

75 639 167 722 ditur,
193 661 310 704 sensus
333 638 452 702 obvius
476 647 532 718 est,
549 635 716 722 exaliqua
740 635 943 700 confessione
966 634 1009 699 ad
1032 635 1183 700 notitiam

74 738 294 803 multitudinis
318 738 516 823 pervenisse.
562 735 656 799 Sicut
679 736 767 800 euim
798 733 892 816 dixit,
917 733 1088 798 mulierem
1112 755 1185 798 con·

73 837 186 900 sacam
214 857 285 900 esse
307 832 388 898 κατὰ
410 831 505 919 μέρος
529 841 663 919 peecata
680 841 753 919 post
776 832 976 918 baptismum
1001 835 1184 916 commissa,

72 937 108 997 ita
132 935 264 1020 pariter
287 933 410 1014 scribit,
436 954 508 996 eam
523 925 765 1014 npcfloiroooor
779 932 874 996 etiam
896 929 987 994 aliud
1011 939 1184 1016 peccatum

71 1033 247 1117 aperuisse.
294 1031 412 1110 „Dicit
434 1031 522 1094 enim
555 1023 672 1115 (ἔλεγεν
702 1026 784 1116 γὰρ),
818 1028 975 1094 ecclesiae
1007 1029 1183 1094 diaconum

71 1153 138 1194 eum
165 1132 243 1215 ipsa
265 1130 369 1214 stupri
393 1127 666 1192 consuetudinem
685 1126 887 1192 habuissem.
911 1165 955 1176 -
977 1127 1043 1192 Iste
1067 1127 1184 1192 modus

69 1228 226 1314 loquendi
250 1249 347 1311 aegre
371 1228 459 1308 sinit,
483 1237 520 1290 ut
536 1247 761 1290 censeamusa
785 1224 921 1288 muliere
943 1225 1081 1310 profane
1106 1248 1181 1311 qua-

70 1325 138 1390 dem
166 1326 368 1412 loquacitate
392 1325 482 1410 apud
504 1325 628 1388 amicas
655 1333 688 1388 et
711 1332 867 1407 cognatas
889 1345 985 1390 suum
1008 1332 1181 1410 peccatum

70 1425 296 1510 imprudenter
324 1422 515 1508 evulgatum
543 1422 657 1503 fuisse,
682 1421 739 1486 scd
768 1421 850 1486 heco
873 1424 1038 1489 accusatio
1061 1427 1180 1492 coordi-

7 1561 11 1585 .
70 1535 159 1586 eamr
175 1524 224 1586 ita
239 1521 449 1608 praecedenti
463 1521 676 1602 accusationi,
691 1529 726 1584 ut
742 1521 864 1607 pariter
878 1520 1040 1607 quaedem
1058 1523 1180 1589 confes-

68 1623 106 1684 sio
118 1621 228 1684 faisse
244 1620 408 1684 censenda
418 1621 469 1701 sit,
481 1641 565 1705 quae
575 1628 686 1684 tamem
698 1619 741 1684 ad
754 1621 905 1684 notitiam
917 1620 1007 1704 vulgi
1019 1624 1179 1705 pervenit.

151 1719 207 1784 18.
234 1718 395 1782 Auctores
417 1716 527 1803 plures
551 1728 685 1782 censent
703 1716 738 1780 id
752 1717 876 1780 factum
901 1738 980 1800 esse,
1005 1721 1084 1805 quia
1106 1743 1180 1807 poe·

68 1817 286 1898 nitentiarius,
311 1838 413 1902 quum
437 1815 554 1880 mulier
577 1815 722 1880 secunda
743 1815 945 1880 confessione
969 1827 1093 1881 secrete
1116 1817 1180 1884 hoc

65 1918 188 1980 crimen
213 1917 245 1979 ei
269 1917 463 2000 aperuisset,
488 1935 557 1978 rem
582 1913 794 1979 deferendam
819 1915 945 1978 censuit
967 1914 1010 1978 ad
1034 1914 1178 1980 tribuual

65 2015 220 2100 episcopi,
247 2025 280 2076 et
302 2013 566 2078 denuntiandum
598 2012 785 2094 diaconum,
817 2021 853 2075 ut
876 2011 929 2076 ille
959 2022 1177 2095 amoveretur,

65 2111 210 2200 illudque
240 2113 404 2197 flagitium
434 2113 481 2176 ita
508 2111 551 2176 ad
579 2113 730 2176 notitiam
753 2111 845 2195 vulgi
869 2113 1069 2196 pervenisse.
1116 2111 1178 2177 Hic

63 2215 161 2276 oritur
184 2211 373 2297 difficultas,
397 2211 512 2276 scribit
525 2209 685 2293 Valesius,
706 2233 839 2296 quonam
862 2211 952 2274 modo
975 2212 1029 2274 lece
1044 2210 1178 2296 facinus

63 2311 101 2372 ed
131 2313 287 2374 notitiam
318 2309 403 2396 vulpi
434 2311 539 2373 uenire
567 2311 717 2394 potuerit,
751 2310 780 2372 si
811 2319 930 2373 secreta
944 2309 1015 2395 fait
1038 2309 1178 2376 mulieris

62 2410 226 2494 confessio
279 2407 438 2481 Quomodo
470 2409 543 2472 item
575 2409 738 2494 episcopus
769 2407 805 2470 id
836 2409 949 2471 rescire
975 2409 1093 2493 potuit,
1123 2413 1178 2494 qui

61 2507 228 2570 diaconum
252 2506 289 2571 ob
311 2507 366 2569 loc
388 2507 549 2593 stapitium
581 2529 602 2569 a
632 2506 734 2590 prada
757 2527 812 2569 suo
841 2507 977 2570 removit.
1024 2505 1177 2591 Equidem

61 2607 214 2684 tammo,
234 2606 518 2691 poenitentiarium
543 2604 760 2692 presbyterum
792 2606 843 2668 eui
874 2603 985 2668 caedier
1011 2605 1065 2668 loc
1079 2603 1174 2690 stapi-

61 2705 132 2766 tiom
156 2703 307 2790 confessa
321 2703 447 2789 fuerat,
465 2705 605 2789 primum
633 2703 757 2788 quidem
789 2705 986 2766 accersivissc
1009 2702 1176 2766 diaconum

61 2811 85 2860 r!
106 2824 179 2865 eum
202 2823 310 2864 eoram
333 2800 461 2866 muliere
476 2803 626 2888 arpuisse,
646 2812 675 2864 et
698 2801 742 2865 ad
752 2801 925 2887 fatendum
948 2803 1064 2864 crimen
1087 2824 1176 2865 suum

1 2919 2 2980 1
58 2898 261 2985 compulisse:
285 2900 398 2964 dnnde
430 2923 501 2963 cero
524 2923 589 2962 rem
617 2921 734 2972 omnem
755 2898 898 2964 retulisse
922 2899 966 2963 ad
990 2899 1176 2964 Nectarium

58 3001 248 3084 episcopum,
272 3021 294 3061 a
316 3021 375 3082 quo
393 3000 599 3085 praepositus
621 2998 737 3084 fuerat
758 2998 1004 3084 poenitentibus,
1035 3009 1065 3061 ct
1087 3003 1175 3088 cujus

1 3155 2 3164 ,
58 3099 135 3160 vices
158 3096 287 3182 peretot
309 3099 345 3160 in
368 3119 403 3161 eo
425 3119 559 3160 monere.
608 3097 695 3159 Nam
711 3097 978 3181 poenitentiarius
1007 3095 1173 3181 confessio-

57 3219 107 3258 nes
130 3193 304 3259 dumtaaat
326 3195 475 3258 audiebat
492 3217 672 3281 poenasque
695 3193 886 3282 injnnpebat,
910 3194 1001 3279 idque
1025 3216 1065 3257 ea·
1087 3217 1173 3258 man-
1235 3209 1240 3218 ”

55 3293 128 3356 dato
155 3294 307 3380 episcopi.
355 3293 532 3380 Episcopus
555 3316 625 3357 cero
642 3294 709 3379 ipse
717 3295 916 3380 poenitentes
938 3291 1170 3356 reconciliabat.

59 3391 121 3452 Nec
147 3391 302 3476 estquod
333 3393 403 3476 pais
435 3389 564 3479 objiciat
594 3391 800 3477 confessionis
833 3413 952 3454 areana
974 3391 1120 3468 reserari,
1145 3391 1173 3454 oi

54 3487 105 3550 loc
129 3487 328 3552 admittimus
351 3488 434 3574 quod
457 3489 537 3552 deici.
586 3488 676 3574 Nape
703 3489 738 3552 id
760 3490 913 3574 consequi.
961 3486 1069 3552 Solum
1091 3488 1173 3552 enim

55 3583 187 3648 ameni
199 3586 361 3672 flapitium
378 3586 546 3673 presbyter
559 3585 714 3649 indicarit
736 3588 892 3673 episeopo,
915 3597 1077 3650 matronae
1099 3608 1172 3650 cero

55 3705 169 3746 consen
190 3685 323 3747 reticuit.
375 3683 538 3750 Caeterum
561 3685 714 3770 depositio
743 3685 871 3750 diaconi
887 3685 988 3771 plane
1011 3683 1172 3768 confimat

55 3780 87 3842 id
119 3781 207 3864 qnod
237 3781 318 3846 diei.
368 3783 477 3869 Nepae
507 3783 588 3846 enim
622 3783 792 3847 Nectarius
821 3785 986 3870 episcopus
1017 3783 1171 3869 deponere

54 3875 145 3940 illam
155 3880 274 3964 potuit,
297 3881 363 3944 nisi
385 3880 564 3944 admmitue
571 3879 693 3965 fuisset
709 3903 730 3943 a
746 3883 1005 3967 poenitentiario,
1029 3882 1084 3966 qui
1101 3883 1169 3944 ‹lia-

54 3998 168 4040 conum
189 3979 364 4041 manirerat
385 3980 423 4042 de
445 3976 596 4065 eupro1).

145 4073 201 4138 19.
224 4075 316 4140 Haec
350 4077 510 4161 expositio
541 4077 676 4164 quidem
706 4101 765 4166 per
787 4101 822 4143 se
851 4077 935 4145 nihil
958 4077 1058 4144 habet
1081 4077 1169 4165 quod

128 4289 152 4358 Ι)
174 4287 244 4343 noa
261 4291 296 4346 oe
315 4291 350 4345 aa
368 4291 437 4346 socr.
456 4293 490 4348 s.
510 4295 541 4350 a.
560 4295 593 4350 v.
615 4299 655 4351 19.
