2836 4804
243 433 296 488 358
650 435 691 490 De
710 435 797 492 tribue
816 436 957 505 Capitulis.

246 576 408 642 Serventur
430 579 536 664 itaque
558 580 710 644 critatem
733 579 778 644 ad
801 577 1008 667 apostolicam
1030 593 1250 647 sacrosanctae
1272 578 1356 646 ecole-

245 677 311 738 as'ae
335 673 447 740 Sedere
469 677 659 762 aadquiorie
674 679 804 756 Bootae,
828 679 936 743 omnia
958 679 1125 744 samariam
1148 691 1284 746 mercat
1304 678 1356 742 lec·

246 784 350 836 tarum
363 773 727 861 opicomperapeatee¹).
752 811 795 824 -
815 775 889 840 Hac
904 777 939 840 in
952 797 988 840 re
1004 775 1156 841 videmus
1178 775 1356 842 adhibitam

245 869 396 936 fallacem
428 870 519 936 illam
548 871 794 938 distinctionem
827 875 912 939 inter
943 873 1046 938 sedem
1074 883 1108 939 et
1129 875 1294 952 sedeam
1316 875 1357 936 iu

245 977 281 1032 ut
303 969 487 1055 Imperator
519 979 552 1032 et
581 970 755 1036 orientales
790 972 937 1056 episcopi
969 975 1201 1038 necessitatem
1233 971 1358 1036 unionis

245 1088 319 1132 oum
334 1067 420 1132 Sede
433 1068 626 1153 Apostolica
648 1078 873 1152 agnoscentes,
899 1070 1049 1134 eamdem
1073 1091 1209 1134 servare
1232 1067 1354 1144 vellent,

245 1166 326 1252 quin
350 1167 633 1230 communicarent
656 1187 732 1230 eum
749 1187 797 1248 eo,
814 1169 871 1252 qui
888 1187 946 1253 pro
970 1177 1118 1253 tempore
1133 1167 1256 1234 Sedem
1278 1175 1356 1230 tene·

244 1264 311 1329 bat.
358 1263 451 1328 Haec
475 1273 562 1328 certe
595 1263 761 1328 distinctio
794 1265 830 1330 iu
862 1286 897 1330 re
925 1263 1075 1351 subjecta
1098 1265 1248 1331 illusoria
1276 1273 1356 1340 erat3

245 1361 388 1426 ostendit
410 1371 521 1426 tamen
546 1362 747 1447 principium
771 1364 933 1448 primatus
951 1363 1093 1428 Romani
1115 1362 1289 1428 Pontificio
1310 1382 1358 1446 ag·

243 1461 361 1540 uitum,
385 1481 447 1525 nec
470 1461 653 1524 intentione
676 1458 862 1525 schismatis
885 1461 1108 1526 constituendi
1126 1461 1357 1547 Imperatorem

243 1567 276 1622 et
299 1557 472 1622 orientales
496 1558 667 1622 Praesules
692 1567 796 1623 motos
819 1559 931 1624 fuisse.

332 1655 385 1720 et.
410 1655 483 1720 Hoc
516 1656 660 1720 edietum
693 1657 905 1741 Imperatoria
938 1656 1071 1721 videtur
1095 1655 1149 1720 die
1187 1657 1230 1720 14
1260 1653 1358 1732 Junii,

246 1753 395 1818 Concilio
403 1754 475 1839 jam
498 1753 602 1835 finito,
617 1753 861 1839 promulgatum
876 1754 994 1836 fuisse}
1019 1755 1174 1840 quamvis
1186 1755 1277 1818 enim
1294 1751 1357 1837 jam

243 1853 277 1916 in
302 1853 442 1938 septima
465 1849 647 1916 Collatione
678 1854 854 1916 recitatum
887 1853 939 1934 sit,
973 1851 1027 1916 illo
1052 1861 1166 1916 tamen
1190 1851 1246 1916 die
1269 1849 1357 1930 insig-

244 1953 348 2015 uitum
373 1959 431 2014 est.
478 1949 579 2014 Haud
602 1949 752 2032 dubium,
766 1949 1004 2035 Imperatorem
1027 1951 1126 2014 etiem
1146 1951 1249 2036 juxta
1271 1967 1357 2010 usum

243 2057 412 2133 receptum
435 2049 593 2132 rescripto
617 2047 753 2133 speciali
776 2045 950 2132 Synodum
974 2047 1209 2130 confirmasse3
1247 2067 1287 2110 ex
1308 2066 1357 2107 an-

243 2148 343 2232 tiquis
373 2145 587 2230 scriptoribus
614 2146 743 2229 graecis
774 2154 945 2231 praeterea
977 2147 1112 2226 eruitur,
1137 2157 1216 2210 acta
1238 2143 1280 2209 ab
1302 2142 1356 2206 lm·

243 2253 391 2330 peratore
424 2245 458 2306 in
491 2243 681 2328 provincias
713 2241 860 2308 Orientis
890 2243 992 2308 fuisse
1026 2244 1238 2324 transmissa,
1273 2252 1307 2304 ut
1337 2241 1356 2302 ii

244 2363 374 2427 quoque
397 2342 543 2426 episcopi
566 2342 623 2428 qui
647 2341 782 2425 Synodo
805 2363 872 2406 non
900 2341 1076 2406 adfirerant
1099 2341 1357 2416 subscriberentr
1412 2339 1413 2368 ³

243 2449 342 2525 atque
365 2463 384 2503 a
408 2440 616 2523 paucissimis
630 2448 759 2504 tantum
778 2439 958 2524 quamdam
978 2440 1223 2526 oppositionem
1245 2438 1357 2502 factam

245 2560 326 2602 esse.
341 2575 384 2584 -
399 2536 542 2622 vigilius
555 2536 710 2602 Pontifex
724 2536 815 2602 haud
830 2538 941 2602 statim
956 2535 1157 2623 approbavit
1168 2535 1356 2602 Concilium.

244 2657 385 2721 eumque
408 2637 442 2700 in
467 2634 604 2700 exilium
638 2637 773 2700 missum
806 2637 908 2700 fuisse
941 2634 1076 2700 tradunt
1110 2635 1307 2700 Anastasius
1327 2633 1356 2694 in

245 2735 330 2798 Vitis
352 2733 421 2799 RB.
443 2733 653 2814 Pontificum,
678 2743 711 2798 et
733 2731 952 2798 Continuator
985 2731 1142 2798 Chronici
1169 2729 1357 2798 Marcellini.

242 2831 283 2896 Id
307 2831 405 2896 valde
429 2829 600 2916 probabile
630 2840 689 2912 est,
720 2853 797 2896 nam
830 2840 863 2894 et
894 2830 976 2896 alios
999 2829 1209 2896 adversarios
1234 2828 1355 2893 damna·

244 2931 343 2994 tionis
365 2931 465 2994 trium
490 2927 730 3014 Capitulorum,
756 2930 803 2992 uti
820 2928 1019 2994 Facundum
1033 2929 1308 2994 Hermianensem
1328 2936 1357 2986 et

244 3027 413 3092 Victorem
443 3026 698 3106 Tununensem,
731 3029 840 3090 acrius
871 3027 1054 3113 Imperator
1086 3034 1134 3090 est
1162 3029 1355 3112 persecutus.

244 3125 311 3190 Sed
333 3146 399 3190 non
423 3125 470 3188 ita
494 3123 595 3188 multo
621 3132 694 3209 post
714 3123 858 3208 Vigilius
880 3125 951 3209 ipsc
973 3123 1040 3189 alia
1062 3145 1158 3189 sensa
1182 3121 1356 3208 suscipiens

244 3225 308 3288 tria
331 3221 485 3308 Capitula
509 3221 755 3287 condemnavit.
801 3221 1001 3286 Pervenerat
1033 3221 1193 3287 videlicet
1225 3219 1268 3286 ad
1291 3237 1353 3280 eam

243 3323 500 3408 persuasionem,
525 3319 612 3384 hane
644 3320 891 3384 damnationem
923 3321 994 3384 sine
1016 3319 1225 3406 praejudicio
1249 3315 1353 3382 Conci·

243 3421 279 3486 lii
305 3418 585 3484 Chalcedonensis
608 3418 678 3484 fieri
703 3440 807 3504 posse.

334 3518 387 3582 64.
411 3518 487 3582 Duo
512 3519 658 3582 existunt
673 3516 905 3581 documentae
922 3514 1045 3601 Vigilio
1060 3515 1123 3580 hac
1146 3516 1182 3580 in
1206 3537 1243 3579 re
1265 3511 1352 3584 edite

245 3639 330 3704 quae
355 3616 572 3680 communiori
597 3614 761 3680 sententia
791 3615 937 3698 genuina
960 3612 1133 3695 habentur,
1158 3609 1293 3701 epistole
1313 3607 1352 3668 vi·

244 3715 364 3780 delicat
386 3711 553 3778 decretalia
578 3713 621 3778 od
642 3712 837 3798 Eutychiae,
862 3733 928 3797 qua
951 3710 1120 3776 mutuatio
1143 3714 1246 3776 trium
1269 3705 1352 3790 Capi·

243 3813 387 3878 tulorurn
419 3813 615 3892 continetur,
649 3820 682 3874 et
707 3808 915 3876 Comtitutcm
945 3810 1114 3874 secandam
1138 3807 1263 3894 Vigilii,
1296 3823 1352 3890 quo

243 3920 312 3976 tota
344 3911 491 3996 quaestio
524 3908 630 3974 fusius
663 3908 847 3973 discutitur.
880 3943 924 3956 -·
956 3905 1106 3993 Epistola
1129 3905 1255 3990 Vigilii,
1276 3921 1351 3988 quae

244 4010 362 4094 incipit
386 4007 560 4086 Scandclc,
585 4007 639 4072 die
663 4007 683 4071 8
706 4003 903 4070 Decembris
930 4005 1009 4070 anni
1033 4005 1100 4069 553
1123 4003 1278 4088 insignita
1299 4007 1349 4069 eet,

245 4127 384 4191 eamque
407 4106 524 4172 Petrus
548 4105 590 4172 de
613 4105 726 4170 Marce
750 4125 836 4168 saec.
858 4102 959 4168 XVII
981 4104 1108 4188 primus
1134 4099 1257 4189 publici
1273 4095 1350 4184 juris

243 4207 532 4302 ”tmuium
551 4229 581 4284 r.
600 4227 649 4284 ur.
668 4243 693 4296 p.
712 4227 770 4284 ree.
