2806 4848
376 499 503 556 Definitio
521 499 555 554 de
572 497 674 568 Spiritu
691 498 797 554 Sancto
1088 499 1140 553 115

60 642 88 706 ln
113 645 294 708 recensione
327 645 451 726 critica,
482 665 581 731 quarn
614 665 699 708 unus
733 665 774 706 ex
802 642 1139 730 Neoprotestantibus‚
1159 663 1180 704 r.
1196 661 1289 711 ratgar.

60 741 170 824 Langen
187 741 353 806 Professor
367 743 560 824 Bonnensis,
585 741 712 806 hoedo
736 740 892 829 opusculo
916 740 1064 829 edidis),
1089 743 1142 805 vir

59 841 102 902 iste
122 839 275 922 concedit,
301 839 464 924 illegalem
487 841 588 904 fuisse
616 842 828 905 insertionem
850 842 1063 926 posteriorem
1086 861 1141 905 vo-

58 939 92 1000 cis
111 937 257 1024 Filioque.
306 938 433 1004 Asserit
454 960 560 1025 porro,
584 936 826 1002 admittendum
849 959 930 1020 esse,
955 935 1140 1003 Concilium

56 1033 212 1116 CPtsnnm,
245 1058 346 1122 quum
380 1036 523 1102 declaret
545 1038 601 1123 qui
626 1059 666 1101 esc
688 1037 784 1100 Patre
806 1035 964 1122 procedit,
988 1038 1044 1123 qui
1074 1060 1141 1101 ceos

56 1131 131 1196 Putre
151 1145 180 1196 et
202 1133 288 1197 nulio
312 1134 410 1198 simul
432 1133 589 1199 adoratur
612 1142 644 1197 et
667 1131 940 1218 conglorificatur,
965 1142 1051 1198 certe
1075 1156 1141 1200 non

56 1233 224 1312 rognomsse
255 1231 448 1314 doctrinam,
484 1231 643 1319 Spiritum
676 1231 835 1298 Sanctum
862 1233 943 1318 pari
971 1233 1061 1296 modo
1093 1235 1143 1298 uti

54 1349 83 1390 a
101 1328 199 1410 Patre,
222 1330 273 1392 s'ta
294 1341 324 1393 et
348 1353 388 1394 en
411 1330 498 1396 Filio
515 1329 695 1416 procedere.
738 1329 839 1396 Secus
863 1331 951 1394 enim
974 1330 1063 1395 haud
1088 1352 1141 1396 no-

55 1425 212 1491 uinassent
232 1429 266 1492 in
286 1429 390 1514 primo
411 1429 513 1492 inciso
528 1429 659 1492 Patrem
682 1427 800 1508 solum,
824 1429 859 1493 in
875 1427 976 1494 altero
991 1452 1068 1494 vero
1084 1431 1143 1495 Pa·

54 1541 115 1587 trem
132 1535 163 1588 ct
178 1523 342 1612 Filium2).
366 1527 541 1590 Praeterea
555 1526 801 1610 agnoscendum
818 1534 875 1608 est,
889 1527 996 1613 inquit
1011 1528 1141 1609 deinde,

54 1621 115 1686 illud
137 1647 177 1687 cc
200 1625 296 1688 Putre
311 1625 456 1710 Filioque
478 1624 652 1690 formulam
672 1646 741 1688 esse
765 1624 899 1688 obviam
922 1624 1023 1689 falsae
1046 1627 1142 1691 inter-

53 1723 207 1801 pretationi
232 1721 446 1806 dogmaticae,
471 1731 657 1808 aptamque,
688 1731 725 1786 ut
747 1743 822 1786 eum
846 1721 984 1787 inducat
1006 1746 1142 1810 concep-

52 1831 114 1898 tum,
136 1818 268 1884 Patrem
292 1831 325 1883 et
348 1819 470 1884 Filium
494 1831 651 1907 tanquam
676 1819 740 1885 duo
764 1821 928 1906 principia
950 1824 1143 1906 generantia

51 1915 214 1997 producere
237 1917 396 2003 Spiritum
420 1917 589 1983 Sanctum.
626 1957 670 1966 --
702 1919 741 1982 ln
774 1917 929 2004 opusculo
952 1919 1046 1984 breui
1070 1930 1144 2006 post

50 2011 153 2101 odiam)
177 2015 266 2080 idem
290 2027 404 2080 auctor
427 2019 526 2081 etiam
549 2017 654 2082 fusius
682 2038 846 2103 exponere
870 2018 995 2099 nititur,
1020 2039 1061 2080 ex
1083 2017 1141 2082 Pa·

51 2122 119 2174 rrum
143 2113 362 2198 complurium
386 2124 419 2178 et
433 2114 572 2180 Concilii
586 2113 710 2180 CPlani
729 2115 890 2180 sententia
913 2114 1003 2179 haud
1026 2137 1143 2202 aequa·

51 2203 99 2270 lem
134 2232 204 2274 esse
241 2215 482 2297 processionem
507 2213 649 2300 Spiritus
672 2215 784 2278 Sancti
823 2237 843 2278 a
880 2213 965 2278 Filio
1003 2223 1101 2300 atque
1124 2237 1144 2278 a

50 2303 139 2371 Patre.
186 2307 376 2376 Discrimen
409 2311 537 2376 inducit
569 2313 655 2376 inter
686 2313 924 2397 processionem
959 2335 980 2375 c
1002 2313 1088 2377 Filio
1112 2322 1145 2376 et

47 2427 94 2485 per
114 2405 238 2471 lilium.
286 2407 443 2494 Explicat
465 2419 575 2475 autem
598 2409 772 2474 formulam
787 2410 921 2476 Petrum
937 2411 1144 2476 orientalium

47 2523 95 2584 per
112 2504 233 2568 dilium
256 2508 312 2588 ita,
336 2516 373 2570 ut
395 2508 622 2572 tantummodo
646 2508 756 2592 aliqua
773 2509 985 2594 participatio
1008 2508 1085 2573 Filii
1110 2509 1144 2573 in

51 2605 241 2680 processione
274 2603 415 2690 Spiritus
439 2607 551 2671 Sancti
582 2603 793 2690 significetur,
824 2608 859 2670 in
892 2627 930 2669 eo
954 2595 1152 2686 consistens‚'

50 2699 122 2781 qnod
154 2701 299 2787 Spiritus
331 2703 538 2788 procedendo
571 2727 612 2766 cx
635 2705 732 2768 Patre
765 2715 906 2767 nauseat
931 2729 993 2790 per
1015 2703 1144 2781 dilium,

12 2787 13 2870 J
50 2811 73 2856 et
92 2798 159 2863 aliu
172 2799 290 2882 Patris,
316 2801 385 2866 ulio
408 2802 484 2867 Filii
509 2803 551 2865 sit
573 2801 685 2866 relatio
714 2800 756 2865 ad
772 2801 931 2885 Spiritum
944 2800 1144 2886 Sanctum.⁴)

11 2923 14 2992 p
50 2891 230 2962 Docti-inam
270 2899 405 2984 quidem
447 2899 641 2964 catholicam
681 2899 721 2964 de
760 2899 966 2984 processione
1003 2897 1145 2985 Spiritus

12 3037 15 3150 p
48 2993 146 3058 Sancti
170 2997 277 3060 fusius
309 3019 472 3082 exponere
504 3007 537 3062 ct
568 2997 739 3061 vindicare
763 2995 825 3061 lroc
854 2996 924 3061 loco
948 3017 1012 3060 non
1038 3007 1144 3079 vacat,

12 3151 14 3180 p
49 3149 248 3162 -——-—

12 3201 14 3256 l
108 3231 127 3300 'l
144 3233 237 3291 reeor.
256 3229 474 3296 creaturum,
495 3231 534 3282 ro.
554 3229 612 3283 oc„
632 3227 709 3282 rsus.

108 3321 131 3389 ¹)
149 3319 252 3373 Feruor
274 3331 346 3370 musa
365 3327 425 3367 meu
452 3310 625 3378 rugestehen,
653 3310 714 3363 dass
741 3307 789 3361 das
808 3307 900 3362 Gonzil
919 3323 971 3361 von
990 3309 1144 3363 Constanti·

48 3401 118 3468 nopai,
147 3399 183 3454 dc
210 3415 239 3452 es
267 3395 402 3450 erlrlltrte:
436 3393 505 3458 „Der
526 3407 581 3442 eoru
606 3389 687 3444 Vater
708 3387 831 3458 ausgeht
850 3388 963 3442 dormit
982 3389 1040 3442 dean
1066 3391 1146 3444 Vcter

48 3479 94 3532 sad
115 3480 174 3532 den
199 3477 289 3533 ,satae
312 3472 436 3544 zugleich
453 3469 601 3540 augcbetet
625 3468 680 3522 und
698 3467 874 3524 verherrlicht
893 3467 985 3532 wird“‚
1001 3468 1145 3537 jedenfaus

47 3559 81 3612 «lie
97 3560 183 3614 Lehre
201 3573 255 3613 von
274 3556 334 3610 dem
344 3557 492 3623 Auegeuge
510 3550 556 3604 des
574 3549 609 3604 nl,
621 3548 728 3604 Galatea
747 3550 776 3602 in
794 3548 996 3618 pleicherWes'ee
1014 3550 1063 3602 scie
1088 3565 1145 3602 vom

55 3641 121 3692 l'oter
139 3657 169 3691 so
187 3637 258 3692 aucis
277 3653 335 3690 cons
354 3635 442 3690 Solem*
459 3632 535 3688 nicht
553 3631 663 3684 kannte.
706 3628 785 3682 Sonst
803 3627 880 3682 hittc
899 3643 927 3681 es
946 3627 1022 3681 nicht
1040 3626 1067 3682 in
1087 3628 1145 3682 dem

47 3729 124 3774 ersten
137 3719 219 3773 Satze
237 3717 289 3771 den
301 3713 389 3769 Vater
407 3711 496 3778 allein,
515 3712 543 3765 in
563 3711 620 3765 dem
640 3708 756 3764 zweiten
774 3708 839 3762 aber
857 3707 1003 3762 denVnter
1021 3709 1075 3762 und
1094 3709 1145 3762 den

47 3799 104 3852 ula
123 3801 254 3868 genennt.
291 3795 355 3850 L.c
382 3795 407 3848 S.
426 3795 487 3848 477.

108 3883 130 3950 Ι)
147 3881 199 3934 Die
227 3875 412 3931 triuitnriselre
438 3871 638 3928 Lehrdiliereuz
668 3869 800 3924 zwiachen
830 3869 877 3922 der
905 3867 1145 3922 abendlltndisolren

48 3959 90 4011 nnl
108 3960 155 4014 der
174 3955 440 4026 morgenlllndiselren
460 3953 566 4008 Kirche.
602 3952 679 4006 Bonn
698 3950 776 4004 1876.

108 4043 129 4108 ⁸)
149 4040 263 4092 Errores
271 4035 406 4105 Langenii
425 4034 535 4102 egregie
548 4031 681 4087 refutarit
695 4031 749 4083 Em.
766 4029 841 4084 eard.
856 4028 999 4082 Franzelin
1014 4027 1145 4096 inopere:

48 4117 154 4174 Enmen
183 4117 323 4172 doetrinae
350 4114 462 4170 Macarii
492 4113 643 4182 Bulgulrow
673 4108 798 4176 Episcopi
828 4109 908 4162 Russi
938 4108 1099 4162 schismatici
1118 4116 1147 4162 et

47 4197 143 4268 losephi
160 4199 277 4266 langen
287 4194 521 4266 Neoprotcstantis
533 4190 682 4248 Bonnensis
692 4191 725 4244 dc
742 4189 909 4258 processione
920 4188 1038 4256 Spiritus
1047 4187 1146 4242 Sancti.

48 4279 135 4336 lunae
155 4279 236 4334 1876.
257 4311 285 4320 -
307 4277 349 4332 Ibi
369 4292 436 4343 quae
453 4274 588 4330 innuimus
607 4269 756 4328 accuratius
775 4275 895 4324 tractata
912 4267 1041 4322 invenies.
