2924 4818
533 497 599 560 vra
617 497 734 562 Callisti.
1137 499 1189 562 tlt

99 646 162 732 pulo
183 647 316 713 dissidia
349 648 572 714 continuabat.
619 647 722 735 Cujus
754 648 910 739 (Callisti)
943 674 1058 718 sensus
1086 675 1188 740 quum

96 748 308 830 cognovimus,
342 747 558 811 refutavimus
590 757 623 812 et
654 748 819 812 adversati
862 771 984 833 sumus,
1017 773 1076 838 pro
1109 771 1187 814 vero

96 843 288 925 decertantes,
321 845 445 918 nedum
477 847 720 912 assentiremus.
768 846 834 927 Qui
866 849 976 912 furore
1009 850 1186 930 insaniens,

95 944 158 1026 quia
178 942 348 1007 simulatae
371 944 442 1030 ejus
474 946 588 1008 virtuti
613 966 736 1026 omnes,
770 948 917 1032 exceptis
940 947 1045 1028 nobis,
1070 946 1188 1011 adhae-

95 1039 199 1122 rebant,
230 1063 289 1105 nos
322 1038 456 1118 ἀθέοις
478 1041 680 1124 nominabat,
714 1064 871 1108 evomens
894 1044 1055 1108 violenter
1077 1045 1187 1110 condi-

94 1149 149 1201 tum
178 1141 262 1204 intus
295 1161 473 1204 venenum.
528 1140 638 1226 Hujus
670 1149 780 1204 autem
813 1144 917 1206 vitam
949 1163 1052 1228 quum
1085 1143 1186 1206 nostri

94 1255 213 1300 coaevus
248 1239 430 1320 exstiterit,
468 1240 630 1323 optimum
671 1238 805 1304 videtur
836 1262 1016 1326 exponere,
1049 1250 1086 1303 ut
1117 1241 1187 1326 ejus

95 1335 209 1400 risendi
239 1357 362 1420 genere
395 1339 536 1421 cognito,
571 1338 690 1400 mentis
713 1359 813 1400 sanae
837 1337 1028 1403 hominibus
1046 1339 1186 1424 jamjam

93 1445 244 1519 appareat,
283 1455 386 1520 quam
435 1433 566 1498 molitus
604 1435 647 1498 sit
691 1433 864 1501 haeresim.
919 1437 1088 1502 Praefecto
1126 1438 1186 1502 Ro-

94 1553 151 1595 rnae
170 1532 332 1597 Fusciano
366 1531 466 1596 fidem
499 1533 668 1597 coufessus
700 1543 757 1615 est,
781 1543 816 1596 at
838 1535 926 1599 istud
950 1534 1015 1598 fuit
1036 1535 1185 1619 martyrii

93 1631 205 1713 genus!

164 1729 191 1793 8.
215 1729 360 1812 ,Servus
383 1739 453 1792 erat
476 1727 631 1794 Callistus
663 1729 837 1815 cujusdam
866 1729 1071 1816 Carpophori
1096 1729 1187 1793 Chri·
1215 1749 1353 1790 carrarca.

94 1825 181 1906 atiani,
203 1829 367 1913 uniusque
391 1826 432 1891 de
465 1827 562 1891 domo
592 1825 752 1894 Caesaris.
798 1829 850 1892 llli
876 1827 1108 1915 Carpophorus
1142 1837 1188 1890 ut-

94 1933 152 2006 pote
161 1923 375 2008 Christianus,
400 1947 563 1990 summam
586 1929 748 2012 pecuniae
771 1926 862 1991 haud
885 1949 1024 2012 parvam
1047 1925 1188 1990 credidit

94 2023 270 2103 promittenti
304 2045 349 2088 ex
372 2025 536 2088 mensoris
559 2025 782 2110 negotiatione
815 2025 863 2089 illi
886 2025 1015 2089 lucrum
1039 2023 1186 2088 reddere.

94 2116 250 2206 deceptam
273 2144 425 2186 mensam
449 2121 604 2186 Callistus
637 2125 671 2186 in
695 2145 733 2187 eo
766 2123 837 2187 loco
861 2124 985 2208 posuit,
1011 2144 1110 2208 quem
1134 2143 1186 2186 vo·

94 2226 154 2278 taut
174 2217 329 2284 Piscinam
347 2220 532 2307 publicam
563 2220 654 2306 lapso
678 2219 789 2306 aliquo
819 2231 966 2306 ternpore
989 2243 1111 2306 magna
1133 2243 1186 2306 pe-

95 2317 173 2378 cunia
194 2317 344 2404 deposita
367 2317 415 2382 illi
448 2318 573 2382 credite
596 2328 687 2383 esta
716 2318 827 2382 viduis
850 2328 883 2381 et
905 2318 1062 2383 fratribus
1084 2318 1186 2383 fideli·

96 2407 142 2474 bus
160 2417 279 2480 ratione
304 2414 421 2480 habita
444 2417 548 2502 ipsius
564 2415 767 2502 Carpophori
792 2414 1009 2504 (προσχήματι
1024 2419 1082 2480 τοῦ
1097 2421 1185 2501 Καρ-

95 2509 241 2596 topdpov).
287 2513 352 2578 Ille
375 2525 485 2579 autem
508 2524 683 2602 postquam
706 2514 897 2602 profligavit
920 2515 1040 2596 omnia,
1065 2515 1108 2578 ad
1131 2537 1186 2580 an-

94 2610 195 2688 gustias
215 2611 369 2676 detrusus
392 2635 457 2698 quo
480 2635 515 2677 se
530 2622 671 2678 verteret
691 2612 860 2676 nesciebat
882 2609 1033 2700 (ἠπόρει).
1074 2612 1185 2693 Quum

95 2723 155 2768 vero
175 2707 252 2774 haec
284 2721 417 2796 ageret,
447 2733 514 2776 non
547 2711 653 2775 defuit
685 2713 742 2797 qui
767 2710 979 2797 Carpophoro
1007 2712 1185 2791 nuntiaret,

95 2799 136 2866 illc
154 2815 256 2873 autem
279 2808 326 2873 ab
350 2831 388 2872 eo
403 2811 563 2873 rationem
578 2831 612 2873 se
627 2819 821 2872 exacturum
837 2809 932 2873 dixit.
962 2807 1060 2888 Quod
1083 2831 1184 2894 quum

95 2898 223 2969 Callistus
246 2906 472 2990 intellexisset,
496 2909 668 2993 suspicans
700 2907 763 2971 sibi
787 2905 912 2992 grande
935 2905 1118 2993 periculum
1142 2907 1185 2971 ab

95 2994 156 3064 hero
183 3002 258 3086 fore,
291 3005 408 3090 fugam
431 3004 475 3069 ad
508 3027 597 3069 mare
628 3005 762 3070 molitus
790 3013 856 3087 est3
890 3025 992 3090 quum
1015 3007 1183 3069 antemio

95 3093 175 3164 Portu
194 3102 338 3168 Ostiensi
372 3104 486 3167 navim
519 3104 703 3168 invenisset
719 3103 859 3188 jamjam
883 3101 1086 3186 solvendam,
1111 3124 1185 3167 con·

95 3197 199 3262 stendit
220 3223 304 3282 earn,
339 3223 548 3287 quocumque
581 3199 656 3266 vela
688 3202 784 3265 navis
806 3201 930 3264 faceret
957 3203 1027 3287 ipse
1051 3202 1185 3286 naviga·

94 3301 176 3360 turus.
218 3299 282 3364 Sed
308 3321 349 3364 ne
373 3301 420 3364 sic
444 3299 580 3385 quidem
602 3298 703 3365 latere
727 3301 852 3385 potuit:
876 3320 942 3363 non
967 3299 1073 3363 defuit
1095 3300 1184 3363 enim

94 3391 137 3474 qui
166 3393 372 3484 Carpophoro
405 3407 514 3461 actam
546 3419 616 3461 rem
649 3397 868 3464 denuntiaret.
928 3397 987 3462 llle
1020 3396 1184 3484 profectus

94 3486 127 3550 td
147 3495 337 3560 maritimum
370 3495 478 3578 littus,
507 3496 690 3559 secundum
723 3518 763 3559 ea
790 3517 875 3581 quae
899 3497 961 3581 ipsi
986 3494 1095 3560 delata
1117 3495 1184 3560 fue·

94 3597 160 3668 rant,
181 3596 290 3658 statuit
322 3596 392 3679 ipse
425 3593 576 3658 eamdem
608 3595 724 3658 navim
757 3594 987 3676 conscendere,
1021 3616 1106 3680 quae
1129 3593 1184 3658 ad-

95 3677 145 3746 huc
164 3690 264 3755 stabat
287 3694 322 3756 in
346 3691 456 3756 medio
479 3701 586 3777 portu.
634 3691 746 3772 Quum
775 3679 885 3756 cirtem
909 3691 1096 3756 nauarchus
1119 3713 1184 3756 mo·

95 3799 150 3847 rem
169 3787 314 3872 traheret,
340 3788 495 3854 Callistus
519 3789 560 3854 de
577 3811 663 3854 nave
677 3789 794 3854 herum
818 3791 947 3855 eminus
970 3791 1182 3876 prospiciens,

95 3882 276 3973 sentiensque
299 3911 333 3952 se
352 3887 492 3974 jamjam
517 3887 791 3974 comprehensum
814 3889 864 3971 iri,
890 3887 1071 3952 servandae
1095 3887 1183 3951 vitae

97 3973 122 4040 lt
140 4001 278 4068 supremo
302 3985 357 4051 illo
383 3986 574 4051 discrimine
603 4009 721 4073 parum
745 3988 902 4069 curiosae,
928 3985 1049 4071 dejecit
1071 3995 1183 4049 semet-

96 4071 236 4156 ill³¹1111in
249 4105 350 4150 mare.
396 4083 443 4149 Ar
465 4093 585 4150 nautae
609 4087 644 4151 in
668 4085 807 4172 scaphas
831 4084 1018 4150 desilientes
1041 4085 1183 4148 invitum

96 4165 170 4240 llum
189 4191 359 4264 retraxere,
385 4181 464 4247 dum
489 4185 511 4246 ii
536 4184 593 4269 qui
617 4185 653 4249 in
673 4182 783 4248 littore
806 4182 939 4248 stabant
961 4204 1098 4268 magnos
1121 4181 1184 4248 cla·

97 4285 182 4340 mores
201 4279 347 4363 odorent;
379 4283 449 4367 ipse
472 4280 550 4345 hero
580 4303 638 4346 suo
661 4281 802 4345 traditus
832 4291 889 4362 est,
913 4303 933 4344 a
957 4301 1022 4367 quo
1046 4279 1184 4344 Romam

1027 4385 1077 4439 12·
