2924 4818
264 529 315 581 1⁸8
502 528 542 582 De
561 527 636 584 Bon.
656 527 735 582 Pont
754 528 854 582 saeculi
874 527 953 596 primi
974 537 1002 582 et
1021 529 1137 583 secundi

263 682 395 756 propter
417 669 483 734 alia
506 672 631 734 motiva
655 681 761 756 potest
788 670 931 755 probari.
976 671 1157 736 Prudentia
1181 675 1215 736 in
1239 673 1389 756 agendis

264 768 352 832 haud
386 791 456 832 seso
489 767 588 832 habet
621 770 668 832 uti
694 769 816 832 veritas
840 769 874 833 in
904 769 1001 832 rebus
1025 768 1247 853 speculativis,
1273 773 1323 834 ita
1351 786 1388 832 ut

263 869 298 930 in
322 865 518 929 indivisibili
533 868 640 950 posita
660 868 715 944 sit3
737 888 843 952 neque
859 866 1026 931 dissensus
1042 869 1126 930 inter
1140 866 1250 952 plures
1274 881 1387 930 osten-

264 962 322 1043 dit,
347 963 484 1028 aliorum
510 963 644 1028 modum
668 964 788 1048 agendi
804 964 1010 1049 prudentem,
1027 964 1166 1030 aliorum
1190 965 1386 1050 impruden-

264 1073 329 1124 tem
362 1083 433 1126 esse
465 1060 666 1126 habendum.
722 1062 772 1126 Ite
806 1061 984 1148 aliquando
1018 1063 1050 1128 S.
1084 1061 1206 1127 Paulus
1238 1065 1386 1128 censuit.

263 1161 428 1226 loannem
461 1161 630 1240 Marcum,
663 1160 752 1245 quod
776 1159 817 1223 ab
851 1162 921 1245 ipso
955 1161 1053 1224 citius
1086 1161 1306 1242 discessisset,
1335 1183 1387 1224 co-

264 1260 377 1320 mitem
401 1257 443 1321 ad
468 1277 591 1320 novum
616 1258 678 1320 iter
697 1255 923 1342 Apostolicum
943 1258 1178 1322 assumendum
1202 1280 1269 1323 non
1294 1279 1386 1337 esse3

264 1357 296 1420 S.
315 1355 486 1420 Barnabas
503 1355 685 1419 contrariae
700 1357 881 1420 sententiae
903 1354 1045 1420 inhaesit
1058 1355 1140 1420 elias
1163 1356 1205 1420 ob
1220 1358 1386 1433 rationes,

264 1465 362 1538 atquc
386 1454 491 1516 amico
516 1455 601 1516 inter
624 1473 658 1515 se
686 1474 754 1516 rem
779 1455 825 1516 its
848 1465 1116 1538 composuerunt,
1141 1463 1177 1517 ut
1199 1453 1232 1518 S.
1255 1452 1387 1517 Paulus

265 1573 340 1614 cum
365 1550 442 1630 Sila,
467 1551 500 1614 S.
524 1549 694 1614 Barnabas
719 1572 792 1612 cum
818 1551 948 1615 Joanne
972 1552 1084 1614 Marco
1108 1551 1385 1636 proficisceretur.

266 1649 335 1712 lino
360 1651 393 1711 in
418 1648 516 1711 rebus
539 1650 693 1733 practicis
726 1651 827 1712 etiam
849 1648 1045 1734 prudentiae
1069 1671 1139 1714 csse
1167 1659 1273 1734 potest
1310 1671 1385 1712 con-

265 1745 337 1810 silia
371 1756 516 1825 mutare,
551 1747 576 1809 si
611 1767 698 1810 nova
732 1756 897 1812 momenta
931 1757 1031 1832 atquo
1064 1749 1189 1811 motiva
1221 1769 1281 1831 pro
1318 1769 1385 1810 una

265 1847 373 1932 potius
397 1865 496 1930 quam
520 1866 579 1928 pr)
605 1843 708 1908 altere
731 1855 823 1928 parte
846 1846 1100 1930 perspiciuntur.
1132 1845 1278 1908 Maxime
1305 1865 1385 1906 vero

265 1946 291 2008 si
316 1945 426 2026 agitur
449 1941 489 2004 dc
513 1943 720 2026 quaestione,
755 1951 866 2006 utrum
891 1945 924 2006 in
948 1942 1058 2028 aliqua
1083 1963 1183 2006 causa
1206 1943 1385 2006 severitate

265 2065 306 2105 an
332 2039 556 2104 moderatione
579 2041 716 2124 patienti
738 2041 898 2105 utendum
924 2043 975 2122 sit,
1000 2043 1125 2104 motiva
1149 2042 1183 2104 in
1207 2051 1384 2124 utramque

265 2237 369 2298 tilices
384 2238 439 2320 qui
465 2234 651 2311 laudantur,
676 2235 764 2321 quod
779 2257 899 2319 magno
920 2259 995 2308 cum
1020 2237 1133 2320 vigore
1156 2257 1208 2299 res
1231 2233 1382 2298 ecclcsia-

266 2334 364 2396 sticas
389 2333 625 2418 disposuerint,
651 2335 696 2396 ita
726 2333 799 2397 aliis
827 2334 978 2397 similiter
1005 2334 1076 2397 laus
1099 2333 1269 2412 tribuitur,
1295 2331 1381 2419 quod

266 2431 420 2515 prudenti
453 2431 613 2515 patientia
643 2440 675 2494 et
705 2431 946 2510 moderatione,
976 2453 1060 2516 quae
1091 2431 1260 2516 implicata
1291 2441 1382 2494 erant

267 2527 478 2592 dissolverint
501 2539 533 2591 et
557 2528 599 2591 ad
624 2529 748 2593 bonum
772 2529 871 2594 linem
896 2529 1106 2595 adduxerint.

358 2627 408 2690 79.
434 2625 487 2688 Ex
510 2627 550 2688 iis
574 2648 658 2710 quae
683 2629 891 2690 narravimus
918 2650 977 2712 per
1000 2651 1034 2692 se
1057 2627 1231 2711 colligitur,
1256 2623 1381 2688 Victori

268 2725 410 2788 rationes
434 2725 535 2788 fuisse
558 2725 787 2806 gravissimas,
812 2735 847 2788 ut
876 2725 1185 2804 Quartodecimanis
1208 2723 1381 2798 resisteret,
1449 2757 1450 2802 3

268 2833 300 2885 et
333 2821 482 2885 adhibita
516 2841 645 2906 quoque
680 2824 854 2886 severitate
882 2845 938 2888 eos
965 2824 1154 2900 adduceret,
1180 2831 1216 2886 ut
1240 2841 1381 2884 commu·
1449 2817 1450 2879 i

269 2942 343 2983 nem
369 2918 504 2982 modum
530 2917 717 2983 celebrandi
742 2920 914 2985 Paschatis
939 2923 1152 3007 susciperent.
1185 2919 1264 3005 Ipsa
1287 2937 1380 3004 quae-

269 3019 330 3079 stio
353 3015 543 3100 disciplinae
568 3018 602 3079 in
627 3017 822 3082 celebrando
846 3020 1008 3083 Paschate
1027 3021 1097 3105 jam
1121 3040 1181 3104 per
1203 3038 1238 3080 se
1260 3015 1381 3099 gravis·

270 3117 351 3177 sima
377 3124 454 3178 erat.
498 3113 584 3178 Nam
609 3126 695 3180 totus
720 3116 832 3200 cyclus
846 3117 1001 3180 festorum
1028 3127 1059 3180 et
1078 3117 1281 3202 jejuniorum
1305 3112 1379 3177 anni
1448 3185 1449 3188 Ἴ

269 3220 481 3284 ecclesiastici
516 3219 557 3283 de
589 3216 671 3279 festo
704 3214 876 3278 Paschatis
900 3214 1073 3299 dependet,
1106 3213 1255 3298 adeoque
1278 3210 1380 3274 diver·

270 3320 348 3382 sitas
388 3315 764 3398 Quartodecimanorum
797 3312 1075 3397 perturbationem
1117 3332 1183 3375 non
1219 3308 1379 3373 modicam
1448 3283 1449 3367 l

271 3417 304 3479 in
316 3416 466 3479 Ecclesia
489 3412 703 3501 producebat.
751 3410 906 3474 Vidimus
921 3408 1009 3488 dein,
1035 3411 1134 3473 ctiam
1158 3407 1379 3494 quaestionem

271 3513 312 3576 de
336 3513 441 3577 indole
466 3525 495 3576 et
525 3513 700 3575 charactere
728 3508 900 3572 Paschatis
930 3507 1100 3572 christiani
1125 3507 1241 3570 intime
1263 3523 1379 3568 nexam

271 3613 372 3675 fuisso
396 3611 579 3696 quaestioni
603 3609 641 3672 de
665 3607 727 3684 die,
753 3629 818 3692 qua
837 3606 999 3670 festivitas
1014 3605 1070 3670 ille
1093 3601 1283 3689 peragenda
1305 3609 1379 3665 erat.

271 3710 443 3774 Praeterea
475 3729 553 3771 vero
586 3715 719 3792 propter
751 3704 864 3768 turbas
897 3725 978 3788 quas
1011 3705 1239 3766 excitaverant
1261 3699 1379 3765 Monta·

272 3808 387 3888 nistae,
407 3805 627 3890 judaizantes,
652 3813 685 3867 et
711 3803 836 3866 Romae
866 3801 997 3865 Blastus
1026 3799 1245 3885 presbyten),
1269 3798 1379 3862 merito

267 3903 435 3990 judicavit
467 3903 590 3982 Victor,
618 3899 830 3987 periculosum
863 3919 933 3962 esse
966 3900 1029 3961 ista
1060 3906 1167 3986 aetate
1198 3896 1328 3982 illisque
1350 3895 1378 3956 in

273 4066 483 4075 ——..-——-

348 4146 368 4210 ι)
386 4141 651 4206 victumularum
669 4138 845 4202 ananum,
856 4097 1050 4206 obligationem
1068 4137 1138 4206 regn
1149 4136 1283 4190 uenias
1301 4131 1377 4201 quau

272 4222 376 4276 Pascha
394 4220 580 4276 celebrandum
598 4237 674 4274 suam
693 4219 748 4272 vim
767 4218 853 4272 adhuc
872 4217 976 4282 habers
990 4225 1099 4273 etcum
1116 4215 1286 4272 ludaismum
1305 4215 1378 4270 intro

273 4302 368 4356 ducere
392 4299 514 4354 voluisse.
552 4299 778 4354 Montsnistarum
804 4311 867 4352 vero
892 4297 1039 4353 tendentiis
1063 4297 1147 4367 ipsius
1174 4295 1310 4350 doctrinas
1327 4307 1377 4348 oon·
