2836 4804
223 419 277 474 324
629 421 669 478 De
688 421 774 476 tribus
793 419 934 490 Capitulis.

225 563 292 626 suis
315 562 517 648 temporibus
539 563 724 630 Ecclesiam
755 564 1015 650 conturbassent,
1047 587 1107 654 per
1136 577 1247 632 secuta
1269 589 1333 634 sae·

225 659 299 723 cula
322 657 563 747 frequentatam
587 664 719 728 scimus.
765 663 873 746 Hanc,
898 665 946 728 uti
957 663 990 729 S.
1011 663 1209 730 Hormisdae
1231 689 1332 752 papae

224 767 402 845 sanctoque
426 758 575 846 Agapeto
599 783 639 826 ac
661 761 796 826 Nicolao
830 761 846 825 I
877 783 990 826 omnes
1014 763 1159 850 episcopi
1182 763 1332 847 fecerant,

224 857 270 920 ita
301 855 419 920 iisdem
449 856 558 922 verbis
590 857 760 924 Hadriano
787 859 822 923 Π
844 882 961 947 papae,
985 859 1113 926 Nicolai
1145 865 1329 945 successori,

223 954 345 1019 factam
368 955 405 1018 in
429 953 576 1020 Concilio
601 955 686 1022 VIII
710 959 921 1022 oecumenico
945 957 1097 1043 legimus.
1144 958 1238 1024 Haec
1260 981 1333 1046 ergo

223 1051 347 1139 ubique
378 1051 507 1136 diffusa,
541 1053 694 1120 omnibus
727 1055 866 1118 saeculis
898 1066 1095 1142 propagata,
1125 1056 1167 1122 ab
1192 1079 1333 1122 oecume-

224 1151 298 1215 nico
323 1149 461 1214 concilio
486 1160 685 1233 consecrata,
711 1155 784 1239 quis
807 1161 942 1240 respuat
965 1151 1259 1244 Christianus?“¹)

315 1247 365 1313 16.
391 1245 463 1312 Hoc
488 1247 565 1313 fidei
597 1248 706 1314 libello
730 1251 899 1336 egregium
929 1252 1116 1315 continetur
1138 1261 1171 1316 et
1193 1275 1332 1340 peremp-

224 1349 343 1411 torium
367 1347 590 1410 testimonium
614 1347 820 1433 antiquitatis
852 1369 910 1432 pro
934 1347 1170 1434 infallibilitate
1195 1351 1235 1414 R.
1259 1351 1333 1414 Pon·

226 1444 335 1530 tiliois,
359 1445 406 1507 uti
432 1444 651 1509 consideranti
684 1444 858 1510 formulam
889 1468 948 1531 per
971 1467 1005 1509 se
1027 1455 1127 1532 patet.
1176 1445 1333 1527 Quemad-

225 1541 359 1606 modum
392 1541 575 1605 aftirmatur
598 1543 741 1630 foetum,
775 1545 809 1608 iu
838 1541 922 1609 Sede
956 1542 1147 1629 Apostolica
1186 1543 1334 1608 videlicet

225 1661 354 1726 semper
376 1638 476 1703 fidem
500 1649 663 1704 servatam
687 1663 757 1704 esse
781 1641 1036 1722 immaculatam,
1062 1641 1108 1705 ita
1132 1643 1233 1706 etiam
1257 1664 1333 1706 asse·

224 1738 307 1802 ritus
321 1735 419 1823 hujus
442 1737 520 1801 facti
545 1740 627 1802 ratio
652 1761 709 1802 seu
725 1741 792 1828 jrcs,
810 1739 909 1802 situm
929 1733 962 1802 in
986 1739 1204 1824 promissione
1218 1737 1334 1804 Christi

225 1835 361 1898 Domini
385 1857 469 1922 quae
488 1837 702 1922 praetermitti
734 1836 788 1900 vel
810 1837 902 1900 irrita
930 1835 1000 1900 fieri
1024 1839 1148 1923 nequit.
1197 1837 1246 1902 Εο
1269 1839 1332 1922 ipso

225 1932 400 2016 indicatur,
425 1931 457 1998 S.
483 1931 602 1998 Sedem
627 1935 661 1998 in
685 1933 751 1998 fide
775 1956 883 1998 errare
906 1957 973 1998 nou
995 1957 1100 2020 posse.
1134 1973 1179 1982 —-
1213 1935 1331 2002 Summi

225 2032 382 2094 momenti
406 2033 505 2095 etiam
529 2041 606 2096 sunt
629 2031 684 2096 illa
707 2032 829 2098 verba:
871 2033 970 2112 Unde,
999 2034 1078 2096 sinit
1103 2034 1331 2120 praedicimus,

225 2141 383 2216 sepientes
404 2131 440 2193 ia
454 2131 594 2194 omnibus
608 2129 823 2218 Apostolicam
837 2127 957 2209 sedem,
978 2141 1009 2194 et
1024 2129 1254 2216 praedicantes
1274 2133 1333 2219 ejus

226 2229 330 2290 omnio
353 2230 539 2308 wastitiam
562 2250 647 2314 quae
670 2225 773 2291 verba
797 2229 832 2290 in
848 2227 1000 2294 omnibus
1024 2227 1270 2316 exemplaribus
1290 2229 1331 2290 in·

225 2326 413 2390 veniuntur.
459 2326 561 2390 Hisce
586 2328 674 2392 enim
693 2327 839 2412 episcopi
854 2349 950 2390 suum
974 2325 1120 2390 officium
1145 2333 1329 2410 agnoscunt,

224 2423 318 2487 utin
342 2420 494 2488 omnibus
518 2435 697 2512 sequantur
719 2423 838 2490 Sedem
862 2422 1086 2509 Apostolicam
1118 2423 1257 2511 ejusque
1278 2433 1330 2486 sta-

224 2529 296 2583 tuta
328 2519 529 2606 praedicent.
577 2522 688 2602 Quum
720 2543 797 2586 vero
838 2523 873 2584 in
909 2531 975 2585 toto
1005 2531 1162 2585 contextu
1197 2521 1329 2586 maxime

225 2627 390 2703 spectetur
412 2620 539 2704 puritas
568 2629 600 2683 et
632 2618 781 2684 custodia
804 2619 899 2700 fidei,
929 2641 965 2682 eo
991 2620 1060 2704 ipso
1083 2619 1257 2684 Pontifieis
1278 2617 1329 2682 Ro-

225 2719 315 2782 mani
339 2719 563 2802 magisterium
587 2739 777 2804 supremum
801 2727 833 2780 ct
861 2715 1033 2782 infallibile
1056 2717 1205 2804 episcopi
1228 2737 1329 2802 agnos-

225 2823 318 2897 cunt,
343 2815 438 2902 cujus
460 2813 538 2879 fidei
562 2815 702 2880 decretis
725 2814 919 2902 obsequium
943 2824 1109 2901 praestare
1131 2823 1290 2880 tenentur.

315 2913 366 2978 ll.
392 2913 527 2978 Frustra
542 2911 723 2978 adversarii
745 2909 989 2976 infallibilitatis
1007 2911 1198 2999 pontificiae
1222 2911 1330 2977 nostris

225 3033 354 3099 quoque
379 3011 496 3075 dicbus
520 3033 651 3076 omnem
673 3009 817 3097 lapidem
848 3020 1033 3094 moverunt,
1064 3020 1101 3074 ut
1132 3011 1203 3074 vim
1227 3009 1329 3074 infrin-

224 3118 339 3193 gerent
361 3109 563 3194 argumenti,
597 3108 685 3196 quod
719 3131 760 3171 ex
783 3105 839 3172 illa
871 3106 1011 3172 formula
1044 3118 1136 3172 tanta
1170 3105 1329 3172 evidentia

225 3207 382 3272 dimanat.
420 3246 462 3254 —
501 3205 683 3293 Objiciunt,
715 3215 842 3270 textum
875 3206 1005 3270 varium
1040 3227 1110 3269 esse
1138 3206 1175 3270 in
1200 3203 1330 3270 diversis

224 3303 477 3391 exemplaribus.
517 3343 558 3352 —
591 3305 827 3369 Verumtamen
858 3304 970 3367 variae
994 3302 1068 3367 illae
1090 3303 1247 3370 lectiones
1269 3323 1327 3365 non

224 3403 405 3490 respiciunt
434 3403 651 3467 substantiam
675 3404 733 3484 rei,
767 3401 826 3466 sed
848 3399 1012 3490 quaedam
1041 3400 1268 3465 accidentalia.
1290 3435 1326 3446 -

226 3501 353 3588 Agitur,
379 3503 541 3587 inquiunt,
573 3501 614 3564 de
643 3502 803 3586 primatu,
834 3521 900 3564 non
923 3521 1002 3562 vcro
1027 3498 1067 3563 de
1091 3497 1325 3564 infallibilitate.

224 3639 267 3648 -
291 3599 549 3684 Respondemus,
573 3601 627 3683 agi
652 3595 787 3684 quidem
802 3596 843 3662 de
866 3599 1019 3685 primatu,
1044 3597 1102 3662 scd
1126 3599 1267 3660 maxime
1291 3593 1325 3656 de

224 3699 368 3785 primatu
391 3698 569 3782 magisterii
594 3696 682 3776 fidei,
706 3705 737 3759 et
753 3695 932 3782 magisterii
947 3695 1045 3782 hujus
1068 3694 1325 3760 infallibilitatem

223 3796 407 3862 luculenter
429 3795 625 3880 praedicari.
650 3833 693 3840 —
717 3793 899 3880 Spectatur,
931 3793 1087 3874 subdunt,
1111 3803 1237 3858 tantum
1261 3790 1324 3854 doc·
1396 3855 1397 3866 ,

224 3897 310 3959 trina
333 3893 574 3958 Incamationis
597 3893 631 3956 in
657 3891 813 3956 Consiliis
838 3890 982 3956 delinita.
1011 3929 1054 3938 -
1078 3889 1322 3976 Respondemus,
1396 3887 1397 3941 l

223 3991 487 4081 perturbationes
521 3989 653 4076 quidem
688 3988 796 4075 quoad
828 3988 915 4052 hanc
939 3988 1122 4053 doctrinam
1146 3997 1231 4053 ortas
1252 4005 1322 4053 csse,

225 4143 282 4150 -ι
286 4140 433 4148 -ὺ--ι-

299 4204 318 4276 ι)
336 4203 397 4260 nef.
415 4203 486 4258 neu.
507 4203 576 4256 orer.
596 4201 664 4255 oui.
683 4199 714 4254 1..
733 4200 758 4254 x
778 4201 822 4272 (si.
842 4199 903 4272 xv)
922 4218 943 4256 e.
964 4201 989 4254 7.
