2924 4818
471 449 652 538 Chronplogia
670 457 824 508 eventuum,
1171 463 1206 516 97

184 599 232 665 87.
256 598 301 664 Ut
333 619 412 662 vero
443 598 630 662 accuratius
662 594 874 682 chronologia
897 609 1079 666 eventuum
1102 603 1206 670 deter-
1230 630 1321 673 visun
1335 631 1357 672 s.

106 701 242 780 minetur,
265 707 396 782 tempus
419 694 589 780 figendum
622 703 671 758 est
702 693 843 780 alicujus
866 695 956 778 facti,
981 698 1070 784 quod
1093 703 1135 766 sit
1157 704 1204 768 iu·
1260 692 1327 734 Μή

104 807 163 860 star
190 795 329 859 cardinis
362 795 457 858 latim
489 792 714 878 allrooolopioe.
768 791 982 878 seligendum
1014 807 1125 864 autem
1158 810 1207 865 est

103 892 224 979 aliquod
245 891 381 973 factum,
406 891 500 976 cujus
523 911 683 976 personae
712 899 847 974 agentes
870 900 903 956 et
924 891 1083 978 adjuncta
1106 899 1205 962 etism

102 990 141 1054 ab
161 989 229 1054 aliis
250 988 416 1053 historicis
439 997 746 1053 commemorantur.
792 987 965 1073 Ejusmodi
989 1011 1085 1078 porro
1110 1015 1205 1060 even·

102 1104 158 1170 tus,
179 1097 252 1152 sunt
272 1087 401 1152 uiomsla
415 1085 448 1150 S.
464 1086 561 1150 Pauli
581 1085 810 1172 Hierosolymis
831 1088 881 1150 uti
895 1087 970 1153 Aet.
994 1090 1047 1170 21,
1067 1091 1109 1156 27
1134 1115 1206 1156 nar-

101 1197 213 1268 rantur,
236 1207 275 1250 ac
299 1195 519 1272 tempusque
543 1183 721 1270 Apostolus
749 1185 784 1248 in
808 1184 943 1249 vincula
967 1188 1135 1274 conjectus
1158 1199 1207 1254 est

99 1295 242 1348 accurate
251 1283 593 1368 determinaripotest.
617 1281 743 1346 Incidit
766 1279 893 1346 scilicet
915 1285 1205 1371 infestum-Pente-

99 1394 189 1446 εοεαε
209 1384 287 1446 unsa
311 1405 405 1445 omae
428 1381 509 1468 walp.
534 1383 587 1444 53.
617 1417 660 1426 -
686 1378 943 1464 Comprehensio
967 1381 1000 1448 S.
1024 1384 1120 1450 Pauli
1143 1409 1206 1450 rma

99 1490 197 1564 potest
218 1481 316 1544 statui
351 1489 425 1544 outa
455 1477 545 1542 huno
574 1499 709 1542 annum.
761 1477 895 1542 Etenim
926 1481 1059 1566 quando
1090 1483 1205 1550 eadem

97 1577 390 1660 acciditDs-usillu,
405 1576 576 1662 Agrippae
600 1575 733 1660 majoris
756 1574 834 1668 filia,
859 1577 995 1643 minoris
1018 1601 1117 1662 soror,
1134 1587 1207 1671 jam

98 1701 173 1740 uror
194 1688 262 1742 erm
284 1676 401 1740 Felicia
429 1673 650 1760 procuratoris
673 1672 865 1760 Judaeum)
911 1675 977 1741 Sed
1007 1699 1080 1742 eam
1110 1678 1207 1744 drrxit

98 1774 186 1838 Felix
208 1776 341 1840 nonnisi
364 1783 438 1860 post
462 1771 661 1856 completum
684 1793 810 1836 aunum
833 1772 903 1836 XII
927 1771 1069 1857 Claudii,
1094 1799 1207 1844 secuu-

96 1873 171 1936 dum
192 1873 473 1960 computationem
505 1868 653 1956 Josephi,
685 1870 706 1934 i.
739 1891 766 1934 e.
790 1879 864 1956 post
887 1880 1103 1942 auctumnum
1127 1878 1205 1942 anni

94 1971 133 2034 ir.)
155 1993 250 2036 aerae
274 1970 376 2056 vulg„
400 1967 679 2054 quemadmodum
703 1989 745 2032 ex
768 1966 906 2054 Josephi
930 1973 1118 2036 narratione
1139 1973 1206 2039 An·

95 2071 196 2155 liquit
210 2071 249 2136 L.
265 2069 345 2134 XX.
369 2091 397 2132 e.
414 2067 490 2132 VH.
514 2088 570 2131 nn.
596 2068 625 2146 1,
645 2067 665 2129 2
689 2067 863 2153 perspicue
887 2067 1093 2156 colligitur2).
1117 2071 1206 2138 Hinc

95 2177 176 2232 terte
199 2191 268 2232 non
290 2167 382 2252 prius
406 2187 506 2252 quam
529 2187 559 2230 a.
583 2164 627 2228 53
650 2163 773 2254 Paulus
806 2166 841 2229 in
874 2166 1008 2232 vincula
1038 2169 1207 2256 conjectus

94 2277 147 2332 est
192 2265 260 2332 Sed
284 2265 385 2328 eliam
406 2286 471 2328 uon
497 2264 659 2350 posterius
688 2262 723 2327 id
753 2263 878 2328 factum
902 2273 966 2348 est;
990 2289 1048 2332 seu
1071 2268 1207 2334 vinclula

93 2363 182 2430 Pauli
216 2385 284 2428 non
316 2371 454 2448 possunt
484 2361 599 2425 referri
632 2359 729 2426 ada.
762 2361 815 2425 54.
839 2360 974 2427 Etenim
998 2374 1124 2430 certum
1148 2377 1205 2450 est,

95 2462 229 2526 Paulum
265 2461 367 2526 luisse
404 2458 687 2546 comprehensum,
725 2481 818 2546 qaum
840 2459 988 2526 Asuuius
1017 2464 1207 2550 poatsfloutu

87 2561 315 2646 sculperetur&
362 2557 428 2624 Sed
450 2556 507 2622 hio
530 2557 665 2646 quidem
694 2556 924 2644 pontificatum
950 2559 1061 2625 adhue
1084 2561 1207 2628 habero

94 2660 196 2744 potuit
220 2681 250 2723 a.
275 2659 337 2742 535
361 2667 396 2720 at
423 2665 571 2743 tempore
593 2656 803 2720 Pentecostes
835 2678 865 2722 a.
889 2657 933 2722 54
951 2658 1024 2742 jam
1046 2661 1117 2746 ipse
1140 2683 1206 2728 non

93 2769 158 2822 erat
165 2755 335 2840 Pontifex,
347 2755 404 2820 sed
411 2776 581 2820 successor
591 2753 660 2839 ejus
677 2752 871 2841 (secundus)
880 2754 1011 2824 Ismael.
1033 2757 1206 2844 Idperspi-

92 2879 148 2920 oue
172 2854 342 2939 colligitur
374 2876 416 2918 ex
438 2850 584 2938 Josopho
617 2853 673 2937 qui
707 2861 828 2934 namet,
861 2853 923 2921 sub
948 2852 1087 2919 Claudio
1120 2856 1205 2942 Imp.

141 2959 407 3050 {fast-aliquot
425 2981 516 3030 autem
534 2975 591 3030 dies
615 2975 726 3030 veniens
744 2976 822 3032 Felix
839 2992 899 3032 cnm
917 2977 1038 3036 Drusilla
1056 2993 1138 3035 uxore
1156 2995 1206 3034 sua

91 3075 154 3126 onae
171 3065 236 3114 erat
252 3058 370 3122 Judaea,
389 3056 498 3112 vocarit
514 3056 629 3110 Paulum
652 3061 680 3110 et
698 3055 805 3112 audivit
832 3057 866 3111 ab
885 3073 916 3145 ep
934 3057 1013 3112 fidem
1030 3073 1099 3126 quae
1117 3065 1159 3114 est
1177 3059 1205 3116 iu

91 3139 362 3198 animamarum
381 3139 441 3192 Act.
460 3139 503 3202 24,
522 3139 564 3189 24.

158 3223 181 3290 ¹)
201 3218 303 3273 Scribit
312 3217 460 3287 Josephus:
478 3215 622 3284 „Claudius
632 3215 728 3270 deinde
740 3215 814 3270 misit
826 3217 1205 3288 FelicemPallantisfrutrem,

91 3309 118 3356 ut
129 3301 250 3357 rabusin
261 3299 524 3368 Judaeapraoesset;
543 3303 625 3364 atque
644 3296 749 3364 imperii
768 3298 1059 3352 suicmwdaodeoimo
1067 3303 1203 3369 consputo,

90 3382 238 3450 Agrippam
264 3379 378 3434 donarit
397 3377 518 3446 Philippi
537 3377 686 3432 tetrarchia
703 3381 732 3432 et
748 3377 880 3442 Balanea,
908 3377 986 3444 eique
1004 3378 1032 3432 in
1055 3381 1205 3436 auctarium

89 3463 159 3517 dedit
168 3459 390 3516 Tnclronitidem
407 3473 462 3514 una
480 3457 651 3512 oumAhila.
671 3497 678 3509 .
697 3497 703 3510 .
722 3457 845 3526 Agrippa
863 3463 954 3513 autem
972 3459 1033 3514 istis
1051 3461 1204 3518 muneribus

89 3547 190 3605 auctus,
211 3539 294 3594 Aziso
312 3539 467 3594 Emesomm
486 3538 546 3608 regi
570 3554 630 3592 cum
654 3537 806 3591 circumcidi
824 3537 976 3604 annuisset,
1000 3540 1146 3596 Drusillam
1164 3559 1204 3597 so

89 3637 171 3677 rorem
190 3621 221 3675 in
240 3620 440 3674 matrimonium
458 3617 600 3672 collocavit
618 3657 625 3670 .
645 3656 651 3672 .
671 3656 677 3669 .
696 3616 755 3670 Non
770 3617 855 3670 multo
865 3623 956 3672 autem
974 3624 1035 3686 post
1044 3621 1203 3676 connubium

90 3701 225 3754 Drusillae
234 3699 364 3765 tzizique
382 3698 541 3752 dissolutum
560 3695 770 3762 est‚huiusmodi
788 3696 821 3749 de
839 3711 926 3750 eausa
963 3695 1049 3762 Felix,
1068 3715 1119 3766 qno
1138 3706 1204 3755 tenr-

90 3797 149 3848 pore
158 3785 319 3850 presentatur
327 3785 388 3833 erat
396 3779 524 3842 Judaeae,
535 3777 670 3830 oumforte
680 3773 825 3828 Drusillam
835 3777 1023 3844 conspexisset,
1034 3819 1040 3832 .
1050 3819 1057 3832 .
1068 3819 1074 3832 .
1085 3779 1204 3836 mulieris

89 3861 221 3916 desiderio
229 3858 387 3926 tenellulum
396 3863 425 3912 et
434 3873 469 3910 ax
477 3856 570 3910 amicis
578 3856 712 3911 Judaeum
721 3855 829 3908 nomine
837 3855 969 3911 Simonem
980 3898 986 3911 .
996 3897 1003 3910 .
1014 3898 1020 3911 .
1030 3858 1065 3911 ad
1075 3874 1133 3913 eam
1143 3861 1203 3914 mit·

90 3951 146 3994 teus
154 3940 271 3996 madere
279 3939 428 4002 nitebamur,
438 3943 470 3991 ut
479 3937 574 3991 relicto
583 3935 681 3989 marito
691 3934 716 3988 oi
726 3933 839 3990 nuberet
849 3975 855 3988 .
866 3975 887 3988 ..
898 3937 988 4003 Atque
996 3937 1122 3994 illahaud
1132 3949 1204 3998 recte

91 4021 196 4086 taciens,
212 4061 232 4074 ..
258 4025 394 4074 utcontra
407 4017 499 4086 patria
508 4017 636 4070 instituta
645 4019 741 4081 ageret
751 4020 780 4068 et
789 4015 872 4070 Felici
882 4017 1002 4083 nuberet
1012 4035 1040 4073 se
1050 4023 1204 4087 persuaderi

90 4101 176 4156 sinitu
216 4101 257 4154 m.
283 4101 339 4156 Jos.
359 4101 423 4152 Ant
442 4099 459 4152 l.
478 4115 500 4152 a
518 4095 601 4150 aditio
620 4095 804 4162 Haveroamp.‚
823 4096 1015 4152 Amstslodami
1034 4101 1110 4155 1726.

159 4183 181 4252 ’)
201 4181 257 4236 Cir.
276 4183 337 4234 Aet.
355 4179 398 4244 23,
417 4182 435 4232 2
452 4194 508 4244 sqq.
528 4177 671 4244 „Princeps
696 4181 786 4229 autern
804 4178 971 4234 sacerdotum
991 4181 1110 4236 Ananias
1128 4199 1203 4250 prae·

92 4262 159 4329 cepit
176 4259 332 4314 astantibus
350 4259 403 4314 sibi
420 4265 559 4327 percutere
577 4275 606 4312 os
625 4257 683 4325 ejus
701 4258 768 4308 etc“

143 4355 274 4406 lunata.
287 4355 460 4396 Diasmlatiouas.
1080 4333 1096 4386 7
