2836 4804
453 445 540 501 Series
557 445 633 504 Rom
653 445 820 502 Pontificum
1139 449 1191 504 381

1 643 2 650 ,
75 589 212 678 rufatisss
235 613 323 654 ream
345 612 378 654 se
407 588 568 675 confessas
598 599 644 654 est
664 591 841 678 majestatis
864 588 912 676 (in
935 611 1045 675 regem
1070 589 1192 657 Gotho·

76 683 178 772 rum),
203 685 286 772 quod
309 687 474 752 diaconam
504 685 652 773 Vipils'uos
674 688 726 752 sot
748 685 973 773 subscriptione
996 689 1194 776 clss'ropraplu'

76 794 149 847 cute
183 783 409 870 confessiorem
443 783 527 848 beati
548 784 637 848 Petri
668 805 871 850 successorem
903 787 1122 868 commisisset,
1155 810 1193 850 oc

74 883 179 968 ipsum
201 883 401 946 wostitutam
423 883 458 944 irs
475 883 661 966 praeseutia
690 883 827 946 omnium
848 882 1044 948 sacerdotum
1064 895 1095 948 et
1117 883 1195 950 cleri

76 989 106 1042 et
128 990 256 1044 sameas
280 979 424 1044 incendio
448 981 646 1066 consumpsit.
671 1017 715 1026 -
749 978 961 1060 Quumvero
984 979 1194 1066 Epiphanius

74 1076 267 1162 patriarcha
291 1075 444 1142 OPtanus
468 1077 576 1142 nitens
597 1077 781 1162 privilegiis
810 1098 888 1143 suae
912 1077 1068 1144 eeclesias
1091 1101 1112 1144 a
1134 1079 1193 1165 Sy·

73 1173 164 1238 nodo
197 1172 460 1239 Chalcedonensi
494 1175 666 1256 concessis,
693 1173 960 1259 jurisdictionem
994 1179 1195 1244 exercuisset

75 1271 108 1333 in
123 1269 305 1355 Illyricum,
330 1281 363 1335 et
385 1269 591 1357 Stephanum
615 1273 806 1358 episcopum
827 1271 979 1336 Larissae
1002 1281 1035 1338 et
1056 1273 1193 1340 Thessa-

73 1365 144 1432 liae
168 1367 455 1454 metropolitanum
490 1367 707 1454 deposuisset,
738 1367 923 1434 Bonifatius
955 1391 985 1434 a.
1008 1370 1072 1436 531
1098 1375 1194 1438 tertia

73 1464 203 1550 synodo
226 1464 342 1530 habita
366 1466 444 1552 jura
476 1464 509 1530 S.
545 1465 641 1532 Sedis
673 1469 709 1530 in
737 1465 908 1549 Illyricum
942 1465 1137 1550 vindicavit,
1162 1479 1194 1534 et

74 1564 275 1628 sententiam
298 1561 480 1649 Epiphanii
504 1561 594 1630 haud
616 1562 798 1648 legitimam
821 1583 893 1628 esse
918 1562 1075 1630 decrevit.
1100 1565 1194 1632 Obiit

72 1659 263 1726 Bonifatius
286 1660 320 1724 II
345 1658 398 1724 die
424 1659 465 1724 16
489 1658 625 1726 Octobri
648 1683 678 1726 a.
701 1661 777 1726 532.

167 1757 219 1824 27.
244 1757 321 1822 Post
354 1757 424 1843 ejus
454 1753 581 1822 obitum
614 1757 736 1822 electus
765 1758 828 1821 fuit
850 1759 995 1825 Jooones
1020 1763 1056 1824 II
1076 1761 1193 1826 Roma·
1212 1797 1304 1840 m„
1324 1797 1353 1839 11¹

1 1899 2 1930 ,
72 1879 152 1936 nus,
175 1856 232 1940 qui
256 1876 331 1918 cum
355 1877 395 1918 ea
424 1863 531 1919 aetate
560 1855 652 1920 labes
682 1857 861 1921 simoniaca
885 1867 1038 1942 serperet,
1063 1880 1193 1924 omnem

1 1953 2 2040 l
70 1974 190 2018 curam
222 1952 394 2038 impendit,
418 1953 518 2016 etiam
558 1955 752 2018 auctoritate
786 1953 946 2018 saeculari
970 1956 1133 2037 invocata,
1158 1967 1195 2020 ut

1 2053 2 2134 l
73 2051 197 2116 vitium
222 2050 311 2114 istud
334 2048 376 2114 ab
401 2050 629 2136 episcoporum
654 2051 869 2116 electionibus
891 2062 1026 2116 arceret.
1059 2091 1102 2100 -
1126 2052 1193 2138 Ipsi

72 2169 166 2213 anno
189 2149 254 2213 535
278 2147 432 2212 defuneto
457 2149 613 2212 suecessit
636 2146 668 2212 S.
693 2147 854 2236 Apcpetus
877 2149 1056 2216 Romanus.
1101 2151 1193 2216 lnce·

1249 1859 1275 1901 R.
1293 1859 1316 1900 P.

71 2247 123 2333 pit
153 2255 230 2310 tuuc
262 2244 385 2309 bellum
408 2245 589 2312 Justiniani
620 2255 733 2312 contra
757 2245 883 2312 Gothos
915 2249 950 2312 in
972 2248 1069 2313 Italia
1092 2249 1193 2314 domi·
1229 2256 1338 2307 temtus

71 2352 203 2410 nantes.
250 2341 362 2423 Quum
396 2364 474 2407 vero
506 2341 686 2408 Belisarius
722 2343 791 2409 dux
815 2347 984 2432 copiarum
1012 2347 1194 2412 lastiniam

71 2441 225 2506 restituta
261 2442 296 2504 in
329 2439 443 2504 Africa
466 2438 667 2506 Graecorum
702 2440 925 2508 dominatione
953 2445 1135 2510 exercitum
1159 2447 1193 2510 in

73 2537 211 2603 Italiam
244 2535 379 2601 duceret
412 2548 524 2603 eontra
548 2535 683 2619 Gothos,
708 2538 898 2606 Theodatus
929 2539 1112 2606 Gothorum
1135 2564 1195 2608 rex

1 2673 2 2708 ι
74 2633 215 2702 caedem
245 2637 424 2700 immanem
457 2635 646 2702 minabatur
679 2637 852 2716 Romanis,
888 2640 951 2705 nisi
985 2639 1195 2704 Justinianus

1 2779 2 2790 ,
74 2733 192 2820 copias
215 2755 257 2796 ex
280 2731 376 2798 Italia
399 2744 579 2799 revocaret.
608 2733 769 2800 Theodati
789 2735 885 2821 jussu
907 2736 971 2800 hae
994 2735 1035 2801 de
1059 2759 1093 2800 re
1108 2737 1194 2821 Aga-

1 2891 2 2920 ,
73 2841 174 2919 petus
208 2827 341 2895 cpolim
373 2831 539 2916 profectus
572 2841 620 2896 est
653 2841 784 2898 etcum
812 2833 1013 2919 Imperatore
1037 2835 1193 2915 contulit3

1 2923 2 2958 ³
72 2928 132 2994 sed
167 2927 255 3012 quod
287 2927 467 3013 postulavit
500 2929 733 2996 aJustiniano
768 2952 834 2995 non
858 2932 1057 3017 impetravit.
1106 2932 1194 2996 Hinc

73 3027 118 3092 ad
167 3027 299 3112 negotia
341 3025 563 3092 ecelesiastica
604 3050 697 3092 suam
733 3027 985 3094 sollicitudinem
1021 3032 1194 3095 convertit.

1 3183 2 3188 ,
74 3123 190 3210 Opera
213 3121 407 3189 Theodorus
430 3125 599 3210 Augustae
623 3149 652 3190 a.
677 3125 742 3190 335
765 3126 932 3190 inlocum
956 3126 1102 3194 defuncti
1117 3128 1194 3213 Epi-

74 3223 194 3310 phanii
228 3220 424 3304 Authimns,
455 3232 553 3288 antea
583 3225 756 3308 episeopus
779 3224 1053 3310 Trapezuntinus,
1083 3225 1195 3290 Mono-

72 3319 219 3406 pbysita,
256 3319 515 3406 patriarchatum
552 3317 724 3386 CPtanum
762 3331 957 3388 consecutus
991 3331 1070 3387 erat.
1128 3321 1194 3386 Sed

76 3417 250 3504 Agapetus
265 3416 463 3482 Anthimum
481 3417 626 3483 haeresis
641 3420 830 3482 convictum
847 3419 1029 3484 sacerdotio
1053 3430 1086 3484 et
1109 3441 1193 3484 com·

74 3517 232 3580 munione
248 3513 395 3578 fidelium
419 3516 577 3602 privavit,
602 3524 635 3578 et
649 3516 683 3580 in
698 3515 770 3602 ejus
791 3515 901 3580 locum
924 3516 1092 3582 ordinavit
1104 3517 1193 3584 Men-

73 3636 152 3678 nam
183 3611 261 3675 fidei
294 3613 480 3698 integritate
512 3623 544 3678 et
567 3613 624 3679 SS.
650 3611 893 3700 Scripturarum
917 3617 1034 3700 peritia
1058 3614 1194 3680 clarum.

73 3709 178 3774 Paulo
204 3719 286 3796 post,
311 3711 467 3775 nimirum
492 3709 522 3776 d.
550 3711 589 3775 17
615 3709 742 3796 Aprilis
766 3735 795 3775 a.
819 3711 895 3796 536,
919 3710 1088 3798 Agapetus
1112 3711 1194 3776 Con·

73 3806 289 3896 stantinopoli
313 3808 405 3873 obiit.

167 3905 220 3970 28.
246 3904 340 3985 Quae
363 3914 513 3991 spectant
537 3905 618 3972 duos
638 3915 810 3992 sequentes
822 3905 1000 3970 Pontifices
1014 3906 1193 3972 Silverium

74 4013 108 4067 et
132 4001 311 4088 Vigilium,
335 4003 483 4068 nondum
508 4005 641 4068 omnino
666 4003 835 4089 explorata
862 4024 932 4070 esse
956 4005 1194 4071 existimamus.

74 4101 127 4166 Ea
150 4122 228 4166 vero
253 4101 489 4184 enarrabimus,
515 4102 611 4166 sicuti
635 4123 652 4164 e
676 4099 822 4166 fontibus
846 4103 924 4166 setis
947 4100 1093 4186 probatis
1116 4101 1194 4166 huc-

74 4220 180 4284 usque
190 4221 210 4262 a
222 4200 303 4262 viris
315 4198 451 4264 eruditis
464 4208 637 4280 eruuntur,
652 4198 948 4266 animadvertimus
959 4209 1082 4280 tamen,
1094 4199 1191 4285 plura

1185 2316 1318 2362 .B·l².
