2874 4812
173 387 228 440 364
452 388 493 443 De
511 388 663 444 Arioniam
682 407 713 446 ac
730 391 763 446 de
782 391 860 444 Cone.
879 389 1005 446 Nicaeae.

175 531 330 613 declarat,
355 555 389 596 sc
413 553 541 617 semper
564 534 679 598 eadem
704 536 853 616 sensisse,
878 556 963 620 quae
977 535 1160 618 Dionysius
1175 535 1293 598 Roma-

176 650 238 692 uus
262 629 397 715 ejusque
414 629 568 714 Synodua
592 631 829 717 proponebant.
854 631 909 698 Sic
933 654 965 697 v.
989 654 1020 716 g.
1045 631 1179 696 scribit:
1204 633 1295 696 Men-

175 727 263 790 dacii
293 729 413 792 convici
442 729 537 791 etium
565 729 648 794 illud
670 729 753 815 qaod
782 729 947 794 adversam
975 753 1021 792 me
1039 729 1213 816 proferrent
1236 731 1296 794 cri·

174 847 253 903 men,
277 848 324 888 me
348 825 465 889 scilicet
486 847 551 890 non
573 850 721 906 asserere,
742 824 897 891 C'tsismm
919 851 984 891 ease
999 828 1068 890 Deo
1092 828 1297 892 consubstan-

176 921 293 986 tialem.
319 923 462 990 Haecct
484 923 602 988 similia
624 947 704 1010 quae
720 927 840 1010 scripto
863 934 936 988 sunt
958 947 990 988 se
1012 947 1076 988 uon
1098 926 1204 990 videre
1228 948 1298 988 cac·
1404 941 1405 954 ¹

176 1022 326 1084 satiemus
349 1021 570 1102 dissimulant,·
592 1022 715 1086 duabus
731 1033 834 1085 autem
849 1021 967 1086 voculis
988 1023 1205 1108 incompositis
1220 1045 1299 1107 qua
1404 1081 1405 1096 ,

177 1119 205 1181 si
228 1117 391 1203 lapidibus
414 1120 533 1182 eminus
548 1142 594 1183 me
618 1131 771 1184 conantur
793 1121 949 1204 impetere.
968 1118 1075 1184 ...Si
1097 1122 1168 1206 quis
1191 1129 1301 1184 autem
1404 1183 1405 1188 ,

177 1215 438 1279 calumniatorum
470 1215 547 1301 (τῶν
578 1213 815 1302 eunomiumne),
849 1239 883 1280 eo
916 1216 999 1302 quod
1025 1218 1127 1281 Deum
1159 1217 1303 1280 omnium
1404 1205 1405 1260 Ῠ

169 1313 329 1399 factorem
352 1324 382 1376 et
404 1324 574 1378 creatorem
596 1314 678 1392 dini,
696 1324 788 1400 putet
803 1337 850 1378 me
873 1314 969 1377 etiam
988 1311 1104 1378 tuuis
1126 1324 1303 1377 uectorem
1404 1303 1405 1350 1

178 1410 313 1490 dimisse,
338 1411 492 1490 advertat,
516 1435 562 1474 me
579 1413 675 1497 prius
688 1413 815 1476 Patrem
837 1413 941 1496 ipsum
964 1411 1153 1498 appellasse,
1177 1433 1238 1496 quo
1265 1411 1303 1474 iu
1404 1409 1405 1488 ,

176 1507 326 1572 *oocmulo
349 1509 442 1573 amul
464 1512 646 1574 enuntiatas
668 1520 714 1574 cst
736 1520 766 1574 et
788 1507 937 1594 ultan.)

268 1606 298 1670 9.
316 1605 433 1670 ’Etiam
457 1607 489 1672 S.
514 1607 717 1672 Athanasius
741 1606 988 1671 alamannus
1012 1609 1149 1688 censuit,
1165 1605 1199 1670 S.
1215 1603 1299 1668 Dio·
1404 1589 1405 1610 .

180 1704 312 1787 nysium
344 1704 521 1790 aliquando
554 1704 688 1791 quidem
713 1707 885 1791 opiniones
917 1703 1071 1769 habuisse
1095 1703 1303 1767 Asianorum

180 1801 343 1866 erroribus
375 1803 502 1885 affines,
536 1826 655 1890 easque
689 1803 766 1867 dein
799 1805 998 1884 correxisse,
1023 1802 1081 1866 sed
1104 1801 1234 1882 asserit,
1260 1801 1304 1864 ab

180 1901 270 1963 omui
294 1921 401 1964 errore
425 1902 606 1966 immunem
630 1902 731 1966 fuisse
754 1901 848 1964 illum
871 1897 1105 1986 Antistium).
1130 1899 1172 1962 Et
1194 1900 1305 1983 prinae

180 1997 313 2083 quidem,
330 1999 448 2083 inquit,
473 1999 637 2084 epistolam
660 2021 749 2064 mom
771 1999 933 2085 inscripsit
948 1998 1137 2084 Apolopiam
1160 2007 1190 2060 ct
1205 1995 1305 2059 Eleu-

181 2095 276 2158 clcum.
326 2093 413 2168 Quid
435 2097 496 2160 sili
517 2095 584 2160 uult
606 2096 705 2174 illud,
738 2097 803 2159 nisi
824 2095 908 2181 pilosi
931 2107 960 2159 et
984 2097 1206 2160 obnectatorcs
1232 2115 1307 2156 meos

182 2193 286 2278 arpuit
309 2204 338 2271 ct
361 2195 480 2279 scripta
503 2217 561 2258 sua
577 2204 771 2280 propupnat,
799 2193 974 2272 osundena,
998 2215 1031 2257 se
1053 2215 1117 2256 non
1140 2215 1180 2254 ea
1201 2203 1307 2254 mente

180 2313 244 2376 qua
267 2292 445 2376 auspicatus
468 2302 513 2355 est
529 2291 627 2355 Arius
643 2293 814 2376 saepsisse,
832 2291 887 2354 sed
903 2290 975 2354 licet
998 2313 1103 2354 eorum
1125 2290 1307 2352 mencines-it

182 2411 260 2473 quae
284 2389 322 2450 de
346 2390 482 2454 Domino
507 2390 673 2453 somarium
695 2390 919 2452 humanitatem
949 2389 1035 2452 dicta
1058 2397 1145 2464 sunt,
1170 2409 1239 2450 nou
1262 2389 1306 2473 ip-

182 2509 311 2550 uorcsse
344 2497 458 2565 tomen,
490 2488 593 2572 ipsum
625 2509 690 2550 esse
724 2486 856 2554 Verbum
886 2497 915 2550 et
938 2483 1137 2571 Sapientiam
1161 2507 1183 2548 a
1209 2485 1308 2548 Patre

182 2581 416 2648 indivisibilem.

275 2680 325 2746 10.
350 2680 484 2766 Optime
516 2702 631 2744 revera
663 2681 702 2744 3⁰
738 2680 849 2744 omnia
877 2701 963 2765 quae
985 2679 1147 2763 Dionysio
1172 2677 1309 2763 objecta

183 2778 317 2842 fuerunt
340 2777 566 2862 explicantur,
600 2788 632 2843 et
655 2777 697 2842 ab
722 2780 792 2863 ipso
817 2777 981 2864 explicata
1016 2787 1101 2842 sunt.
1148 2775 1310 2840 Vidimus

185 2898 266 2961 quas
282 2875 354 2960 ejus
364 2865 543 2940 sententias
558 2885 765 2940 accusatores
779 2876 1074 2956 incriminaverint,
1093 2896 1174 2958 „nec
1192 2883 1309 2938 tamen

186 2973 268 3038 haec
291 2974 412 3055 omnia,
429 2975 475 3038 ait
487 2973 561 3039 Em.
577 2973 763 3055 Franzelin,
777 2973 935 3036 videntur
948 2973 1049 3036 fuisse
1073 2970 1176 3034 verba
1200 2973 1310 3057 ipsius

185 3072 350 3155 Dionysii,
375 3071 433 3135 sed
457 3072 559 3136 solam
576 3073 854 3157 comparationem
869 3070 959 3135 illam
975 3091 1050 3134 cum
1069 3071 1146 3151 vite,
1171 3077 1207 3132 et
1231 3091 1310 3133 cum

149 3189 150 3194 ’
186 3167 309 3254 scapha
341 3169 523 3253 Dionysius
556 3170 626 3255 ipse
658 3169 780 3233 fatetur
811 3191 831 3232 a
862 3190 896 3232 se
928 3167 1113 3232 adhibitam
1136 3165 1309 3252 fuissem)-

190 3265 361 3346 Caeterum,
387 3268 495 3353 inquit
517 3267 710 3352 Dionysius,
731 3265 786 3330 ubi
807 3287 858 3330 res
873 3265 986 3352 factas
1008 3276 1039 3329 et
1061 3265 1191 3352 opificia
1215 3289 1309 3351 quice-

187 3366 262 3429 dam
285 3365 517 3429 eonuderanda
535 3365 616 3443 alni,
639 3364 817 3454 hujusmodi
829 3387 933 3427 rerum
947 3361 997 3426 ael
1011 3375 1046 3428 ut
1060 3364 1163 3426 minus
1174 3363 1310 3426 idonea

187 3486 256 3526 eum
279 3463 378 3526 obiter
385 3462 511 3548 protuli
529 3461 683 3548 cntempla,
699 3461 824 3548 quando
841 3461 915 3524 disci
924 3483 931 3524 :
957 3461 1066 3546 Neque
1077 3459 1197 3546 planta
1213 3460 1311 3523 idest

188 3559 271 3646 quod
294 3561 445 3646 apricola,
468 3583 566 3646 neque
589 3561 705 3646 scapha
727 3560 763 3622 id
778 3557 861 3645 quod
883 3559 1011 3622 numum
1025 3557 1132 3643 faber.
1179 3557 1310 3622 Deinde

189 3661 333 3744 emmonis
355 3670 386 3722 et
407 3669 543 3722 naturae
565 3659 613 3722 rei
635 3655 967 3722 accommodatioribus
988 3657 1089 3740 mapia
1111 3677 1178 3719 sum
1200 3655 1309 3719 immo·

189 3766 288 3821 ratus.
313 3795 356 3804 —-
382 3756 513 3842 ,Potuit
534 3764 644 3820 autem
659 3755 841 3839 Dionysius
857 3753 1017 3818 adversus
1031 3751 1249 3835 sabellianos,
1265 3752 1311 3814 ita

190 3852 233 3918 ad
255 3876 325 3919 rem
339 3855 415 3919 Em.
431 3854 625 3936 Franzalin,
640 3854 688 3916 uti
703 3852 766 3917 hac
781 3852 1027 3937 comparatione
1043 3847 1231 3936 dupliciter,
1256 3846 1311 3912 vel

266 4085 287 4154 ¹)
306 4083 392 4154 tuat.
412 4083 465 4140 111.
662 4082 683 4153 ¹)
702 4081 743 4137 De
761 4085 878 4137 ssumnt.
897 4079 1029 4150 Dionysii.
1047 4095 1093 4134 nn.
1114 4079 1154 4142 13,
1175 4075 1219 4130 14.

265 4165 286 4236 Ι)
305 4165 346 4220 Dc
363 4164 461 4221 Trinit
480 4181 506 4234 p.
526 4163 586 4219 1³8.
