2936 4814
455 483 549 540 Testes
566 485 667 541 saeculi
684 486 784 552 quarti
1179 489 1215 540 43

98 629 232 712 guinetti
243 628 280 692 id
295 627 471 692 vindicare
486 627 665 714 conatur1),
679 628 716 693 P.
732 629 812 694 Pius
826 627 929 696 Cama
944 628 1054 716 vero²)
1065 652 1107 693 cx
1121 639 1215 693 textu

99 725 221 791 Graeco
255 725 405 810 Syncelli
439 723 573 810 colligit,
606 725 698 811 apud
719 726 902 791 Eusebium
935 749 1001 792 non
1031 728 1231 792 heriman·

98 827 217 890 donem
242 845 419 888 annorum.
466 823 532 888 Sed
555 845 597 887 ex
621 825 693 908 ipsa
716 826 904 888 narratione
925 823 1062 890 Eusebii
1086 835 1156 888 tum
1181 825 1215 889 in

99 923 261 986 Chronico
285 933 359 984 tum
391 923 429 984 in·
451 922 598 985 Historia
625 921 741 986 eccles.
776 922 951 1006 colligitur,
974 923 1113 1008 abipso
1138 924 1214 1008 poni

98 1021 278 1084 adveutum
293 1018 327 1084 S.
342 1018 433 1081 Petri
457 1018 518 1083 sub
543 1021 637 1083 initio
661 1021 755 1104 regni
772 1020 914 1104 Claudii,
939 1031 1077 1085 mortem
1101 1043 1216 1086 versus

97 1137 220 1182 anunm
254 1116 339 1180 XIV
371 1117 522 1198 Neronis,
555 1127 654 1202 atque
682 1120 728 1182 ita
761 1139 819 1203 per
851 1141 885 1182 se
918 1119 1037 1201 viginti
1070 1120 1217 1204 quinque

96 1215 174 1280 anni
209 1222 455 1300 computantur.
511 1213 692 1299 Speciatim
724 1215 818 1280 Philo
852 1215 904 1280 bis
935 1216 1074 1280 Romam
1114 1218 1216 1298 venit,

96 1325 130 1377 ut
153 1335 197 1376 ex
221 1312 298 1378 aliis
322 1311 488 1375 historicis
511 1310 718 1397 colligitur),
748 1315 892 1398 primum
927 1313 987 1378 sub
1012 1313 1164 1398 Caligula
1186 1338 1217 1379 a.

95 1415 147 1492 to,
172 1411 322 1474 secunda
353 1411 427 1472 vice
457 1431 543 1474 anno
573 1410 716 1474 secundo
749 1409 891 1476 Claudii.
937 1411 1087 1476 Evidcns
1117 1413 1219 1495 igitur

95 1525 143 1572 est
176 1531 220 1571 ex
256 1509 297 1572 iis
329 1529 415 1594 quae
448 1510 598 1593 superius
631 1510 818 1590 citavimus,
851 1508 1033 1572 Eusebium
1057 1508 1158 1572 fuisse
1183 1511 1217 1574 in

94 1629 132 1670 ea
155 1607 334 1688 sententia,
346 1605 384 1672 B.
408 1606 543 1670 Petrum
576 1607 671 1670 initio
703 1608 796 1690 regui
826 1605 957 1670 Claudii
991 1605 1129 1669 Romam
1164 1627 1217 1668 ve·

96 1709 194 1783 nisse,
219 1725 408 1790 parumque
429 1705 529 1768 refert
552 1703 724 1786 discutere,
749 1705 860 1768 utrum
885 1703 930 1767 illi
955 1703 1056 1766 XXV
1079 1705 1158 1768 anni
1183 1706 1217 1767 iu

96 1803 265 1866 threnico
298 1801 341 1866 ab
366 1801 570 1885 Hieronymo
594 1801 715 1887 adjecti
740 1804 805 1866 sint
827 1823 943 1866 necne.
967 1837 1010 1846 -
1033 1801 1088 1865 Ex
1120 1801 1219 1864 dictis

95 1914 207 1964 autern
223 1898 360 1982 colliges
374 1921 473 1985 quam
485 1897 851 1984 impudenterGavaaai
862 1899 910 1986 (in
924 1899 1146 1983 disputatione
1158 1899 1218 1961 Ro-

96 1995 551 2084 mana)testimoniaEusebii
560 1997 730 2061 eliminare
738 2019 837 2060 ausus
846 1997 896 2077 sit,
905 2017 1061 2077 asserens,
1071 1995 1220 2060 exChro·

96 2098 171 2160 nico
184 2093 324 2158 Eusebii
345 2093 472 2158 nullum
488 2116 585 2180 posse
603 2095 731 2160 desumi
751 2105 992 2179 argumentum.
1017 2091 1219 2157 Chronicum
1338 2105 1342 2112 '

95 2197 186 2258 enim
206 2193 280 2280 ejus
299 2192 460 2276 originale
478 2215 545 2256 non
560 2193 683 2275 adesse,
698 2203 825 2257 textum
846 2192 1012 2258 Graecum
1036 2201 1219 2258 exstantem

95 2313 169 2355 esse
186 2290 335 2375 Synoelli
352 2291 473 2355 saeculi
488 2291 540 2354 XI
555 2289 607 2378 (l),
618 2291 815 2375 Hieronymi
829 2289 1059 2376 paraphrasim
1072 2312 1140 2354 non
1150 2313 1221 2354 ease

94 2390 291 2474 genuinam,
315 2388 498 2453 Eusebium
522 2410 600 2452 vero
624 2390 659 2452 in
682 2411 742 2452 sua
764 2390 912 2453 Historia
935 2387 1053 2452 nullibi
1080 2390 1221 2473 positive

95 2489 276 2566 affirmare,
310 2487 349 2550 B.
382 2486 516 2550 Petrum
550 2487 689 2552 Romam
727 2489 867 2553 venisse.
923 2488 1016 2550 Haec
1049 2507 1090 2548 ex
1123 2486 1221 2550 dietis

96 2583 404 2649 fauilerefntautur.
429 2621 472 2631 -
494 2585 549 2648 Ex
559 2583 703 2648 Eusebio
728 2585 770 2649 cf.
795 2587 895 2648 etiam
911 2586 954 2650 H.
970 2585 1009 2649 Ε.
1034 2584 1072 2650 L.
1086 2583 1148 2648 ΠΙ.
1173 2605 1220 2650 ce.

100 2687 112 2746 l
141 2683 222 2746 et?
257 2691 290 2746 et
322 2680 362 2745 L.
396 2681 436 2747 V.
470 2703 497 2747 c.
523 2682 553 2762 6,
578 2681 636 2746 ubi
661 2680 856 2766 Catalogum
879 2683 1080 2748 Pontificum
1103 2681 1220 2746 Roma·

97 2803 218 2846 norum
243 2803 263 2842 a
288 2779 321 2844 S.
351 2779 487 2843 Irenaeo
516 2781 676 2864 scriptum
708 2781 854 2861 exhibet,
879 2790 912 2845 et
936 2781 1017 2845 dicit
1039 2801 1115 2844 eum
1144 2802 1218 2844 oon·

97 2901 219 2964 gruere
243 2899 322 2940 cum
347 2879 429 2942 serie
452 2877 664 2942 historiarum
688 2899 769 2963 quas
793 2880 862 2964 ipse
886 2879 1077 2943 tradiderat.

190 2979 246 3040 21.
271 2975 484 3040 Manifestum
518 2977 619 3059 igitur
650 2985 708 3058 est,
742 2977 872 3040 saeculo
896 2976 946 3039 IV
969 2998 988 3038 a
1011 2976 1093 3038 viris
1121 2970 1223 3036 eoele-

98 3076 243 3139 siasticis
258 3073 434 3138 sanctitate
449 3083 481 3137 ct
495 3073 680 3137 eruditione
694 3075 831 3136 summis
845 3075 883 3138 B.
894 3073 981 3137 Petri
997 3074 1222 3157 episcopatum

99 3175 292 3238 Romanum
316 3173 417 3234 asseri
441 3181 479 3234 ut
510 3171 635 3236 factum
660 3173 879 3235 certissimum
913 3170 1002 3257 quod
1026 3170 1223 3234 documenta

99 3272 262 3336 historica
295 3268 447 3355 probant.
493 3269 571 3356 Jam
610 3291 652 3332 ex
691 3267 742 3333 his
775 3269 972 3334 testimoniis
1008 3267 1130 3332 saeculi
1163 3266 1222 3348 IV,

100 3379 253 3456 spectato
276 3367 375 3432 modo
400 3389 464 3452 quo
488 3376 725 3452 proponuntur,
760 3377 847 3432 certe
871 3367 1049 3431 efflorescit
1071 3365 1222 3451 probatio

99 3469 262 3533 historica
271 3465 361 3529 illius
379 3465 469 3530 facti.
486 3503 528 3512 -
544 3464 611 3529 Vix
622 3467 843 3529 necessarium
868 3475 916 3527 est
940 3465 1060 3545 dicere,
1085 3465 1223 3527 auetori-
1249 3482 1292 3522 sus
1312 3481 1386 3522 usus.

100 3567 164 3630 bus
188 3585 274 3651 quos
308 3565 485 3626 citavimus
509 3573 679 3626 sexcentos
712 3563 794 3626 alios
818 3561 895 3626 addi
921 3583 1025 3648 posse.
1072 3561 1221 3626 Taleae.

99 3687 132 3748 g.
157 3673 237 3728 sunt
266 3662 299 3727 S.
324 3660 577 3747 Epiphanius4),
603 3662 635 3726 S.
661 3659 905 3746 Athanasiusl),
930 3661 962 3725 S.
987 3657 1224 3743 Ambrosium),

178 3911 202 4048 ll
221 3909 341 4044 hadid,
354 3909 422 4033 dil.
436 3977 585 4047 del'Eglisc
604 3985 667 4032 tom.
686 3979 708 4032 1.
719 3977 863 4047 L.'Apbtre
882 3977 907 4032 S.
926 3976 1027 4040 Piens,
1045 3993 1070 4044 p,
1093 3977 1143 4029 133
1155 3981 1226 4030 note.

106 4141 129 4179 v.
148 4053 279 4178 Pssssotlir.
303 4051 359 4106 Jos.
384 4051 476 4118 Antiq.
501 4049 532 4103 L.
556 4049 658 4104 XVIII.
684 4067 705 4104 c.
733 4053 774 4103 11.
799 4056 829 4103 et
852 4049 961 4103 Hieron.
986 4047 1082 4116 script
1111 4048 1174 4101 ecel.
1205 4065 1225 4104 s.

178 4198 203 4334 ll
222 4193 499 4320 ἓέτθτιιηῗίερῖιωίϋοίε
518 4264 661 4320 haereticis
680 4281 734 4318 uon
753 4191 961 4318 lladdddld'elld
979 4192 1047 4258 fuga
1065 4207 1120 4243 m
