2936 4814
261 471 295 529 ro
614 464 1021 528 ossasmmaasrns.

262 621 326 682 imo
340 641 380 682 cx
395 615 639 703 antiquioribus
651 613 819 678 Ecclesiae
830 614 999 679 Romanae
1016 617 1238 682 monumentis
1252 617 1389 684 studuit

262 717 470 779 concinnare.
518 714 628 799 Atque
661 714 707 776 ita
737 713 840 794 vides,
873 711 1046 797 Catalogos
1078 715 1145 780 ΒΗ.
1178 717 1389 782 Pontificum

261 812 339 876 inde
362 835 382 876 a
406 810 535 875 saeculo
559 810 618 892 IV,
644 808 764 894 quibus
793 809 890 872 Petro
923 811 1130 896 episcopatus
1154 813 1254 876 XXV
1279 837 1388 878 anno·

261 933 334 974 rum
366 908 576 988 adscribitur,
611 929 685 970 cum
718 905 921 990 temporibus
944 906 1049 992 Apost
1036 909 1176 974 talorum
1210 912 1388 997 conjungi.

104 1032 157 1072 ιιι
154 1033 210 1072 ιιιι
225 1035 246 1072 ιι
349 1008 403 1072 46.
427 1006 521 1070 Haec
554 1027 611 1068 sen
613 1003 715 1068 tentia
748 1002 788 1068 de
821 1003 921 1067 XXV
954 1007 1049 1069 annis
1081 1009 1290 1094 episcopatus
1319 1011 1388 1074 Ro-

145 1105 204 1132 ’Μ’
262 1107 351 1168 mani
384 1105 421 1168 B.
454 1103 543 1167 Petri
576 1103 709 1166 omnino
743 1100 996 1164 confirmatur
988 1104 1028 1166 iis
1060 1126 1144 1191 quae
1177 1105 1218 1169 de
1242 1119 1387 1218 tempore

262 1227 320 1288 quo
344 1203 456 1266 Petram
486 1203 618 1264 Romam
642 1199 852 1276 adamitae
886 1199 927 1262 de
960 1211 1094 1286 tempore
1117 1204 1226 1266 mortis
1248 1207 1386 1290 antiqui

261 1299 416 1363 referunt.
463 1297 640 1360 Testsntur
663 1294 827 1378 videlicet,
851 1318 938 1361 anno
966 1296 999 1360 ΙΙ
985 1297 1167 1380 IClaudii,
1198 1323 1256 1364 sou
1280 1323 1312 1367 a.
1338 1304 1387 1366 42

159 1447 160 1450 ι
262 1395 598 1462 S.PetrumRon1am
620 1395 759 1474 venisse,
784 1403 816 1456 et
838 1415 867 1458 a.
893 1394 934 1456 ot
951 1397 1146 1478 martyrium
1161 1397 1313 1463 subiisse.
1340 1438 1383 1446 -

263 1494 316 1557 Ad
340 1503 469 1576 tempus
492 1491 655 1554 adventus
685 1489 773 1574 quod
803 1499 939 1574 spectat,
965 1492 1037 1576 jam
1061 1493 1206 1558 vidimus
1229 1517 1269 1559 ea
1295 1519 1387 1583 quae

262 1593 296 1654 in
313 1589 476 1654 Chronico
496 1586 632 1652 Eusebii
648 1585 820 1668 habentur,
847 1598 879 1650 et
897 1589 1060 1672 quomodo
1085 1590 1119 1655 id
1143 1592 1232 1677 quod
1256 1593 1388 1658 dicitur

262 1691 296 1752 iu
320 1687 515 1770 Hieronymi
540 1685 744 1771 paraphrasi,
769 1707 856 1748 anno
880 1685 914 1750 ΙΙ
939 1685 1071 1750 Claudii
1101 1687 1134 1754 S.
1157 1689 1293 1754 Petrum
1320 1693 1386 1756 Ro·
1464 1755 1465 1768 ,

263 1808 348 1850 mam
382 1785 564 1871 profectum
597 1805 676 1864 esse,
711 1783 834 1867 optime
863 1793 1078 1868 componatur
1110 1808 1185 1851 cum
1225 1791 1385 1854 versione

261 1885 417 1948 Armene.
464 1882 619 1944 Vidimus
642 1901 782 1965 quoque,
807 1882 842 1943 in
866 1881 1013 1945 Historia
1036 1883 1150 1949 eccles.
1175 1888 1300 1970 pariter
1315 1888 1385 1952 Eu·
1464 1947 1465 1952 ,

261 1983 389 2046 echium
422 1983 484 2043 iter
509 1980 598 2046 Petri
624 1978 809 2042 Romanum
841 1979 1028 2044 adscribere
1060 1983 1199 2066 tempori
1232 1982 1384 2066 Claudii,

262 2079 451 2164 etquidem
475 2077 590 2161 primis
621 2077 728 2156 annis,
762 2097 863 2160 quum
895 2077 1016 2146 reserat
1046 2078 1219 2144 Philonem
1251 2081 1384 2146 Romae
1464 2149 1465 2162 ,

261 2200 337 2240 (ιιιιιι
352 2178 447 2241 Petro
463 2174 666 2238 convenisse.
690 2173 723 2238 S.
744 2173 940 2258 Hieronymi
960 2174 1062 2239 verba
1081 2178 1180 2240 etiam
1194 2177 1383 2245 retulimus
1464 2175 1465 2252 J

262 2315 303 2322 -—
319 2275 454 2340 Orosius
464 2273 549 2335 Hist.
561 2270 581 2336 l.
593 2270 669 2334 VII.
689 2293 717 2335 a.
733 2271 753 2334 6
777 2273 839 2335 sit:
867 2269 1021 2336 Claudius
1035 2273 1075 2336 ab
1089 2275 1229 2361 depasto
1245 2289 1385 2361 qrmrtus
1464 2307 1465 2328 ι

261 2395 387 2456 requam
418 2371 552 2454 adeptus
585 2379 631 2432 est
654 2415 661 2431 .
688 2417 695 2430 .
721 2416 728 2431 .
750 2417 762 2432 .
788 2369 932 2433 &ordio
954 2372 1044 2456 requi
1066 2375 1134 2460 ejus
1157 2373 1268 2437 Petrum
1291 2375 1382 2460 Apo·
1464 2375 1465 2406 ³

260 2469 359 2532 stolas
382 2467 513 2532 Domini
537 2465 579 2530 N.
605 2465 639 2530 J.
668 2462 700 2529 C.
725 2467 859 2530 Romam
887 2469 981 2545 uenit,
1012 2477 1042 2531 et
1064 2469 1235 2534 salutarem
1258 2476 1384 2538 mactis

261 2565 456 2630 credentibus
469 2563 569 2647 fldem
589 2563 685 2647 fideli
713 2563 805 2626 verbo
835 2564 950 2642 docuit,
969 2567 1257 2654 potentissimisque
1279 2570 1382 2633 virta-

261 2665 343 2728 tibas
366 2662 563 2749 approbavit.
610 2661 711 2746 Atque
735 2661 850 2724 scinde
877 2657 1051 2726 Christiani
1073 2665 1191 2728 Romae
1222 2689 1288 2729 esse
1311 2689 1381 2732 coe·

255 2771 381 2845 perant.
429 2759 564 2823 Orosius
588 2777 666 2820 vero
691 2757 749 2820 diu
778 2756 869 2843 apud
892 2757 925 2823 S.
950 2757 1176 2842 Augustinum
1200 2762 1235 2825 in
1259 2762 1381 2828 Africa

260 2859 355 2939 vixit,
380 2857 621 2939 Hieronymum
652 2857 687 2918 in
710 2855 897 2919 Palaestina
927 2857 1051 2938 invisit,
1083 2867 1116 2922 et
1145 2859 1223 2922 dein
1255 2861 1292 2924 in
1317 2861 1380 2925 Hi-

259 2957 409 3041 spaniam
441 2973 592 3017 reversus
624 2954 755 3016 circiter
793 2977 822 3018 a.
862 2955 927 3016 416
959 2953 1141 3018 Historiam
1174 2978 1267 3020 suam
1301 2981 1380 3024 con·

259 3055 398 3139 scripsit.
430 3051 648 3116 Consentiunt
671 3073 747 3116 cum
770 3050 822 3114 his
837 3052 1026 3117 stratoribus
1049 3051 1213 3118 historicis
1227 3055 1380 3121 Isidorus

259 3150 464 3237 Hispalensis
488 3160 520 3212 et
542 3149 644 3213 Beda.
668 3187 710 3195 —-
735 3148 768 3214 S.
793 3149 861 3212 Leo
886 3171 963 3214 vero
988 3149 1049 3214 sub
1074 3149 1214 3215 Claudio
1238 3153 1379 3218 Petrum

259 3251 396 3312 ltomam
411 3248 540 3311 venisse
555 3245 643 3310 clare
659 3246 784 3310 indicat
799 3247 833 3310 in
848 3247 1007 3312 Sermone
1024 3248 1051 3312 I.
1077 3247 1118 3313 de
1134 3248 1191 3314 SS.
1206 3249 1379 3334 Apostolis

259 3349 352 3410 Petro
387 3356 419 3408 et
441 3344 543 3409 Paulo
576 3343 641 3407 illis
664 3343 784 3426 verbis
810 3345 930 3429 quibus
963 3346 995 3411 S.
1021 3345 1154 3410 Petrum
1179 3345 1378 3432 alloquitur:

260 3446 327 3508 Nec
350 3444 461 3508 msindi
484 3443 644 3506 dorriinam
668 3443 756 3504 mmet
779 3444 921 3522 Romam,
955 3447 1009 3529 qui
1040 3445 1075 3506 in
1111 3441 1250 3531 Caiphae
1283 3447 1378 3510 dom-o

258 3565 432 3629 iupa-veras
468 3540 641 3605 sacerdotis
674 3539 833 3604 aracillum.
883 3541 1046 3628 Numquid
1083 3553 1139 3606 aut
1163 3543 1288 3631 judicio
1323 3545 1377 3608 Pi-

257 3641 318 3704 lati
342 3651 397 3703 aat
420 3639 554 3702 coemtio
583 3637 781 3701 Judaeomm
803 3639 906 3701 asinar
936 3640 1076 3703 erutuet
1098 3641 1133 3704 ia
1160 3637 1297 3704 Claudio
1316 3667 1376 3728 po·
1459 3685 1463 3715 ι

258 3749 353 3801 testas
374 3737 423 3800 ael
445 3737 480 3799 in
505 3735 632 3799 Nerone
655 3735 849 3800 crudelitas?
1462 3743 1463 3750 ’

344 3837 397 3900 47.
424 3833 508 3898 Cum
539 3832 591 3898 his
624 3855 702 3896 vero
736 3834 858 3918 optime
888 3833 1088 3900 concordant
1119 3833 1185 3900 alia
1209 3835 1375 3920 quaedam

258 3935 392 3998 indicia.
438 3931 735 3996 Praetermittends
759 3933 922 4018 imprimis
952 3954 1019 3996 non
1042 3944 1091 3997 est
1112 3934 1251 4017 antiqua
1274 3934 1376 3998 tradi·

257 4035 311 4107 tia,
334 4032 570 4115 dispersionem
585 4028 817 4116 Apostolorum
833 4041 865 4094 et
879 4029 1114 4116 profectionem
1130 4033 1163 4094 in
1179 4033 1374 4096 universum
1459 4088 1463 4099 ,

258 4129 416 4193 unrndum
451 4137 523 4213 post
553 4127 729 4192 duodecim
762 4150 866 4192 anuos
890 4128 967 4193 inde
991 4151 1011 4192 a
1035 4129 1157 4192 Christi
1182 4133 1374 4195 ascensione

257 4228 426 4292 succidisse.
473 4226 639 4290 Eusebius
672 4248 745 4290 eam
778 4226 877 4290 refert
911 4249 952 4290 ex
984 4228 1179 4292 auctoritate
1202 4227 1373 4314 Apollonii
1459 4215 1465 4260 l
