2924 4818
259 475 308 528 166
504 475 543 528 De
562 474 635 530 Rom
656 473 734 530 Pout.
752 473 852 528 amuli
871 473 950 541 print
968 477 997 528 et
1015 473 1130 530 marui.

257 618 356 682 linem
380 617 501 682 saeculi
525 617 558 680 Π
583 617 725 682 discerni
749 616 856 681 debet.
903 616 984 680 Erat
1007 639 1083 701 pars
1106 617 1281 701 quaedam,
1307 621 1378 680 exi-

256 737 320 798 gua
359 725 484 794 tamen,
522 737 634 780 eorum
674 717 729 800 qui
770 713 1028 794 contendebant,
1069 713 1227 776 celebrari
1259 715 1375 798 ipsum

258 813 377 874 Pascha
403 808 521 876 Christi
547 813 687 888 Domini,
719 809 873 874 videlicet
897 831 1032 876 coenam
1058 808 1256 894 paschalem,
1289 818 1377 874 essese

257 893 341 995 alqui
355 909 529 994 paschalia,
554 911 600 972 uti
619 907 769 972 Christus
785 907 949 971 Dominus
972 909 1042 992 ipse
1067 907 1218 970 ultimum
1243 905 1377 970 Pascha

257 1005 489 1070 celebraverat.
551 1005 784 1070 Characterem
827 1004 1019 1090 specificum
1057 1003 1228 1068 Paschatis
1271 1007 1378 1088 igitur

257 1124 327 1166 esse
350 1124 487 1166 coenam
512 1101 633 1168 Christi
658 1103 805 1182 Domini,
830 1104 865 1166 in
889 1124 955 1188 qua
978 1103 1078 1166 etiam
1102 1101 1159 1168 SS.
1181 1102 1379 1168 Sacramen-

255 1210 326 1263 tum
350 1201 500 1264 instituit.
546 1200 617 1264 Imo
641 1200 797 1264 videntur
819 1201 979 1279 tenuisse,
1008 1202 1108 1264 etiam
1132 1221 1190 1284 pro
1215 1197 1376 1264 Christia-

257 1298 308 1360 nis
339 1317 381 1360 ex
413 1294 485 1380 lege
517 1297 664 1362 Mosaica
696 1295 875 1382 perdurare
907 1295 994 1362 hanc
1026 1295 1262 1379 obligationem
1293 1296 1377 1362 cele-

257 1391 375 1457 brandi
397 1392 568 1458 Paschatis
591 1416 648 1458 esu
672 1395 749 1478 agni
778 1393 958 1460 Pascbalis.
1003 1392 1131 1458 Pascha
1159 1413 1237 1458 vero
1262 1397 1376 1460 existi·

257 1489 392 1554 mebant
424 1489 592 1554 Christum
624 1490 842 1556 manducasse
875 1491 929 1555 die
962 1490 1044 1556 XIV
1076 1490 1191 1572 Nisan,
1225 1502 1259 1554 et
1283 1491 1375 1556 hunc

257 1587 345 1650 diem
375 1587 607 1653 celebrandum
638 1610 717 1654 esse.
769 1588 813 1652 Hi
845 1588 1137 1669 Quartodecimani
1170 1611 1190 1652 a
1220 1587 1376 1672 pluribus

256 1683 445 1748 auctoribus
468 1695 505 1750 ut
531 1683 808 1759 Qadrtodeeimaaa'
831 1685 1000 1750 mimatae
1023 1684 1196 1750 habentur.
1261 1735 1263 1740 .

344 1781 397 1846 65.
420 1782 572 1868 Plerique
596 1804 674 1848 vero
691 1779 969 1856 Quartodecimum
992 1783 1159 1846 orthodoxi
1181 1781 1374 1863 censebant,

256 1878 478 1944 characterem
495 1882 708 1964 praecipuum
719 1880 793 1944 festi
803 1878 974 1944 Paschatis
990 1901 1060 1944 esse
1077 1882 1110 1942 in
1127 1891 1221 1944 morte
1242 1877 1374 1956 Gaea,

256 1976 350 2060 cujus
382 1987 480 2062 typus
512 1977 575 2040 fuit
607 1976 724 2060 Agnus
756 1976 929 2061 paschalis.
987 1976 1155 2040 Christum
1188 1975 1371 2040 Dominum

257 2083 421 2138 mortuum
454 2095 523 2138 esse
556 2073 639 2138 XIV
671 2073 785 2154 Nisan,
818 2075 967 2160 adeoque
990 2075 1136 2160 praecise
1159 2071 1251 2136 bunc
1285 2071 1373 2136 diern

255 2193 325 2235 esse
349 2170 592 2236 celebrandum.
630 2169 890 2256 (Existimabam
914 2173 986 2256 ipsi,
1012 2173 1193 2236 Dominum
1217 2169 1371 2234 ultimum

256 2266 382 2330 Pascha
415 2289 480 2332 non
513 2268 740 2349 manducasse,
773 2291 811 2332 eo
844 2268 933 2355 quod
965 2268 1048 2335 illud
1080 2278 1210 2334 tantum
1234 2289 1371 2352 vespere

256 2363 338 2428 XIV
361 2363 465 2428 Nisan
495 2363 661 2447 ederetur,
693 2363 843 2430 Christus
873 2388 951 2431 vero
976 2367 1030 2432 illo
1055 2367 1109 2432 die
1133 2373 1283 2430 mortuus
1306 2362 1370 2446 sit.)

255 2461 323 2544 Ipsi
347 2461 482 2545 quidem
506 2459 560 2525 die
596 2462 679 2528 XVI
710 2462 815 2527 Nisan
846 2463 1057 2528 celebrabant
1087 2465 1186 2528 etiam
1210 2483 1370 2526 resurrec-

255 2559 378 2622 tionem
411 2559 566 2640 Domini,
601 2558 659 2624 sed
690 2561 888 2645 praecipuus
921 2560 991 2626 dies
1022 2570 1093 2625 erat
1121 2561 1169 2624 eis
1201 2559 1303 2638 XIV,
1339 2559 1369 2620 in

256 2676 320 2740 quo
345 2677 431 2720 mors
446 2654 567 2720 Christi
591 2655 819 2740 peragebatur.
845 2657 935 2722 Hora
958 2659 1054 2722 tertia
1077 2679 1097 2719 a
1121 2655 1260 2720 meridie
1285 2654 1371 2720 illius

256 2753 322 2818 diei
346 2752 519 2818 solvebant
536 2753 675 2838 jejunia,
708 2765 741 2818 et
768 2763 848 2820 tunc
878 2755 1143 2820 communionem
1177 2762 1209 2815 et
1240 2773 1368 2836 agapen

255 2850 372 2914 festive
404 2847 625 2915 celebrabant.
679 2851 754 2914 Duo
789 2853 889 2936 igitur
921 2849 1169 2934 distinguebant
1202 2848 1368 2934 paschata,
1446 2929 1447 2944 χ

256 2945 367 3024 πάσχα
389 2945 610 3028 σταυρώσιμον
633 2969 690 3012 seu
715 2949 948 3030 crucifixionis,
963 2958 996 3012 et
1018 2946 1130 3026 πάσχα
1153 2943 1370 3026 ἀναστάσιμον

255 3065 312 3106 seu
336 3044 600 3124 resurrectionis3
631 3053 741 3110 utrum
773 3057 847 3130 post
877 3045 1018 3110 solutum
1043 3044 1209 3129 jejunium
1241 3050 1274 3106 et
1298 3063 1367 3104 con·

256 3139 385 3204 vivium
408 3140 564 3204 festivum
589 3140 654 3204 diei
680 3141 762 3206 XIV
785 3143 899 3224 Nisan,
925 3145 959 3207 in
984 3141 1099 3226 vigilia
1122 3139 1368 3204 resurectionis

250 3235 417 3321 jejunium
439 3239 686 3322 resumpserint,
710 3261 775 3302 non
800 3249 849 3304 est
872 3241 1006 3303 omnino
1030 3248 1168 3304 certum.
1203 3235 1302 3300 Multi
1326 3235 1368 3298 ita

255 3333 455 3414 existimant,
480 3334 645 3399 Eusebius
668 3345 779 3400 tamen
804 3335 933 3400 scribit:
966 3337 1074 3421 anue
1097 3335 1177 3398 luae
1198 3333 1311 3417 (XIV)
1334 3333 1365 3394 ia
1445 3325 1446 3328 '

255 3453 468 3516 praemeumqae
492 3431 613 3494 &mrem
642 3433 725 3496 diem
754 3435 948 3518 septimorum
978 3433 1150 3508 incidisset,
1171 3431 1271 3514 finem
1287 3433 1366 3518 jeju-

255 3527 320 3590 aiis
351 3528 572 3611 imponendum
603 3552 668 3592 esse
700 3530 889 3594 statuebant.
898 3531 924 3614 ¹)
977 3527 1227 3594 Occcidentales
1258 3535 1364 3590 auten
1444 3569 1445 3572 η

255 3621 401 3686 triduum
425 3624 590 3706 integrum
614 3626 727 3690 mortis
747 3625 868 3690 Christi
892 3627 926 3690 in
948 3627 1080 3690 tristitia
1103 3621 1315 3710 peragebant,
1337 3628 1366 3680 et

255 3728 383 3784 tantum
407 3721 585 3786 Dominica
600 3722 861 3788 Resurrectionis
879 3723 1011 3808 jejunia
1034 3721 1207 3786 solvebant
1229 3729 1261 3782 et
1285 3737 1363 3782 com·

256 3817 445 3882 munionem
480 3817 669 3902 paschalem
706 3820 920 3904 peragebant.
981 3819 1035 3882 Ex
1072 3817 1163 3884 hisce
1200 3813 1363 3902 perspicis,

211 3904 220 3920 ⁸
256 3915 480 3997 quaestionem
511 3913 552 3978 de
582 3915 802 3982 celebratione
824 3915 997 3980 Paschatis
1027 3937 1093 3980 non
1121 3913 1222 3979 fuisse
1245 3929 1362 3978 meram
1443 3911 1444 3983 ξ

255 4011 511 4074 controversiam
544 4011 583 4075 de
615 4012 776 4098 selipeado
807 4013 878 4092 die,
911 4012 969 4078 sed
1001 4013 1101 4078 etiam
1133 4033 1168 4076 se
1200 4009 1361 4074 miscuisse

330 4218 658 4286 tanatem
