2876 4814
244 493 298 546 m
582 493 624 548 De
642 493 728 562 opere
747 493 1026 562 Philosopbomrenon

244 636 333 722 quod
354 659 376 699 a
396 635 596 722 quibusdem
615 635 753 722 Origeni
774 638 989 723 tribuebatur,
1014 640 1072 704 eod
1092 660 1137 703 ex
1159 640 1269 728 ipsius
1294 664 1365 706 sen·
1428 657 1429 668 ³

243 736 346 798 tentis
369 736 548 802 immerito:
572 735 670 821 plene
693 738 741 798 uti
765 735 903 822 Pbotius
925 737 946 802 l.
971 761 999 802 o.
1023 737 1115 802 dicit.
1152 739 1260 803 Hune
1285 759 1364 804 vem
1428 779 1429 808 t

242 829 373 911 librum,
398 833 514 915 refert,
539 836 698 919 seriptum
721 834 823 898 fuisse
847 844 960 900 eontra
982 834 1145 900 haeresim
1168 837 1365 902 Artemonis

243 942 275 994 et
306 931 487 1013 Theodoti3
520 941 619 1017 etque
653 934 688 996 in
720 933 836 996 eodem
868 931 1076 1017 Labyrintbo
1109 934 1191 998 dicit
1213 936 1363 999 inveniri

242 1032 463 1112 narrotionem
487 1027 528 1093 de
551 1029 661 1094 Natali
678 1029 881 1112 Confessore,
906 1051 1006 1116 quam
1030 1031 1196 1097 describit.
1205 1031 1230 1118 ¹)
1266 1033 1364 1096 Eam-

243 1127 318 1191 dem
342 1130 562 1191 narrationem
587 1130 710 1214 pariter
731 1127 898 1193 Eusebius
921 1129 964 1194 H.
997 1129 1037 1194 E.
1061 1130 1103 1194 V.
1127 1129 1170 1193 28
1194 1131 1301 1194 refert
1324 1153 1364 1194 ex

240 1225 325 1290 libro
358 1225 487 1311 antiqui
517 1228 687 1311 scriptoris
710 1235 825 1290 eontra
849 1225 1072 1292 Artemonem.
1118 1227 1223 1292 Vides
1251 1229 1365 1313 igitur,

242 1321 486 1388 Theodoretum
511 1343 576 1386 non
601 1343 710 1388 errare
735 1324 815 1388 dum
838 1325 970 1389 scribit:
995 1323 1116 1390 Οοπινα
1138 1327 1277 1390 istem
1292 1327 1364 1415 (Ar-

242 1423 383 1484 temonis
405 1431 439 1483 et
461 1419 640 1507 Theodoti)
662 1423 814 1486 baeresim
836 1425 1031 1508 conscriptus
1054 1433 1100 1486 eat
1123 1423 1277 1488 Parem
1302 1425 1364 1488 Lu-

243 1519 440 1605 bprintbua
467 1516 497 1600 (ri
521 1513 657 1604 σμίκρος
680 1517 858 1605 συνεγράφη
889 1517 1129 1603 Λαβύρινθος),
1161 1544 1256 1606 φατι
1289 1545 1364 1586 oon·

241 1616 325 1680 nulli
352 1618 497 1702 Oripuot'o
520 1637 599 1702 opus
621 1639 687 1681 osse
706 1627 836 1702 putant,
861 1618 916 1681 secl
938 1639 990 1680 eoa
1010 1618 1067 1703 qui
1087 1618 1143 1680 boo
1165 1618 1283 1683 dimovet
1304 1632 1365 1705 sty-

181 1769 184 1776 .
243 1712 293 1776 lae
314 1714 486 1800 redorput’t.
534 1713 606 1778 Siue
638 1725 742 1778 aemam
773 1715 829 1778 ille
852 1717 916 1778 siue
949 1715 1032 1780 altas
1063 1717 1264 1801 compsit,
1291 1717 1366 1780 tulis

242 1823 347 1876 emetat
369 1814 404 1875 io
420 1833 455 1876 eo
469 1815 634 1876 narratio:
658 1812 811 1876 Natalem
825 1813 990 1897 quondam
1001 1821 1064 1877 eto.
1079 1812 1216 1876 Pbotius
1235 1814 1364 1878 librum

243 1909 314 1974 Oaii
344 1918 459 1974 eoum
483 1909 697 1974 Artemonem
730 1911 891 1994 seriptum
922 1932 942 1973 a
964 1907 1171 1992 Iebyrintho
1193 1909 1277 1974 Caii
1303 1911 1364 1975 dis-

241 2009 373 2092 tinguit,
406 2007 554 2094 adeoque
587 2007 804 2092 probabiliter
835 2008 1027 2071 confusr'one
1059 2007 1170 2092 aliqua
1206 2006 1365 2071 detentus

242 2115 299 2170 est.
346 2106 444 2170 Forte
467 2107 675 2191 oonspieiens
699 2107 831 2168 initium
854 2105 948 2169 Libri
964 2106 997 2170 X
1012 2103 1362 2190 Philosophournenon

247 2202 310 2265 roo
323 2201 550 2286 Λαβύρινθον,
567 2205 771 2266 existimavit
785 2203 877 2268 illum
892 2201 1014 2266 librum
1028 2223 1098 2266 esse
1108 2202 1182 2266 Caii
1192 2203 1361 2288 Labyrin-

242 2301 346 2382 tbum,
362 2319 400 2364 se
413 2301 493 2364 dein
507 2299 629 2364 librum
640 2303 688 2364 De
703 2303 841 2365 essentia
854 2302 1001 2365 Universi
1008 2301 1043 2363 in
1058 2300 1124 2363 fine
1141 2297 1232 2364 illius
1238 2301 1362 2388 Operis

243 2408 534 2462 commemoratum
571 2400 697 2483 pariter
733 2397 813 2462 Orio
851 2399 1011 2462 attribuit.
1074 2396 1362 2484 Qualemeumque

242 2496 341 2560 aliem
372 2498 632 2581 suppositionem
662 2497 757 2578 iacis,
789 2505 877 2559 certe
899 2497 1124 2558 testimonium
1153 2493 1282 2578 Photii,
1307 2497 1360 2581 qui

243 2595 377 2658 alterius
408 2595 514 2678 ignoti
553 2596 696 2657 auctoris
727 2595 923 2658 sententiam
956 2595 1086 2678 repetit,
1116 2603 1288 2678 quatenus
1320 2593 1361 2656 ad

242 2691 564 2777 Philosophoumerra
609 2691 795 2778 applicatur
836 2711 908 2754 eam
952 2693 1020 2753 vim
1058 2711 1124 2754 non
1165 2690 1290 2774 habet,
1327 2701 1362 2753 ut

241 2800 415 2876 propterea
439 2789 519 2854 Caio
543 2788 865 2875 Pb‘ilosophoumena
895 2789 998 2852 tribui
1022 2791 1157 2873 possint,
1183 2809 1291 2876 quum
1317 2809 1361 2852 so·

241 2889 309 2954 lida
333 2887 463 2954 obstent
483 2885 721 2972 argumentff).

333 2988 383 3052 73.
409 2987 441 3050 Η
456 2987 466 3048 i
481 3005 502 3070 p
519 2985 698 3069 polyto
733 2986 886 3069 episeopo
907 3002 1010 3068 quam
1033 2982 1178 3067 plurimi,
1202 2985 1253 3046 uti
1278 2983 1360 3046 vidi-

242 3105 323 3166 mus,
356 3083 680 3168 Pbilosopboumona
709 3083 911 3162 attribuunt,
943 3101 1128 3166 magnoque
1161 3081 1361 3144 eruditionis

242 3182 411 3245 molimine
434 3183 576 3244 rationes
590 3189 783 3264 congerunt,
798 3180 920 3268 quibus
936 3178 1082 3242 eollectis
1105 3173 1223 3241 oonfioi
1247 3179 1360 3241 existi·

242 3290 343 3362 mant
377 3279 467 3342 hand
499 3277 593 3341 elteri
618 3297 717 3363 quam
742 3276 788 3341 illi
820 3277 946 3341 doetori
971 3295 1053 3361 opus
1077 3276 1118 3340 de
1142 3294 1205 3361 quo
1230 3278 1360 3360 agimus

318 3475 335 3544 ¹)
354 3475 429 3531 Haeo
447 3470 567 3525 narratio
586 3471 658 3539 opud
676 3470 820 3525 tumorem
830 3471 1107 3538 Philosoplreumonon
1126 3469 1197 3524 Μ]
1207 3468 1359 3524 iuvenitu-

314 3556 335 3624 ἢ
354 3553 463 3606 Titulus
486 3551 579 3606 ille⁰0
599 3557 713 3620 σμίκρος
733 3551 912 3620 Λαβύρινθος
945 3567 999 3606 non
1025 3551 1135 3608 ridetur
1161 3549 1359 3616 moure

242 3635 315 3690 eliud
334 3650 399 3702 opus
419 3647 476 3686 esse
490 3632 522 3683 Ὃ
542 3630 648 3702 (μέγας)
659 3631 846 3699 Λαβύρινθος,
865 3631 909 3688 uti
928 3631 1034 3686 Fessler
1051 3631 1185 3700 supponit.
1215 3629 1359 3696 Compare-

241 3713 357 3770 tioenim
370 3711 412 3766 his
425 3711 579 3764 continetur
592 3727 646 3764 non
663 3707 799 3777 librorum,
810 3711 856 3764 sed
874 3712 914 3765 rei
928 3712 961 3765 de
980 3729 1032 3778 qua
1051 3711 1079 3764 iu
1099 3709 1166 3764 libro
1186 3708 1281 3778 egitur
1301 3725 1358 3763 curn

241 3793 407 3862 Labyrintbo
427 3789 562 3845 ininsula
590 3789 679 3844 Creta.
717 3791 760 3844 lix
786 3788 953 3845 Theodoreto
980 3791 1108 3844 videlieet
1126 3795 1155 3844 et
1173 3787 1289 3843 Eusebio
1309 3787 1358 3840 eol·

241 3875 345 3943 ligitur,
361 3863 594 3928 Artemon'rtorum
614 3875 643 3924 et
661 3871 821 3938 praesertin
838 3877 957 3937 quatuor
972 3869 1094 3924 uirorum
1110 3867 1250 3932 moedau,
1269 3867 1358 3921 Ascle·

241 3954 340 4022 piadis,
356 3951 523 4020 Hermophili
540 3957 568 4004 et
583 3950 763 4018 Apollonidis,
787 3951 1002 4006 inextrieabilem
1020 3951 1105 4004 fuisse
1125 3948 1309 4003 eoniusionern
1330 3947 1356 4000 in

241 4035 439 4101 seripturarum
455 4031 664 4099 interpolatione
682 4037 711 4083 et
721 4031 895 4098 expositione.
916 4033 1005 4098 Atque
1015 4031 1085 4086 hene
1094 4045 1183 4084 rerum
1190 4027 1355 4082 etdootrina

241 4129 300 4167 rum
328 4112 509 4167 confusionem
537 4117 631 4164 auctor
658 4111 780 4164 nominat
807 4127 921 4180 parvum
947 4109 1156 4178 Laminium,
1186 4107 1274 4176 lepide
1300 4123 1355 4161 eam

241 4207 397 4260 comparans
425 4203 485 4245 eum
512 4189 651 4245 notissimo
680 4189 727 4244 illo
755 4189 890 4246 aedificio
905 4187 1081 4246 subterraneo
1106 4184 1247 4248 murus
1266 4183 1355 4250 oreta

240 4273 312 4341 quod
329 4271 493 4340 Labyrinthi
510 4271 618 4324 nomine
636 4271 794 4338 insignitur.
