2852 4826
246 507 299 558 Μ
611 507 650 562 De
668 505 753 575 Opere
772 507 1055 576 Philosopbonmenon.

245 647 326 713 tifioi
342 649 529 736 exprobrat,
544 649 608 716 illis
624 650 735 716 verbis
750 651 923 717 describit:
958 652 1005 717 Ta
1018 653 1143 739 quidem
1157 651 1355 740 (moechum)

246 747 290 810 oe
303 749 499 813 osmundum
504 749 746 835 fraternitatem
759 751 795 814 in
818 750 979 816 emlesiom
1002 751 1169 830 inducens,
1184 751 1356 816 condls'do·

247 855 310 908 nnn
341 856 371 910 et
402 848 633 912 mncincramm
661 869 728 910 cnm
760 847 908 912 dedscm
940 859 979 912 et·
1001 850 1127 912 bor-rore
1160 850 1357 935 compositum

240 944 418 1026 prosternis
440 945 476 1006 t‘n
497 945 633 1010 ameliam
656 957 728 1010 ante
751 945 874 1024 viduas
900 958 972 1010 ante
991 947 1201 1034 presbyteros,
1225 949 1357 1012 manium

245 1040 383 1106 lacinias
417 1043 625 1121 invadentem,
664 1046 801 1108 omnium
826 1045 959 1130 oestipt'o
995 1044 1188 1125 lambentem,
1226 1045 1358 1110 omnium

244 1163 346 1224 penna
373 1139 574 1219 detinentem,
603 1144 695 1228 inque
724 1166 792 1206 eum
818 1144 951 1207 bominis
979 1145 1098 1208 smitam
1124 1143 1253 1229 quande
1270 1154 1358 1228 potes

247 1237 478 1302 trasericordt'ae
501 1238 657 1304 illecebris
680 1241 778 1305 bonne
788 1252 903 1327 pastor
926 1252 956 1306 et
979 1241 1158 1306 benedictus
1175 1263 1270 1326 papa
1292 1263 1357 1304 oon·

245 1336 394 1414 riorsart's,
418 1348 448 1401 et
476 1337 512 1401 t'n
537 1338 699 1424 parabola
727 1341 794 1402 ocis
817 1363 931 1426 capras
962 1351 1033 1404 tuas
1056 1339 1192 1426 quaeris,
1217 1349 1274 1402 tna
1296 1339 1358 1401 ocis

245 1457 283 1496 'rte
299 1457 409 1498 aurens
423 1435 462 1498 de
474 1457 563 1522 prope
579 1435 708 1516 maian
721 1439 814 1523 qnasi
827 1461 891 1502 non
905 1437 1019 1502 eoeinrls
1028 1442 1100 1528 jam
1116 1436 1211 1500 liceat
1224 1436 1308 1522 qnod
1317 1457 1357 1500 se·

247 1530 306 1594 titel
315 1531 404 1595 licuit
408 1555 420 1612 ‚·
430 1544 571 1598 coeteros
581 1535 677 1598 etiarn
685 1545 768 1600 meta
777 1535 911 1622 comples
925 1559 993 1599 enm
1001 1537 1137 1600 monime
1151 1532 1318 1619 indulyeas
1325 1533 1358 1616 ¹)

334 1628 440 1694 Sicuti
470 1631 693 1697 Tertullianus
724 1634 795 1718 jam
826 1634 1105 1699 Montanistanam
1136 1639 1263 1696 sectam
1297 1652 1359 1694 am·

246 1727 372 1814 plexus,
397 1729 443 1792 ita
466 1731 565 1794 etiam
589 1732 624 1795 in
648 1732 720 1816 ipsa
738 1731 889 1796 Ecclesia
912 1741 962 1796 sat
985 1731 1079 1796 multi
1104 1751 1235 1815 semper
1259 1740 1357 1808 erant,

245 1828 302 1913 qui
334 1847 490 1911 magnam
518 1830 727 1893 severitatem
769 1839 883 1895 contre
915 1838 1103 1915 peccatores
1137 1826 1356 1914 postulabant,

245 1934 277 1988 et
300 1925 378 1990 inde
402 1926 554 2012 querelae
577 1929 612 1991 in
634 1927 825 2010 Pontifices,
860 1927 992 2014 quando
1017 1929 1150 1992 veniam
1180 1927 1359 2012 praemissa

245 2025 346 2088 etiam
369 2025 572 2109 poenitentia
596 2023 863 2114 concedebant¹).

334 2122 387 2188 38.
411 2122 559 2188 Difficile
594 2134 643 2188 est
676 2133 830 2189 accurate
861 2125 1097 2206 determinare,
1134 2125 1168 2187 in
1204 2143 1272 2208 quo
1302 2123 1359 2184 sita

244 2220 345 2284 fuerit
374 2221 535 2306 mitigatio
569 2221 763 2307 disciplinae
794 2244 894 2308 quam
918 2221 1072 2286 Callistus
1097 2221 1270 2286 concessit
1307 2219 1360 2284 Pe·

245 2319 355 2382 tavius
384 2318 506 2405 aliique
535 2321 669 2403 eruditi,
693 2329 827 2406 agentes
860 2319 901 2386 de
930 2321 1072 2386 Decreto
1105 2342 1125 2383 a
1157 2317 1358 2382 Tertulliano

245 2417 441 2502 vituperato,
473 2417 561 2505 quod
600 2419 662 2504 ipsi
692 2417 881 2504 Zephyrino
917 2417 1127 2500 adscribunt,
1159 2417 1357 2493 existimant,

245 2525 325 2578 tune
357 2514 457 2601 lapsis
486 2517 522 2580 in
550 2516 717 2582 luxuriam
748 2538 938 2582 concessam
968 2517 1069 2582 fuisse
1098 2525 1172 2602 post
1193 2515 1358 2600 poeniten·

245 2615 326 2676 tiam
350 2614 482 2700 plenam
510 2616 811 2694 reconciliationem,
845 2615 925 2680 dum
955 2615 1070 2680 eadem
1100 2614 1258 2678 anteriori
1284 2623 1347 2676 tem

246 2733 324 2798 pore
347 2711 411 2777 illis
434 2713 651 2801 negaretur³).
697 2714 931 2779 Animadverti
960 2713 1003 2778 ed
1034 2711 1097 2776 hoc
1119 2721 1238 2799 potest,
1264 2709 1357 2775 talem

246 2812 454 2876 severitatem
466 2821 576 2878 tamen
589 2834 654 2876 non
674 2812 775 2876 fuisse
786 2821 884 2876 antea
903 2811 1133 2892 universalem,
1148 2833 1188 2875 ac
1212 2819 1358 2895 tempore

246 2911 359 2974 mortis
384 2909 499 2974 saltem
523 2912 789 2975 communionem
812 2931 1002 2974 concessam
1029 2910 1140 2974 fuisse.
1186 2907 1357 2974 Caeterum

246 3030 289 3071 ox
311 3009 506 3072 testimoniis
529 3009 736 3094 antiquitatis
765 3031 881 3072 revera
904 3007 1014 3093 colligi
1037 3015 1154 3094 potest,
1179 3005 1357 3072 distinctio-

246 3128 323 3171 nem
345 3105 447 3171 fuisse
480 3107 661 3192 antiquitus
689 3106 799 3192 quoad
829 3106 993 3192 quaedam
1023 3105 1144 3170 delicta
1176 3107 1265 3168 inter
1288 3121 1357 3166 con·

247 3206 427 3270 cessionem
463 3206 684 3290 poenitentiae
723 3226 808 3291 quae
837 3204 1065 3269 reconciliaret
1096 3224 1172 3267 eum
1201 3202 1293 3284 Deo,
1330 3205 1358 3260 et

241 3302 373 3387 plenam
404 3325 481 3366 eum
504 3302 655 3367 Ecclesia
688 3303 1006 3384 reconciliationem,
1037 3303 1083 3366 ita
1107 3311 1144 3366 ut
1166 3300 1224 3366 illu
1248 3319 1357 3366 conoe-

247 3400 394 3484 deretur,
424 3399 627 3482 hasenaro,
652 3401 767 3466 saltem
790 3422 896 3489 usque
923 3401 966 3464 ari
997 3408 1146 3481 mortem,
1175 3405 1359 3482 negaretur.

321 3589 330 3624 ι
475 3586 481 3598 ·
500 3586 506 3598 ·
525 3584 530 3598 ·
627 3589 633 3606 r

320 3589 343 3736 'i
360 3587 703 3736 ῌὲωῗοῗὲιξῖηὲοὲῶηἰε
721 3665 883 3721 Diocletiani
902 3666 1002 3721 Itomae
1025 3665 1104 3720 multi
1123 3663 1208 3718 fuisse
1225 3663 1358 3722 videntur,

247 3749 292 3817 qui
311 3752 471 3802 exarserunt
488 3747 517 3800 in
535 3746 680 3801 Pontifices
699 3747 854 3802 Marcellum
882 3751 910 3801 et
928 3745 1074 3801 Eusebium
1101 3743 1134 3799 ob
1152 3743 1260 3799 veniam
1280 3741 1360 3810 lapsis

247 3843 405 3883 concessam
435 3827 476 3882 Eo
494 3827 566 3882 eninr
585 3827 655 3882 torte
668 3827 807 3895 pertinent
825 3827 964 3898 epitaphia
976 3826 1001 3881 S.
1015 3825 1132 3892 Damasi,
1151 3825 1181 3879 in
1193 3822 1359 3878 Marcellum:

253 3907 393 3962 Vendere
409 3912 495 3961 rector
520 3908 613 3976 lapsos
636 3909 703 3977 qnia
726 3908 840 3962 erimim
865 3911 929 3978 fiere
955 3937 989 3947 -
1008 3905 1164 3970 Praecinit,
1184 3903 1290 3958 miseris
1306 3901 1359 3969 fnit

245 3985 370 4042 metus
386 3985 471 4042 bostis
489 4003 608 4042 amnes.
627 4017 661 4028 -
678 3987 756 4042 Hine
772 3987 861 4056 furor,
879 3987 945 4042 hine
961 3986 1053 4041 odiant
1070 3984 1201 4056 aquitan.
1219 4013 1253 4023 -
1272 3982 1360 4048 Atque

246 4066 277 4124 in
293 4064 451 4122 Eusebium:
479 4065 628 4122 Heraclius
646 4065 731 4122 matt
749 4066 842 4136 lapsos
859 4069 975 4136 peceato
992 4063 1088 4120 dolas
1105 4093 1140 4106 -
1159 4061 1296 4118 &aalma
1314 4060 1358 4113 μ’»

246 4161 320 4202 seros
336 4146 428 4200 docuit
444 4161 498 4200 nso
515 4146 631 4202 crimina
647 4147 761 4214 aen.-
776 4145 920 4202 Scinditur
937 4147 969 4200 t'n
983 4147 1081 4214 portes
1095 4141 1218 4210 populat
1235 4141 1361 4211 placente

245 4227 346 4298 serore.
392 4223 446 4279 cn.
466 4225 506 4280 De
524 4225 611 4290 Bessi,
629 4225 764 4280 Bolletino
783 4225 830 4280 IV.
849 4241 873 4294 p
892 4226 935 4279 28.

320 4305 341 4378 ⁸)
361 4303 403 4358 Ad
421 4303 552 4376 Epiphan.
571 4305 673 4362 haeres
691 4305 764 4365 LIX.
