2810 4846
436 479 613 536 Orientalium
631 482 800 536 consuetudo.
1120 479 1169 532 tet

87 628 239 692 nitentium
273 627 485 712 negligerent,
518 624 676 711 quamdiu
708 646 774 688 non
801 623 935 710 aliquod
958 626 1081 688 crimen
1104 645 1174 709 gra·

86 727 237 790 vissimum
262 736 295 790 et
319 725 515 788 canonicum
544 723 754 790 admiserant.
799 723 959 787 Rudicres
980 721 1077 786 facile
1101 743 1173 788 cen-

86 837 153 901 sent,
175 833 312 910 peccata
334 824 463 887 interna
496 823 729 906 cogitationum
752 842 817 884 non
842 841 911 885 esse
934 828 1069 905 peccata
1092 843 1174 885 mor·

6 915 7 928 ¹
85 923 156 995 talia
179 921 331 986 homines
362 921 500 984 leviores
522 929 674 1004 poterant
706 941 743 982 eo
767 921 889 1000 venire,
913 928 950 982 ut
973 918 1175 1003 negligerent

6 1073 7 1084 ,
85 1021 306 1084 confessionem
331 1027 363 1082 et
386 1019 528 1103 peccatis
544 1017 651 1080 onusti
671 1017 714 1082 ad
737 1037 864 1080 sacram
888 1037 1033 1080 mensam
1058 1035 1174 1080 conve-

6 1179 7 1196 ,
84 1119 190 1196 nirent,
215 1116 270 1180 vel
294 1125 331 1179 ut
355 1115 522 1180 differrent
554 1116 789 1200 poenitentiam
812 1114 973 1200 agendam
1006 1113 1049 1178 ad
1072 1135 1174 1179 annos

83 1215 311 1300 subsequentes,
337 1215 468 1278 interim
491 1223 602 1276 tamen
623 1212 739 1277 diebus
759 1213 851 1277 festis
872 1201 917 1276 'ad
940 1232 1066 1276 sacram
1090 1232 1174 1276 com·

6 1371 7 1380 ,
83 1314 256 1376 munionem
287 1309 522 1396 accederent¹).
567 1309 621 1373 Ex
652 1312 693 1374 iis
726 1333 809 1396 quae
832 1312 1013 1396 antiquitus
1039 1332 1099 1396 per
1121 1309 1175 1374 ab·

6 1423 8 1478 J
83 1431 161 1474 usum
185 1411 257 1474 fieri
290 1419 440 1495 poterant
473 1418 505 1472 et
533 1409 575 1474 ab
599 1409 749 1473 Ecclesia
780 1419 891 1474 tamen
924 1408 1173 1490 damnabantur,

6 1561 8 1564 .
83 1507 151 1572 nibil
181 1530 260 1574 sane
293 1517 405 1571 contra
437 1507 606 1571 Ecclesiae
630 1507 812 1571 doctrinam
845 1505 964 1570 deduci
993 1514 1108 1592 potest.
1133 1543 1176 1554 --

83 1606 112 1666 i⁰
133 1606 305 1670 Nectarius
329 1604 463 1691 quidem
486 1603 698 1689 abrogatione
727 1603 910 1690 presbyteri
932 1605 1175 1690 poenitentiarii

81 1706 281 1768 unctionem
305 1703 461 1788 produxit
492 1704 528 1767 in
550 1703 752 1788 poenitentia
784 1699 925 1786 publica,
959 1710 991 1766 et
1022 1702 1105 1767 forte
1141 1703 1176 1766 in

81 1801 267 1886 obligatione
300 1799 476 1866 confitendi
509 1809 644 1886 peccata
674 1799 787 1864 saltem
825 1801 985 1864 canonica
1014 1798 1175 1863 destinato

78 1900 113 1964 ad
140 1901 201 1964 hoc
236 1899 443 1985 presbytero,
476 1899 534 1962 sed
565 1897 752 1963 nullatcnus
784 1896 825 1961 ab
854 1918 891 1960 ec
921 1897 1081 1960 confessio
1105 1898 1177 1982 ipsa

79 1997 223 2083 abrogata
235 1997 310 2062 fuit.
339 1996 560 2060 Luculentum
570 1995 668 2081 hujus
682 1998 729 2060 rei
742 2004 971 2079 argumentum
984 1996 1081 2058 etiam
1095 1993 1177 2058 illud

77 2096 231 2182 estquod
259 2102 332 2180 post
351 2095 541 2158 Nectarinm
562 2115 690 2180 quoqne
709 2114 812 2178 neque
828 2091 870 2156 ad
888 2103 1036 2178 tempora
1056 2101 1175 2173 nostra,

77 2195 228 2258 consessio
249 2201 406 2280 perpetuo
416 2193 504 2278 apud
518 2191 701 2257 Orientales
713 2193 812 2256 etiam
825 2188 1048 2256 schismaticos
1060 2190 1177 2276 pleros-

77 2313 133 2376 que
145 2293 322 2372 invenitur,
336 2313 474 2376 eamque
487 2291 703 2355 necessariam
719 2310 789 2354 esse
802 2291 863 2374 ipsi
878 2291 1011 2352 omnino
1023 2287 1176 2353 fatentur.

155 2390 206 2455 66.
232 2388 361 2474 Operae
389 2390 530 2474 pretium
560 2389 620 2451 erit
649 2397 809 2473 postremo
838 2387 893 2450 hic
924 2407 1178 2450 commemorare
1195 2405 1333 2478 cassatum

79 2489 281 2573 principium,
302 2486 355 2550 vel
370 2489 396 2550 si
417 2488 523 2550 mavis
542 2487 746 2572 opinionem,
771 2485 823 2549 cui
844 2483 1026 2550 Orientales
1048 2483 1109 2571 (uti
1132 2487 1179 2548 ait
1221 2467 1299 2518 ΨΜ

78 2585 197 2671 Frank)
211 2584 402 2649 adhaerent.
423 2621 467 2631 —
486 2582 669 2648 Orientales
684 2582 840 2647 videlicet
853 2603 957 2646 annos
973 2582 1178 2646 discretionis

79 2683 192 2769 quibus
216 2681 373 2767 obligatio
398 2683 610 2746 confessionis
643 2683 768 2767 incipit,
793 2703 859 2745 non
882 2679 999 2766 puerili
1023 2679 1081 2743 sed
1103 2679 1179 2742 ado-

78 2778 203 2846 lescenti
226 2781 325 2844 aetati
350 2779 542 2860 attribuunt,
568 2782 632 2844 imo
657 2779 759 2866 aliqui
783 2801 887 2864 usque
909 2779 952 2843 ad
974 2779 1178 2864 trigesimum

144 2976 162 3044 ¹)
182 2975 207 3030 S
226 2977 346 3031 Jcannes
365 2976 575 3044 charmamos,
594 2975 671 3030 Hom.
690 2976 723 3030 de
742 2975 874 3043 baptismo
884 2975 984 3030 Christi
1003 2991 1050 3030 een
1068 2977 1096 3030 in
1115 2976 1178 3043 Epi-

77 3056 206 3122 phaniam,
219 3071 299 3122 qnam
311 3055 407 3110 habuit
416 3056 444 3109 in
454 3054 669 3122 dieEpiphaniae
679 3055 853 3122 probabiliter
865 3071 888 3108 a.
898 3055 959 3120 387,
977 3055 1043 3110 haec
1060 3055 1128 3109 dicit
1146 3057 1180 3112 ed

78 3135 170 3199 fideles,
190 3135 236 3202 qni
246 3152 395 3204 permagna
409 3135 585 3190 multitudine
598 3135 643 3188 illo
656 3135 699 3189 die
718 3135 787 3190 festo
806 3141 998 3190 convenerant:
1020 3135 1094 3202 „Scio
1114 3135 1177 3194 fore,

78 3221 102 3268 nt
122 3215 328 3282 quamplurimi
349 3215 418 3283 apud
437 3231 485 3269 nos
504 3231 536 3268 ex
555 3216 619 3270 sesti
638 3216 829 3270 consuetudine
848 3217 881 3270 ad
900 3232 1003 3269 sacram
1021 3215 1090 3270 hanc
1108 3233 1180 3272 men·

75 3311 126 3349 sam
138 3299 294 3361 accurrant3
314 3311 378 3349 sane
387 3295 493 3361 quidem
503 3295 651 3362 expediret,
666 3297 691 3350 id
705 3297 774 3364 quod
793 3295 860 3350 alias
878 3311 957 3364 saepe
975 3296 1039 3361 dixi,
1058 3301 1090 3350 ut
1108 3297 1180 3352 festa

11 3366 16 3400 ³'
75 3391 238 3442 musonem
257 3375 471 3438 observarentur,
491 3375 595 3441 qnando
613 3376 806 3431 communicare
824 3393 889 3444 opus
908 3383 987 3442 meet,
1006 3377 1052 3430 sed
1070 3382 1102 3430 ut
1120 3394 1179 3432 con-

11 3444 19 3509 i
76 3457 184 3510 alenda
204 3455 387 3519 mimitatur,
415 3471 447 3509 ac
474 3460 531 3510 tum
557 3463 679 3510 sanmum
706 3457 780 3512 istud
801 3456 960 3512 sacrificinm
988 3457 1179 3525 attingeretur.

75 3535 119 3602 Qui
139 3535 213 3588 enim
231 3534 373 3602 piacularis
393 3543 435 3590 est
453 3540 481 3590 et
499 3535 658 3600 immundus,
678 3553 712 3592 ne
736 3537 765 3590 in
783 3537 852 3592 testo
871 3537 976 3604 quidem
995 3552 1109 3602 aequum
1127 3543 1179 3602 eet,

74 3623 99 3668 ut
117 3621 229 3669 sauctae
247 3614 319 3668 illins
338 3631 369 3669 ac
387 3615 540 3669 tremendae
568 3615 655 3670 carnis
680 3617 813 3685 particeps
832 3616 893 3684 liat;
922 3616 967 3683 qui
986 3632 1050 3671 vero
1068 3618 1180 3671 mundns

74 3703 110 3750 at
128 3701 154 3747 et
171 3701 303 3748 accurata
319 3697 486 3762 poenitentia
514 3697 612 3749 delicta
640 3697 777 3764 discerpit,
798 3713 857 3751 cnm
875 3698 904 3752 in
923 3696 1102 3764 solemnitate,
1122 3703 1179 3752 tum

73 3791 171 3844 semper
188 3774 288 3842 dignus
306 3774 397 3838 fuerit,
424 3775 469 3842 qui
494 3777 632 3844 mysteriis
656 3777 755 3831 divinis
783 3779 965 3842 communicet,
985 3795 1017 3832 ac
1035 3779 1085 3833 Dei
1105 3779 1180 3832 donis

74 3857 232 3922 perfruatur.
252 3855 303 3910 Sed
321 3857 446 3922 qnoniam
464 3855 521 3920 hoc,
534 3856 683 3924 nescioquo
702 3862 788 3924 pacto,
808 3857 960 3925 negligitur
978 3874 995 3911 a
1013 3858 1180 3925 quibusdam,

74 3935 200 4002 multique
218 3936 353 3990 sexcentis
372 3941 511 3990 scatentes
529 3937 672 3992 sceleribus
691 3953 749 3991 cnm
772 3938 919 3992 adventare
937 3937 1036 3992 festum
1055 3937 1180 4004 viderint,

75 4027 199 4083 unquam
220 4015 253 4070 ab
272 4016 331 4084 ipso
351 4015 394 4070 die
411 4016 531 4084 protrusi
549 4017 677 4084 mysteria
699 4033 775 4070 sacra
793 4017 963 4084 contingunt,
983 4033 1102 4084 quaene
1121 4033 1180 4071 ocn-

76 4095 100 4148 lis
120 4095 229 4162 quidem
248 4109 357 4149 cernere
376 4095 414 4149 sic
441 4095 544 4150 allectis
564 4096 604 4150 las
624 4102 679 4150 est:
708 4113 751 4151 eos
771 4097 876 4164 quidem
896 4097 941 4164 qui
959 4097 1096 4152 manifesti
1116 4103 1180 4151 sunt

75 4177 142 4231 nobis
172 4176 253 4244 plane
277 4175 436 4234 arcebimus.
457 4191 501 4230 eos
530 4191 594 4230 vero
613 4177 658 4243 qui
676 4177 752 4231 nobie
781 4177 870 4246 ignoti
889 4185 953 4235 sunt
971 4179 1027 4234 Deo
1046 4177 1177 4244 relinque·

75 4271 132 4322 mus,
152 4255 199 4323 qui
211 4255 312 4310 mentis
330 4255 457 4324 capuaque
474 4261 577 4311 secreta
595 4257 696 4311 novit.“
