2806 4848
254 487 304 539 lae
425 489 463 541 De
482 487 628 542 Arianismi
647 488 823 544 decrementis
842 505 872 542 ac
890 489 923 543 de
942 489 1019 544 Conc
1039 489 1151 546 CPtana
1170 490 1194 548 L

251 653 320 692 ruem
338 632 546 717 praeteritam
568 632 788 719 neplipcntiam
811 633 993 697 srtbobacure
1023 635 1207 700 innuebant.
1229 635 1339 722 Aposto·

253 727 346 792 licam
368 753 484 816 qnoque
508 731 682 794 doctrinam
705 731 790 794 brevi
807 731 988 816 compendio
1012 733 1123 795 iisdem
1146 732 1258 796 litteris
1277 734 1340 796 inse·

251 838 389 891 innunt.
415 867 457 874 —
480 827 562 891 Inde
586 827 689 910 rides,
714 850 778 891 non
803 829 913 892 statim
942 851 961 892 a
986 829 1133 893 Concilio
1158 829 1284 894 CPtano
1304 829 1341 891 lit·
1378 893 1379 906 ,

253 934 337 988 teras
370 924 544 1009 synodicas
577 925 714 989 Romam
747 927 862 990 missas
895 947 983 1007 esse,
1014 926 1071 990 sed
1104 926 1208 991 altero
1234 935 1341 991 tantm

253 1045 438 1087 annocum
463 1025 689 1104 invitarentur,
715 1033 750 1086 nt
773 1024 910 1088 Romam
934 1024 976 1088 ad
1000 1025 1152 1108 generale
1178 1024 1341 1090 Concilium

253 1123 413 1186 venirent.
459 1120 623 1185 Videlicet
656 1120 841 1185 Concilium
866 1119 1036 1185 CPtanum
1069 1122 1085 1185 Ι
1118 1145 1176 1208 per
1200 1145 1233 1186 se
1255 1143 1343 1186 casco·
1379 1192 1380 1209 χ

253 1221 373 1283 commu
387 1241 450 1283 non
474 1229 543 1282 erat
566 1221 799 1296 oecumenicum,
821 1219 877 1282 sed
902 1221 1064 1284 invitante
1078 1220 1263 1286 Theodosio
1285 1241 1342 1282 con·

253 1326 414 1380 venerunt
437 1318 605 1402 praecipui
630 1318 774 1402 episcopi
807 1316 980 1382 orientales
1004 1317 1178 1382 orthodoxi
1203 1329 1235 1382 et
1257 1318 1343 1382 hlase-

253 1414 397 1497 doniani,
413 1424 450 1479 ut
471 1413 708 1500 perturbationi
733 1436 817 1500 quae
841 1426 1000 1500 quantum
1024 1414 1066 1479 ad
1089 1415 1189 1480 fidem
1215 1427 1246 1480 et
1267 1415 1344 1479 disci-

253 1514 376 1600 plinam
401 1512 534 1598 vigebat
558 1516 591 1576 in
616 1511 750 1577 Oriente
782 1513 999 1577 mederentur.
1047 1513 1159 1593 Quum
1184 1517 1244 1579 ista
1266 1534 1345 1596 nego-
1380 1498 1381 1536 ¹

252 1615 298 1676 tia
330 1634 395 1675 non
428 1620 613 1698 spectarent
644 1609 767 1674 directe
800 1610 1034 1692 Occidentem,
1067 1611 1157 1676 haud
1192 1611 1344 1676 convocati

253 1711 385 1774 fuerunt
408 1710 551 1795 episcopi
577 1707 778 1790 Occidentis,
812 1718 949 1793 excepto
974 1707 1128 1773 Ascholio
1160 1708 1346 1773 Thessaloni·

254 1810 352 1890 censi,
377 1809 433 1894 qui
458 1806 642 1871 Theodosio
675 1807 894 1870 amicissimus
927 1818 1005 1871 erat.
1052 1807 1162 1894 Atque
1186 1809 1248 1870 ista
1269 1809 1299 1870 in
1319 1827 1346 1867 re
1381 1802 1382 1860 l

253 1906 348 1972 facile
372 1905 539 1970 crederem
567 1903 693 1990 aliquid
726 1905 940 1968 intervenisse
973 1905 1173 1968 infirmitatis
1202 1915 1234 1968 et
1255 1901 1348 1967 simul-

252 2005 327 2068 tatis
350 2003 524 2068 humanac.
563 1999 746 2066 Orientales
761 2001 887 2066 scilicet
901 2003 1153 2088 negligentiores
1177 2002 1347 2066 babuerunt

253 2099 491 2180 Occidentales,
525 2099 612 2185 quod
646 2100 872 2184 persecutione
911 2099 1059 2164 fervente
1092 2099 1156 2164 illis
1188 2123 1253 2164 non
1285 2121 1347 2162 cum
1382 2108 1383 2159 l

253 2201 367 2286 majori
391 2199 599 2262 festinatione
623 2199 851 2278 succurrerint,
882 2207 913 2260 et
945 2220 1027 2283 pace
1044 2198 1116 2283 jam
1148 2201 1293 2262 restituta
1313 2195 1347 2258 ad

253 2321 303 2364 res
318 2321 393 2362 suas
407 2295 652 2382 componendas
667 2317 721 2359 eos
736 2317 802 2359 uon
818 2306 987 2360 vocarunt.
1010 2295 1050 2360 In
1074 2318 1109 2359 re
1133 2295 1209 2361 fidei
1222 2315 1347 2360 examen

253 2406 285 2462 et
308 2395 527 2461 discussiones
560 2417 625 2458 non
650 2393 910 2480 requirebantur,
943 2415 1044 2480 quum
1068 2392 1258 2459 Occidentis
1280 2391 1348 2454 fides
1383 2419 1384 2428 ¹

253 2497 397 2561 Nicaeuo
431 2491 578 2557 Concilio
612 2492 787 2556 conformis
826 2490 964 2555 indubia
997 2501 1098 2572 esset,
1133 2500 1230 2577 atque
1261 2491 1347 2553 etiam

253 2593 398 2661 Orientis
428 2593 571 2677 episcopi
602 2589 775 2654 orthodoxi
800 2592 884 2654 inter
909 2613 950 2672 ,se
973 2587 1081 2675 quoad
1115 2587 1294 2653 doctrinam
1314 2583 1347 2646 dc

253 2693 356 2760 SSma
372 2691 533 2754 Trinitate
557 2687 739 2752 conformes
763 2699 880 2752 essent.
912 2685 1155 2752 Perturbationi
1179 2708 1253 2750 vero
1276 2703 1347 2770 quac

253 2794 286 2856 in
311 2789 444 2854 sedibus
473 2786 714 2872 episcopalibus
738 2785 871 2850 CPtana
903 2795 935 2849 et
958 2783 1168 2849 Antiocheae
1195 2779 1347 2850 obtinebat

253 2889 376 2954 mederi
400 2885 595 2950 studuerunt
618 2886 687 2948 sine
721 2905 882 2948 concursu
906 2883 1187 2962 Occidentalium,
1211 2877 1347 2968 quamvis

253 2987 453 3052 conveniens
476 2983 599 3064 fuisset,
624 2991 661 3046 ut
682 2982 717 3045 hi
742 3003 872 3068 quoque
892 2990 1001 3067 partes
1024 2978 1185 3046 haberent
1208 2981 1239 3044 in
1261 2975 1346 3040 rebus

253 3097 327 3171 apte
360 3080 604 3168 componendis.
643 3119 684 3126 —
722 3079 815 3144 Haec
848 3103 889 3142 cx
921 3079 1023 3142 variis
1055 3077 1256 3142 documentis
1279 3072 1347 3136 satis

253 3184 459 3268 colliguntur.

104 3295 221 3338 conessum
340 3281 394 3345 54.
418 3277 582 3343 Videlicet
613 3299 642 3340 a.
667 3277 729 3340 381
765 3297 875 3338 mense
899 3274 1048 3359 Augusto
1072 3272 1252 3360 Aquileiae,
1275 3265 1346 3331 Gra·

92 3357 236 3408 lq⁰¹⁸⁰¹⁰¹¹⁵⁸
253 3381 341 3443 tiano
358 3377 441 3463 Imp.
466 3382 616 3454 curante,
639 3373 815 3438 concilium
839 3371 989 3436 habitum
1004 3381 1061 3453 est,
1077 3369 1226 3458 praeside
1238 3366 1345 3432 Sancto

253 3476 426 3542 Ambrosio
460 3497 499 3537 ac
531 3470 758 3558 praesentibus
790 3471 925 3554 triginta
967 3468 1094 3533 duobus
1127 3463 1280 3554 episcopis
1311 3481 1345 3522 es

253 3577 353 3640 variis
376 3570 565 3656 regionibns
580 3569 780 3650 Occidentis,
805 3567 929 3632 scilicet
952 3566 1113 3648 exltalia,
1138 3564 1250 3642 Gallia,
1272 3559 1344 3623 Pan-

253 3675 362 3754 nonia,
387 3671 510 3751 Africa,
544 3689 682 3755 quorum
715 3666 817 3752 aliqui
850 3667 994 3750 integras
1026 3665 1213 3751 provincias
1233 3677 1344 3742 reprae-

253 3770 436 3836 sentabant.
483 3767 521 3830 ln
545 3764 608 3829 hac
640 3764 766 3848 synodo
791 3763 938 3827 damnati
963 3772 1039 3826 sunt
1061 3759 1226 3826 Palladius
1246 3763 1274 3818 et
1296 3753 1344 3812 St·

253 3869 437 3934 cundianus
469 3865 613 3950 episcopi
637 3863 771 3947 lllyrici,
806 3871 837 3926 et
859 3861 990 3925 Attalns
1022 3859 1207 3946 presbyter,
1230 3851 1345 3918 Ariani.

252 3965 406 4032 Pluribus
428 3963 544 4026 litteris
568 3961 609 4026 de
641 3959 738 4026 rebus
769 3961 869 4043 gestis
897 3959 1043 4045 episcopi
1067 3957 1208 4021 referunt
1228 3947 1265 4015 sd
1287 3947 1344 4010 lm·

253 4074 417 4152 pecatores
440 4059 672 4142 Theodosium,
689 4057 886 4124 Gratianum
909 4061 943 4121 e't
958 4055 1231 4130 Valentinianum,
1253 4057 1344 4129 atquc

253 4162 287 4225 in
321 4183 386 4224 una
419 4181 459 4222 cx
492 4158 543 4222 his
573 4156 717 4242 epistolis
749 4154 815 4242 (ap.
839 4153 1051 4218 Ambrosium
1085 4175 1135 4238 ep.
1169 4145 1230 4232 12⁸)
1250 4145 1341 4206 etiam

253 4267 356 4342 agunt
378 4257 418 4320 de
443 4255 614 4320 discordiis
639 4257 724 4318 inter
747 4252 933 4317 Catholicae
956 4250 1111 4332 Orientis,
1135 4271 1172 4313 ac
1193 4245 1230 4309 dc
1249 4259 1342 4304 causa
