2766 4836
206 383 241 436 44
455 385 495 439 ns
514 385 660 440 sesanna
679 385 744 439 am
763 401 794 440 a
811 384 844 439 os
862 385 939 455 lapsu
959 385 1070 444 nisset.

208 525 297 590 illam
321 527 494 592 Sozomeui
519 532 758 593 enarrationem
774 539 810 593 ut
832 531 964 594 veritati
987 552 1163 596 consonam
1187 533 1300 596 admitti

208 645 302 709 posse
327 625 546 691 ostendemus.
593 628 658 694 Sed
682 637 780 691 antea
794 636 920 714 oportet
943 631 1058 714 paucis
1081 629 1236 716 quosdam
1257 629 1301 693 ad-

207 721 272 786 hue
295 745 550 788 commemorare
574 735 722 790 eventus.

295 821 347 886 60.
374 820 584 886 Constantius
607 825 789 908 Imperator
811 845 841 888 a.
864 824 930 889 358
954 846 1056 910 quum
1085 825 1195 890 Sirmii
1223 837 1302 902 esset,

206 919 357 1004 generale
390 921 565 984 concilium
596 943 779 986 convocare
811 924 933 1004 statuit,
966 930 1003 985 ut
1034 926 1155 987 canetis
1181 924 1303 988 menn

1351 4459 1352 4504 t

207 1019 361 1102 episcopis
389 1019 433 1082 ad
465 1019 641 1084 Occidentis
668 1031 780 1106 partes
808 1022 982 1098 accersitis,
1006 1023 1178 1098 universos,
1203 1023 1230 1084 ri
1241 1019 1304 1104 fieri

201 1125 319 1200 posset,
353 1116 396 1179 od
428 1120 521 1181 anias
538 1105 627 1200 'fides'
658 1119 857 1183 concordiam
889 1116 1102 1204 addiscerct¹l
1155 1116 1303 1181 Suadente

206 1211 329 1276 Basilio
353 1213 531 1298 Aneyrano
565 1216 642 1280 urbs
665 1201 860 1280 Nicomedia
890 1215 1061 1299 designata
1091 1223 1142 1279 est
1169 1226 1205 1279 ut
1226 1213 1303 1278 sedes

207 1321 293 1374 esset
316 1312 463 1393 concilii3
494 1313 551 1377 sed
584 1323 689 1378 terrae
719 1323 931 1400 metuatque
960 1311 1114 1378 incendio
1139 1312 1252 1377 eadem
1272 1312 1304 1374 ri·

208 1410 293 1472 vitas
317 1410 370 1473 die
394 1411 437 1474 24
466 1411 609 1494 Augusti
642 1436 672 1476 a.
696 1411 761 1476 358
792 1413 923 1496 penitus
951 1409 1014 1474 fuit
1038 1411 1214 1476 destructa.
1256 1409 1305 1474 ln·

205 1517 335 1590 perator
357 1507 434 1572 dein
457 1509 587 1573 influxu
620 1509 874 1588 Anemoeorum,
910 1511 956 1572 uti
988 1509 1120 1576 videtur
1154 1520 1304 1595 permotus

207 1615 264 1686 est,
289 1614 325 1668 ut
348 1606 412 1671 duo
436 1613 586 1692 s'eparnta
609 1608 759 1689 eoncilia,
776 1607 915 1672 alterum
925 1607 1146 1673 Orientalium
1163 1607 1305 1672 senuna

207 1702 346 1768 alterum
361 1704 624 1770 Occidentalium
637 1707 777 1770 Arimini
800 1715 1024 1792 congregaret.
1048 1707 1193 1770 Arimini
1209 1725 1305 1769 mense

207 1803 295 1866 Maio
319 1825 349 1866 a.
373 1805 438 1867 359
462 1804 547 1868 ultra
575 1804 807 1890 quadringenti
833 1807 977 1892 episcopi
1003 1803 1224 1869 occidentales
1247 1825 1307 1865 cou-

207 1911 378 1966 venerunt.
424 1902 554 1966 Interea
578 1923 655 1966 vero
690 1902 792 1988 aliqui
824 1904 986 1988 episcopi,
1015 1905 1072 1994 qui
1103 1903 1140 1980 in
1165 1903 1307 1966 eomitttu

206 1999 416 2083 Imperatoris
438 2001 551 2066 Sirmii
574 2009 680 2082 erant,
706 1999 879 2066 eonsilium
904 2003 1058 2082 inierunt,
1084 2007 1120 2062 ut
1145 1997 1304 2063 formulam

208 2107 441 2182 componerent
463 2098 551 2180 fidei,
577 2120 676 2184 quam
708 2109 857 2184 paratam
890 2103 1020 2185 utrique
1051 2095 1192 2164 concilio
1220 2095 1306 2159 defer·

207 2205 280 2258 rent
303 2195 551 2280 admittendam,
585 2198 684 2283 idque
718 2196 930 2262 Constantius
962 2197 1202 2282 conlprobavit.
1244 2193 1306 2258 Pro·

207 2293 330 2356 fectum
354 2304 404 2358 est
426 2295 507 2360 illud
531 2296 705 2360 consilium
722 2296 771 2379 ¹sb
796 2297 958 2382 episcopis
982 2296 1037 2381 qui
1061 2293 1213 2380 partibus
1234 2293 1307 2356 Ano-

208 2413 375 2455 moeorum
408 2393 532 2458 addicti
557 2403 668 2475 erant,
692 2393 791 2480 idque
823 2393 1052 2474 intrudebant,
1076 2401 1113 2456 ut
1137 2387 1306 2476 symbolum

209 2489 403 2553 conderetur
426 2491 629 2578 ambiguum,
654 2491 742 2578 quod
765 2491 808 2556 ab
830 2492 1009 2556 Auomoeis
1032 2491 1129 2555 simul
1156 2488 1305 2555 etSemia·

208 2587 310 2652 rianis
341 2590 443 2674 recipi
477 2599 603 2674 posset3
640 2591 862 2654 Semiarianos
895 2611 973 2653 vero
1006 2589 1180 2654 Praesules
1209 2585 1304 2650 Sirmii

208 2696 395 2770 praesentes
427 2688 501 2752 aliis
532 2689 757 2774 praetextibus
790 2689 1089 2767 circumvenerunt,
1122 2693 1162 2750 ut
1192 2685 1251 2770 ipsi
1279 2684 1305 2744 iu

79 2781 98 2810 ¹¹²
126 2781 168 2874 ,J
209 2784 350 2868 symboli
374 2788 597 2850 exarationem
622 2788 853 2852 consentirent.
899 2786 1011 2850 Marco
1032 2784 1217 2851 Arethusae
1239 2781 1305 2866 epis·

188 2902 291 2966 ¹copo
325 2887 535 2948 commissum
567 2884 648 2966 fuit,
681 2895 718 2948 ut
749 2884 924 2948 formulam
960 2885 1186 2964 concinnaret,
1219 2899 1305 2963 esque

208 2989 282 3065 post
304 2981 423 3046 multas
447 2983 666 3047 discussiones
695 2991 791 3046 noete
818 2981 1037 3069 ‘praecedente
1065 2982 1186 3045 festum
1209 2979 1306 3042 Pente·

209 3088 313 3142 costes
337 3079 404 3166 (22.
430 3079 524 3166 Maii)
548 3101 577 3145 a.
602 3081 667 3146 359
691 3081 840 3145 coniectu
868 3080 941 3145 fuit.
990 3081 1080 3144 llaec
1103 3087 1154 3142 est
1177 3101 1214 3142 ee
1236 3093 1307 3160 quae

209 3176 275 3240 dici
291 3177 372 3242 solet
396 3181 491 3243 tertia
505 3179 653 3264 fornslu
672 3179 876 3258 Sirmiensis,·
899 3178 1023 3264 aliquot
1036 3189 1148 3242 nmen
1164 3183 1304 3241 auctores.

209 3276 256 3338 uti
281 3275 434 3342 Valesius
452 3287 489 3340 ¹et
512 3277 638 3361 Helela,
654 3283 712 3362 pre
733 3299 792 3341 sua
807 3294 906 3363 quam
922 3276 1145 3341 indicavimus
1170 3271 1305 3359 opinions

209 3393 281 3438 eam
305 3386 450 3459 quartam
464 3375 642 3461 famulans
666 3376 841 3440 dicendam
866 3390 936 3439 esse
959 3373 1172 3438 arbitrantur.

298 3473 350 3536 61.
374 3473 468 3538 Haec
492 3473 631 3538 formula
655 3474 814 3560 inscripta
837 3479 925 3537 erat:
964 3471 1064 3536 Edita
1096 3473 1143 3535 est
1169 3465 1305 3534 cuilatico

200 3571 285 3654 fides
313 3584 478 3656 praesente
510 3573 636 3636 domino
665 3583 772 3636 nostro
802 3572 947 3658 piissimo
980 3581 1013 3634 ct*
1037 3569 1179 3635 uictoriis
1207 3561 1305 3630 eximit

208 3671 396 3754 imperatore
423 3668 608 3735 Constantio
628 3670 779 3758 Aaqnsto,
803 3679 940 3747 aeterno,
963 3667 1153 3747 acerarundo,
1176 3663 1229 3728 snb
1249 3681 1305 3724 sot·

209 3765 316 3830 saints
339 3765 519 3831 Alaeior‘nnt
551 3768 681 3832 Ensedis'
710 3778 739 3831 et
770 3767 909 3854 Hsprntii
936 3759 1189 3842 eldrissiinornrn,
1213 3753 1306 3824 Sirmii

208 3866 390 3928 undecimus
413 3865 563 3930 calendas
590 3867 719 3930 Jaatae.
753 3903 797 3912 -
829 3865 918 3928 Dein
940 3863 1097 3950 professio
1126 3859 1305 3948 sequebatur

210 3962 306 4044 fidei3
331 3965 416 4028 inter
438 3964 519 4028 alia:
543 3965 582 4028 In
604 3987 700 4028 annm
726 3963 919 4049 nniqcnitant
942 3960 1057 4026 titium
1081 3961 1144 4025 Dei
1165 3969 1234 4023 ante
1254 3975 1302 4017 om·

286 4170 304 4240 ι)
323 4170 451 4235 socratis
470 4169 504 4224 u.
524 4164 555 4226 s.
574 4164 609 4225 11.
627 4167 671 4222 ss.

1342 4513 1352 4758 l
