<?xml version="1.0" encoding="UTF-8"?>
<!DOCTYPE html PUBLIC "-//W3C//DTD XHTML 1.0 Transitional//EN"
    "http://www.w3.org/TR/xhtml1/DTD/xhtml1-transitional.dtd">
<html xmlns="http://www.w3.org/1999/xhtml" xml:lang="en" lang="en">
 <head>
  <title>
</title>
<meta http-equiv="Content-Type" content="text/html;charset=utf-8" />
  <meta name='ocr-system' content='tesseract 3.04.00' />
  <meta name='ocr-capabilities' content='ocr_page ocr_carea ocr_par ocr_line ocrx_word'/>
</head>
<body>
  <div class='ocr_page' id='page_1' title='image "./dissertationess02junggoog_0401.png"; bbox 0 0 2790 4812; ppageno 0'>
   <div class='ocr_carea' id='block_1_1' title="bbox 212 456 1047 514">
    <p class='ocr_par' dir='ltr' id='par_1_1' title="bbox 212 456 1047 514">
     <span class='ocr_line' id='line_1_1' title="bbox 212 456 1047 514; baseline 0.002 -2"><span class='ocrx_word' id='word_1_1' title='bbox 212 461 265 512; x_wconf 77' lang='lat'><strong>894</strong></span> <span class='ocrx_word' id='word_1_2' title='bbox 495 459 535 510; x_wconf 89' lang='lat' dir='ltr'><strong>De</strong></span> <span class='ocrx_word' id='word_1_3' title='bbox 553 457 706 512; x_wconf 82' lang='lat' dir='ltr'><strong>Arianismo</strong></span> <span class='ocrx_word' id='word_1_4' title='bbox 724 473 756 510; x_wconf 84' lang='lat' dir='ltr'><strong>ac</strong></span> <span class='ocrx_word' id='word_1_5' title='bbox 773 457 806 511; x_wconf 90' lang='lat' dir='ltr'><strong>de</strong></span> <span class='ocrx_word' id='word_1_6' title='bbox 824 456 903 512; x_wconf 81' lang='lat' dir='ltr'><strong>Gonc</strong></span> <span class='ocrx_word' id='word_1_7' title='bbox 922 457 1047 514; x_wconf 86' lang='lat' dir='ltr'><strong>Nicaeae.</strong></span> 
     </span>
    </p>
   </div>
   <div class='ocr_carea' id='block_1_2' title="bbox 213 599 1342 2448">
    <p class='ocr_par' dir='ltr' id='par_1_2' title="bbox 213 599 1340 785">
     <span class='ocr_line' id='line_1_2' title="bbox 213 599 1340 690; baseline 0.001 -23"><span class='ocrx_word' id='word_1_8' title='bbox 213 601 383 668; x_wconf 86' lang='lat' dir='ltr'><strong>diolanum</strong></span> <span class='ocrx_word' id='word_1_9' title='bbox 405 602 449 666; x_wconf 90' lang='lat' dir='ltr'><strong>ad</strong></span> <span class='ocrx_word' id='word_1_10' title='bbox 473 621 569 666; x_wconf 89' lang='lat' dir='ltr'><strong>suum</strong></span> <span class='ocrx_word' id='word_1_11' title='bbox 601 599 747 666; x_wconf 89' lang='lat' dir='ltr'><strong>tribunal</strong></span> <span class='ocrx_word' id='word_1_12' title='bbox 779 601 964 684; x_wconf 77' lang='lat' dir='ltr'><strong>accersivit,</strong></span> <span class='ocrx_word' id='word_1_13' title='bbox 997 603 1166 690; x_wconf 71' lang='lat' dir='ltr'><strong>ipsiusque</strong></span> <span class='ocrx_word' id='word_1_14' title='bbox 1188 604 1340 690; x_wconf 84' lang='lat' dir='ltr'><strong>Impera-</strong></span> 
     </span>
     <span class='ocr_line' id='line_1_3' title="bbox 213 698 991 785; baseline -0.003 -19"><span class='ocrx_word' id='word_1_15' title='bbox 213 703 292 766; x_wconf 88' lang='lat' dir='ltr'><strong>toris</strong></span> <span class='ocrx_word' id='word_1_16' title='bbox 315 701 478 764; x_wconf 89' lang='lat' dir='ltr'><strong>sententia</strong></span> <span class='ocrx_word' id='word_1_17' title='bbox 501 699 620 763; x_wconf 88' lang='lat' dir='ltr'><strong>iterum</strong></span> <span class='ocrx_word' id='word_1_18' title='bbox 642 701 708 785; x_wconf 92' lang='lat' dir='ltr'><strong>ipsi</strong></span> <span class='ocrx_word' id='word_1_19' title='bbox 731 698 880 764; x_wconf 86' lang='lat' dir='ltr'><strong>damnati</strong></span> <span class='ocrx_word' id='word_1_20' title='bbox 904 709 991 764; x_wconf 89' lang='lat' dir='ltr'><strong>sunt.</strong></span> 
     </span>
    </p>

    <p class='ocr_par' dir='ltr' id='par_1_3' title="bbox 214 795 1342 2448">
     <span class='ocr_line' id='line_1_4' title="bbox 301 795 1340 883; baseline 0 -19"><span class='ocrx_word' id='word_1_21' title='bbox 301 799 356 864; x_wconf 73' lang='lat'><strong>5⁶2.</strong></span> <span class='ocrx_word' id='word_1_22' title='bbox 382 797 493 878; x_wconf 81' lang='lat' dir='ltr'><strong>Quum</strong></span> <span class='ocrx_word' id='word_1_23' title='bbox 517 819 596 860; x_wconf 83' lang='lat' dir='ltr'><strong>vero</strong></span> <span class='ocrx_word' id='word_1_24' title='bbox 620 806 668 862; x_wconf 90' lang='lat' dir='ltr'><strong>tet</strong></span> <span class='ocrx_word' id='word_1_25' title='bbox 676 797 815 883; x_wconf 87' lang='lat' dir='ltr'><strong>judiciis</strong></span> <span class='ocrx_word' id='word_1_26' title='bbox 828 797 942 883; x_wconf 87' lang='lat' dir='ltr'><strong>rejecti</strong></span> <span class='ocrx_word' id='word_1_27' title='bbox 967 795 1170 863; x_wconf 89' lang='lat' dir='ltr'><strong>schismatici</strong></span> <span class='ocrx_word' id='word_1_28' title='bbox 1195 798 1243 862; x_wconf 91' lang='lat' dir='ltr'><strong>illi</strong></span> <span class='ocrx_word' id='word_1_29' title='bbox 1269 821 1340 864; x_wconf 93' lang='lat' dir='ltr'><strong>non</strong></span> 
     </span>
     <span class='ocr_line' id='line_1_5' title="bbox 214 894 1341 986; baseline -0.001 -23"><span class='ocrx_word' id='word_1_30' title='bbox 214 900 438 986; x_wconf 79' lang='lat' dir='ltr'><strong>quiescerent,</strong></span> <span class='ocrx_word' id='word_1_31' title='bbox 472 895 531 962; x_wconf 92' lang='lat' dir='ltr'><strong>sed</strong></span> <span class='ocrx_word' id='word_1_32' title='bbox 563 894 742 960; x_wconf 90' lang='lat' dir='ltr'><strong>catholicos</strong></span> <span class='ocrx_word' id='word_1_33' title='bbox 766 896 1004 981; x_wconf 83' lang='lat' dir='ltr'><strong>opprimerent,</strong></span> <span class='ocrx_word' id='word_1_34' title='bbox 1029 898 1206 983; x_wconf 83' lang='lat' dir='ltr'><strong>ipsumque</strong></span> <span class='ocrx_word' id='word_1_35' title='bbox 1229 897 1341 984; x_wconf 86' lang='lat' dir='ltr'><strong>Impe-</strong></span> 
     </span>
     <span class='ocr_line' id='line_1_6' title="bbox 214 993 1339 1082; baseline -0.004 -20"><span class='ocrx_word' id='word_1_36' title='bbox 214 1006 353 1062; x_wconf 89' lang='lat' dir='ltr'><strong>ratorem</strong></span> <span class='ocrx_word' id='word_1_37' title='bbox 377 993 665 1080; x_wconf 81' lang='lat' dir='ltr'><strong>reprehenderent,</strong></span> <span class='ocrx_word' id='word_1_38' title='bbox 682 993 919 1058; x_wconf 82' lang='lat' dir='ltr'><strong>Constantinus</strong></span> <span class='ocrx_word' id='word_1_39' title='bbox 941 1015 1066 1081; x_wconf 90' lang='lat' dir='ltr'><strong>poenas</strong></span> <span class='ocrx_word' id='word_1_40' title='bbox 1088 1015 1202 1060; x_wconf 88' lang='lat' dir='ltr'><strong>eorum</strong></span> <span class='ocrx_word' id='word_1_41' title='bbox 1227 996 1339 1082; x_wconf 86' lang='lat' dir='ltr'><strong>pervi-</strong></span> 
     </span>
     <span class='ocr_line' id='line_1_7' title="bbox 215 1089 1342 1179; baseline -0.003 -19"><span class='ocrx_word' id='word_1_42' title='bbox 215 1096 326 1160; x_wconf 90' lang='lat' dir='ltr'><strong>caciae</strong></span> <span class='ocrx_word' id='word_1_43' title='bbox 349 1092 563 1179; x_wconf 87' lang='lat' dir='ltr'><strong>opponendas</strong></span> <span class='ocrx_word' id='word_1_44' title='bbox 586 1101 686 1174; x_wconf 87' lang='lat' dir='ltr'><strong>ratus,</strong></span> <span class='ocrx_word' id='word_1_45' title='bbox 711 1093 752 1156; x_wconf 92' lang='lat' dir='ltr'><strong>iis</strong></span> <span class='ocrx_word' id='word_1_46' title='bbox 776 1089 932 1156; x_wconf 85' lang='lat' dir='ltr'><strong>ecclesias</strong></span> <span class='ocrx_word' id='word_1_47' title='bbox 965 1093 1047 1177; x_wconf 91' lang='lat' dir='ltr'><strong>eripi</strong></span> <span class='ocrx_word' id='word_1_48' title='bbox 1077 1101 1252 1157; x_wconf 87' lang='lat' dir='ltr'><strong>eteorum</strong></span> <span class='ocrx_word' id='word_1_49' title='bbox 1275 1097 1342 1178; x_wconf 92' lang='lat' dir='ltr'><strong>pri-</strong></span> 
     </span>
     <span class='ocr_line' id='line_1_8' title="bbox 215 1187 1340 1275; baseline -0.003 -17"><span class='ocrx_word' id='word_1_50' title='bbox 215 1195 336 1258; x_wconf 84' lang='lat' dir='ltr'><strong>marios</strong></span> <span class='ocrx_word' id='word_1_51' title='bbox 358 1193 393 1256; x_wconf 90' lang='lat' dir='ltr'><strong>in</strong></span> <span class='ocrx_word' id='word_1_52' title='bbox 417 1189 554 1254; x_wconf 86' lang='lat' dir='ltr'><strong>exilium</strong></span> <span class='ocrx_word' id='word_1_53' title='bbox 586 1191 729 1274; x_wconf 78' lang='lat' dir='ltr'><strong>migrare</strong></span> <span class='ocrx_word' id='word_1_54' title='bbox 759 1190 868 1275; x_wconf 89' lang='lat' dir='ltr'><strong>jussit.</strong></span> <span class='ocrx_word' id='word_1_55' title='bbox 914 1188 961 1255; x_wconf 87' lang='lat' dir='ltr'><strong>At</strong></span> <span class='ocrx_word' id='word_1_56' title='bbox 984 1211 1046 1254; x_wconf 92' lang='lat' dir='ltr'><strong>nec</strong></span> <span class='ocrx_word' id='word_1_57' title='bbox 1075 1190 1128 1254; x_wconf 91' lang='lat' dir='ltr'><strong>his</strong></span> <span class='ocrx_word' id='word_1_58' title='bbox 1151 1187 1340 1255; x_wconf 84' lang='lat' dir='ltr'><strong>schismati-</strong></span> 
     </span>
     <span class='ocr_line' id='line_1_9' title="bbox 215 1286 1340 1374; baseline -0.004 -18"><span class='ocrx_word' id='word_1_59' title='bbox 215 1311 328 1356; x_wconf 89' lang='lat' dir='ltr'><strong>corum</strong></span> <span class='ocrx_word' id='word_1_60' title='bbox 352 1287 493 1352; x_wconf 76' lang='lat' dir='ltr'><strong>audacie</strong></span> <span class='ocrx_word' id='word_1_61' title='bbox 515 1288 620 1352; x_wconf 81' lang='lat' dir='ltr'><strong>fracta</strong></span> <span class='ocrx_word' id='word_1_62' title='bbox 643 1296 702 1366; x_wconf 88' lang='lat' dir='ltr'><strong>est,</strong></span> <span class='ocrx_word' id='word_1_63' title='bbox 726 1286 785 1352; x_wconf 87' lang='lat' dir='ltr'><strong>sed</strong></span> <span class='ocrx_word' id='word_1_64' title='bbox 809 1288 843 1350; x_wconf 88' lang='lat' dir='ltr'><strong>vi</strong></span> <span class='ocrx_word' id='word_1_65' title='bbox 866 1288 1032 1372; x_wconf 86' lang='lat' dir='ltr'><strong>armisque</strong></span> <span class='ocrx_word' id='word_1_66' title='bbox 1055 1287 1274 1374; x_wconf 87' lang='lat' dir='ltr'><strong>Imperatoris</strong></span> <span class='ocrx_word' id='word_1_67' title='bbox 1298 1286 1340 1351; x_wconf 91' lang='lat' dir='ltr'><strong>le-</strong></span> 
     </span>
     <span class='ocr_line' id='line_1_10' title="bbox 214 1383 1339 1474; baseline -0.003 -22"><span class='ocrx_word' id='word_1_68' title='bbox 214 1388 312 1474; x_wconf 83' lang='lat' dir='ltr'><strong>gibus</strong></span> <span class='ocrx_word' id='word_1_69' title='bbox 334 1388 533 1452; x_wconf 89' lang='lat' dir='ltr'><strong>restiterunt.</strong></span> <span class='ocrx_word' id='word_1_70' title='bbox 558 1383 794 1452; x_wconf 85' lang='lat' dir='ltr'><strong>Constantinus</strong></span> <span class='ocrx_word' id='word_1_71' title='bbox 807 1384 1081 1470; x_wconf 73' lang='lat' dir='ltr'><strong>indignabundus</strong></span> <span class='ocrx_word' id='word_1_72' title='bbox 1104 1405 1159 1450; x_wconf 85' lang='lat' dir='ltr'><strong>eos</strong></span> <span class='ocrx_word' id='word_1_73' title='bbox 1174 1395 1339 1472; x_wconf 81' lang='lat' dir='ltr'><strong>tanquam</strong></span> 
     </span>
     <span class='ocr_line' id='line_1_11' title="bbox 215 1481 1339 1568; baseline -0.003 -18"><span class='ocrx_word' id='word_1_74' title='bbox 215 1485 365 1550; x_wconf 90' lang='lat' dir='ltr'><strong>homines</strong></span> <span class='ocrx_word' id='word_1_75' title='bbox 389 1481 629 1568; x_wconf 85' lang='lat' dir='ltr'><strong>incorrigibiles</strong></span> <span class='ocrx_word' id='word_1_76' title='bbox 651 1504 740 1548; x_wconf 86' lang='lat' dir='ltr'><strong>anno</strong></span> <span class='ocrx_word' id='word_1_77' title='bbox 763 1483 839 1564; x_wconf 79' lang='lat'><strong>321,</strong></span> <span class='ocrx_word' id='word_1_78' title='bbox 865 1483 975 1547; x_wconf 90' lang='lat' dir='ltr'><strong>minus</strong></span> <span class='ocrx_word' id='word_1_79' title='bbox 997 1482 1179 1568; x_wconf 85' lang='lat' dir='ltr'><strong>prudenter</strong></span> <span class='ocrx_word' id='word_1_80' title='bbox 1201 1503 1339 1547; x_wconf 81' lang='lat' dir='ltr'><strong>revoca·</strong></span> 
     </span>
     <span class='ocr_line' id='line_1_12' title="bbox 215 1579 1340 1668; baseline -0.003 -20"><span class='ocrx_word' id='word_1_81' title='bbox 215 1587 258 1648; x_wconf 90' lang='lat' dir='ltr'><strong>tis</strong></span> <span class='ocrx_word' id='word_1_82' title='bbox 281 1586 349 1648; x_wconf 91' lang='lat' dir='ltr'><strong>suis</strong></span> <span class='ocrx_word' id='word_1_83' title='bbox 371 1581 509 1668; x_wconf 83' lang='lat' dir='ltr'><strong>legibus,</strong></span> <span class='ocrx_word' id='word_1_84' title='bbox 533 1580 593 1645; x_wconf 83' lang='lat' dir='ltr'><strong>soli</strong></span> <span class='ocrx_word' id='word_1_85' title='bbox 618 1581 753 1644; x_wconf 87' lang='lat' dir='ltr'><strong>divinae</strong></span> <span class='ocrx_word' id='word_1_86' title='bbox 783 1580 954 1645; x_wconf 85' lang='lat' dir='ltr'><strong>vindictae</strong></span> <span class='ocrx_word' id='word_1_87' title='bbox 977 1579 1121 1668; x_wconf 84' lang='lat' dir='ltr'><strong>reliquit</strong></span> <span class='ocrx_word' id='word_1_88' title='bbox 1146 1581 1249 1646; x_wconf 86' lang='lat' dir='ltr'><strong>Unde</strong></span> <span class='ocrx_word' id='word_1_89' title='bbox 1274 1583 1340 1646; x_wconf 80' lang='lat' dir='ltr'><strong>iac-</strong></span> 
     </span>
     <span class='ocr_line' id='line_1_13' title="bbox 216 1677 1342 1762; baseline -0.004 -16"><span class='ocrx_word' id='word_1_90' title='bbox 216 1692 286 1748; x_wconf 86' lang='lat' dir='ltr'><strong>tum</strong></span> <span class='ocrx_word' id='word_1_91' title='bbox 316 1689 377 1762; x_wconf 79' lang='lat' dir='ltr'><strong>est,</strong></span> <span class='ocrx_word' id='word_1_92' title='bbox 401 1688 438 1742; x_wconf 92' lang='lat' dir='ltr'><strong>ut</strong></span> <span class='ocrx_word' id='word_1_93' title='bbox 461 1680 665 1760; x_wconf 71' lang='lat' dir='ltr'><strong>Donatistae,</strong></span> <span class='ocrx_word' id='word_1_94' title='bbox 698 1677 857 1742; x_wconf 84' lang='lat' dir='ltr'><strong>adhibitis</strong></span> <span class='ocrx_word' id='word_1_95' title='bbox 886 1679 985 1742; x_wconf 84' lang='lat' dir='ltr'><strong>etiam</strong></span> <span class='ocrx_word' id='word_1_96' title='bbox 1010 1687 1124 1743; x_wconf 77' lang='lat' dir='ltr'><strong>conce</strong></span> <span class='ocrx_word' id='word_1_97' title='bbox 1148 1677 1342 1743; x_wconf 74' lang='lat' dir='ltr'><strong>Catholicae</strong></span> 
     </span>
     <span class='ocr_line' id='line_1_14' title="bbox 216 1775 1341 1863; baseline -0.004 -20"><span class='ocrx_word' id='word_1_98' title='bbox 216 1778 391 1860; x_wconf 87' lang='lat' dir='ltr'><strong>violentiis,</strong></span> <span class='ocrx_word' id='word_1_99' title='bbox 415 1777 574 1841; x_wconf 88' lang='lat' dir='ltr'><strong>latissime</strong></span> <span class='ocrx_word' id='word_1_100' title='bbox 605 1798 640 1840; x_wconf 90' lang='lat' dir='ltr'><strong>se</strong></span> <span class='ocrx_word' id='word_1_101' title='bbox 671 1797 730 1863; x_wconf 93' lang='lat' dir='ltr'><strong>per</strong></span> <span class='ocrx_word' id='word_1_102' title='bbox 761 1775 912 1840; x_wconf 88' lang='lat' dir='ltr'><strong>Africam</strong></span> <span class='ocrx_word' id='word_1_103' title='bbox 945 1785 1175 1861; x_wconf 80' lang='lat' dir='ltr'><strong>propagarent.</strong></span> <span class='ocrx_word' id='word_1_104' title='bbox 1234 1775 1341 1840; x_wconf 71' lang='lat' dir='ltr'><strong>Extra</strong></span> 
     </span>
     <span class='ocr_line' id='line_1_15' title="bbox 217 1872 1342 1940; baseline -0.003 0"><span class='ocrx_word' id='word_1_105' title='bbox 217 1877 366 1940; x_wconf 79' lang='lat' dir='ltr'><strong>Africam</strong></span> <span class='ocrx_word' id='word_1_106' title='bbox 399 1896 477 1938; x_wconf 90' lang='lat' dir='ltr'><strong>vero</strong></span> <span class='ocrx_word' id='word_1_107' title='bbox 510 1895 624 1938; x_wconf 91' lang='lat' dir='ltr'><strong>omnes</strong></span> <span class='ocrx_word' id='word_1_108' title='bbox 647 1873 806 1938; x_wconf 91' lang='lat' dir='ltr'><strong>ecclesiae</strong></span> <span class='ocrx_word' id='word_1_109' title='bbox 839 1895 916 1938; x_wconf 92' lang='lat' dir='ltr'><strong>cum</strong></span> <span class='ocrx_word' id='word_1_110' title='bbox 940 1872 1131 1939; x_wconf 86' lang='lat' dir='ltr'><strong>Caeciliano</strong></span> <span class='ocrx_word' id='word_1_111' title='bbox 1154 1873 1342 1938; x_wconf 90' lang='lat' dir='ltr'><strong>communi-</strong></span> 
     </span>
     <span class='ocr_line' id='line_1_16' title="bbox 217 1971 1342 2054; baseline -0.002 -16"><span class='ocrx_word' id='word_1_112' title='bbox 217 1974 347 2039; x_wconf 88' lang='lat' dir='ltr'><strong>cabant.</strong></span> <span class='ocrx_word' id='word_1_113' title='bbox 394 1973 483 2037; x_wconf 91' lang='lat' dir='ltr'><strong>Hinc</strong></span> <span class='ocrx_word' id='word_1_114' title='bbox 518 1971 718 2036; x_wconf 86' lang='lat' dir='ltr'><strong>schismatici</strong></span> <span class='ocrx_word' id='word_1_115' title='bbox 751 1981 971 2054; x_wconf 88' lang='lat' dir='ltr'><strong>asseruerant,</strong></span> <span class='ocrx_word' id='word_1_116' title='bbox 1005 1992 1119 2037; x_wconf 88' lang='lat' dir='ltr'><strong>veram</strong></span> <span class='ocrx_word' id='word_1_117' title='bbox 1151 1971 1342 2036; x_wconf 86' lang='lat' dir='ltr'><strong>Ecclesiam</strong></span> 
     </span>
     <span class='ocr_line' id='line_1_17' title="bbox 217 2068 1341 2159; baseline -0.004 -22"><span class='ocrx_word' id='word_1_118' title='bbox 217 2072 341 2159; x_wconf 91' lang='lat' dir='ltr'><strong>ubique</strong></span> <span class='ocrx_word' id='word_1_119' title='bbox 365 2070 559 2134; x_wconf 89' lang='lat' dir='ltr'><strong>traditorum</strong></span> <span class='ocrx_word' id='word_1_120' title='bbox 583 2071 815 2134; x_wconf 91' lang='lat' dir='ltr'><strong>communione</strong></span> <span class='ocrx_word' id='word_1_121' title='bbox 840 2069 1000 2134; x_wconf 86' lang='lat' dir='ltr'><strong>defecisse</strong></span> <span class='ocrx_word' id='word_1_122' title='bbox 1023 2078 1056 2133; x_wconf 91' lang='lat' dir='ltr'><strong>et</strong></span> <span class='ocrx_word' id='word_1_123' title='bbox 1079 2070 1169 2155; x_wconf 88' lang='lat' dir='ltr'><strong>apud</strong></span> <span class='ocrx_word' id='word_1_124' title='bbox 1194 2091 1229 2134; x_wconf 90' lang='lat' dir='ltr'><strong>se</strong></span> <span class='ocrx_word' id='word_1_125' title='bbox 1255 2068 1341 2134; x_wconf 92' lang='lat' dir='ltr'><strong>solos</strong></span> 
     </span>
     <span class='ocr_line' id='line_1_18' title="bbox 216 2166 1341 2257; baseline -0.004 -23"><span class='ocrx_word' id='word_1_126' title='bbox 216 2170 420 2257; x_wconf 85' lang='lat' dir='ltr'><strong>perdurasse,</strong></span> <span class='ocrx_word' id='word_1_127' title='bbox 444 2189 484 2232; x_wconf 88' lang='lat' dir='ltr'><strong>ac</strong></span> <span class='ocrx_word' id='word_1_128' title='bbox 506 2167 646 2254; x_wconf 91' lang='lat' dir='ltr'><strong>proinde</strong></span> <span class='ocrx_word' id='word_1_129' title='bbox 669 2166 711 2232; x_wconf 91' lang='lat' dir='ltr'><strong>ab</strong></span> <span class='ocrx_word' id='word_1_130' title='bbox 745 2166 818 2231; x_wconf 90' lang='lat' dir='ltr'><strong>aliis</strong></span> <span class='ocrx_word' id='word_1_131' title='bbox 841 2166 1027 2253; x_wconf 83' lang='lat' dir='ltr'><strong>baptisatis,</strong></span> <span class='ocrx_word' id='word_1_132' title='bbox 1052 2168 1260 2232; x_wconf 80' lang='lat' dir='ltr'><strong>confirmatis</strong></span> <span class='ocrx_word' id='word_1_133' title='bbox 1284 2176 1341 2232; x_wconf 90' lang='lat' dir='ltr'><strong>aut</strong></span> 
     </span>
     <span class='ocr_line' id='line_1_19' title="bbox 216 2263 1341 2334; baseline -0.004 -2"><span class='ocrx_word' id='word_1_134' title='bbox 216 2268 376 2334; x_wconf 88' lang='lat' dir='ltr'><strong>ordinatis</strong></span> <span class='ocrx_word' id='word_1_135' title='bbox 398 2288 511 2330; x_wconf 87' lang='lat' dir='ltr'><strong>rursus</strong></span> <span class='ocrx_word' id='word_1_136' title='bbox 534 2264 616 2330; x_wconf 88' lang='lat' dir='ltr'><strong>haec</strong></span> <span class='ocrx_word' id='word_1_137' title='bbox 639 2274 847 2330; x_wconf 85' lang='lat' dir='ltr'><strong>sacramenta</strong></span> <span class='ocrx_word' id='word_1_138' title='bbox 870 2263 1095 2330; x_wconf 85' lang='lat' dir='ltr'><strong>conferebant.</strong></span> <span class='ocrx_word' id='word_1_139' title='bbox 1146 2263 1205 2330; x_wconf 83' lang='lat' dir='ltr'><strong>Sic</strong></span> <span class='ocrx_word' id='word_1_140' title='bbox 1228 2265 1341 2330; x_wconf 93' lang='lat' dir='ltr'><strong>Dona·</strong></span> 
     </span>
     <span class='ocr_line' id='line_1_20' title="bbox 214 2361 1336 2448; baseline -0.005 -16"><span class='ocrx_word' id='word_1_141' title='bbox 214 2369 319 2434; x_wconf 86' lang='lat' dir='ltr'><strong>nistae</strong></span> <span class='ocrx_word' id='word_1_142' title='bbox 334 2387 410 2430; x_wconf 89' lang='lat' dir='ltr'><strong>cum</strong></span> <span class='ocrx_word' id='word_1_143' title='bbox 424 2362 771 2428; x_wconf 83' lang='lat' dir='ltr'><strong>schismatehaeresim</strong></span> <span class='ocrx_word' id='word_1_144' title='bbox 781 2363 1035 2448; x_wconf 84' lang='lat' dir='ltr'><strong>conjunxerunt.</strong></span> <span class='ocrx_word' id='word_1_145' title='bbox 1059 2361 1210 2428; x_wconf 81' lang='lat' dir='ltr'><strong>Ati-icam</strong></span> <span class='ocrx_word' id='word_1_146' title='bbox 1220 2373 1336 2428; x_wconf 88' lang='lat' dir='ltr'><strong>antem</strong></span> 
     </span>
    </p>
   </div>
   <div class='ocr_carea' id='block_1_3' title="bbox 90 2459 1341 2743">
    <p class='ocr_par' dir='ltr' id='par_1_4' title="bbox 90 2459 1341 2743">
     <span class='ocr_line' id='line_1_21' title="bbox 216 2459 1341 2552; baseline -0.004 -24"><span class='ocrx_word' id='word_1_147' title='bbox 216 2462 452 2552; x_wconf 85' lang='lat' dir='ltr'><strong>perturbarunt</strong></span> <span class='ocrx_word' id='word_1_148' title='bbox 474 2463 584 2526; x_wconf 88' lang='lat' dir='ltr'><strong>furore</strong></span> <span class='ocrx_word' id='word_1_149' title='bbox 614 2459 750 2542; x_wconf 90' lang='lat' dir='ltr'><strong>bellico,</strong></span> <span class='ocrx_word' id='word_1_150' title='bbox 776 2460 882 2524; x_wconf 91' lang='lat' dir='ltr'><strong>donec</strong></span> <span class='ocrx_word' id='word_1_151' title='bbox 913 2462 1007 2526; x_wconf 90' lang='lat' dir='ltr'><strong>initio</strong></span> <span class='ocrx_word' id='word_1_152' title='bbox 1038 2460 1161 2525; x_wconf 81' lang='lat' dir='ltr'><strong>saeculi</strong></span> <span class='ocrx_word' id='word_1_153' title='bbox 1184 2463 1300 2547; x_wconf 90' lang='lat' dir='ltr'><strong>quinti</strong></span> <span class='ocrx_word' id='word_1_154' title='bbox 1323 2482 1341 2524; x_wconf 87' lang='lat' dir='ltr'><strong>a</strong></span> 
     </span>
     <span class='ocr_line' id='line_1_22' title="bbox 216 2557 767 2648; baseline -0.007 -22"><span class='ocrx_word' id='word_1_155' title='bbox 216 2561 377 2648; x_wconf 78' lang='lat' dir='ltr'><strong>gubernio</strong></span> <span class='ocrx_word' id='word_1_156' title='bbox 402 2557 493 2623; x_wconf 89' lang='lat' dir='ltr'><strong>civili</strong></span> <span class='ocrx_word' id='word_1_157' title='bbox 517 2560 657 2644; x_wconf 83' lang='lat' dir='ltr'><strong>repressi</strong></span> <span class='ocrx_word' id='word_1_158' title='bbox 680 2567 767 2622; x_wconf 82' lang='lat' dir='ltr'><strong>sunt</strong></span> 
     </span>
     <span class='ocr_line' id='line_1_23' title="bbox 90 2655 1341 2743; baseline -0.003 -19"><span class='ocrx_word' id='word_1_159' title='bbox 90 2658 170 2709; x_wconf 69' lang='lat'><strong>⁸5¹¹⁰⁶¹</strong></span> <span class='ocrx_word' id='word_1_160' title='bbox 305 2658 359 2724; x_wconf 83' lang='lat'><strong>53.</strong></span> <span class='ocrx_word' id='word_1_161' title='bbox 383 2657 424 2722; x_wconf 92' lang='lat' dir='ltr'><strong>In</strong></span> <span class='ocrx_word' id='word_1_162' title='bbox 448 2655 575 2743; x_wconf 77' lang='lat' dir='ltr'><strong>Syaodo</strong></span> <span class='ocrx_word' id='word_1_163' title='bbox 603 2655 786 2720; x_wconf 75' lang='lat' dir='ltr'><strong>Arelatensi</strong></span> <span class='ocrx_word' id='word_1_164' title='bbox 807 2655 908 2718; x_wconf 86' lang='lat' dir='ltr'><strong>etiam</strong></span> <span class='ocrx_word' id='word_1_165' title='bbox 932 2655 1016 2718; x_wconf 79' lang='lat' dir='ltr'><strong>varii</strong></span> <span class='ocrx_word' id='word_1_166' title='bbox 1041 2675 1187 2720; x_wconf 86' lang='lat' dir='ltr'><strong>canones</strong></span> <span class='ocrx_word' id='word_1_167' title='bbox 1211 2655 1256 2720; x_wconf 92' lang='lat' dir='ltr'><strong>de</strong></span> <span class='ocrx_word' id='word_1_168' title='bbox 1280 2655 1341 2719; x_wconf 80' lang='lat' dir='ltr'><strong>dis·</strong></span> 
     </span>
    </p>
   </div>
   <div class='ocr_carea' id='block_1_4' title="bbox 88 2721 1342 2843">
    <p class='ocr_par' dir='ltr' id='par_1_5' title="bbox 88 2721 1342 2843">
     <span class='ocr_line' id='line_1_24' title="bbox 88 2721 1342 2843; baseline -0.005 -21"><span class='ocrx_word' id='word_1_169' title='bbox 88 2721 165 2762; x_wconf 54' lang='lat' dir='ltr'><strong>um</strong></span> <span class='ocrx_word' id='word_1_170' title='bbox 217 2756 341 2843; x_wconf 92' lang='lat' dir='ltr'><strong>ciplina</strong></span> <span class='ocrx_word' id='word_1_171' title='bbox 364 2754 587 2820; x_wconf 88' lang='lat' dir='ltr'><strong>ecclesiastica</strong></span> <span class='ocrx_word' id='word_1_172' title='bbox 610 2754 779 2817; x_wconf 89' lang='lat' dir='ltr'><strong>constituti</strong></span> <span class='ocrx_word' id='word_1_173' title='bbox 794 2752 848 2816; x_wconf 85' lang='lat' dir='ltr'><strong>vel</strong></span> <span class='ocrx_word' id='word_1_174' title='bbox 861 2753 1011 2816; x_wconf 87' lang='lat' dir='ltr'><strong>renovati</strong></span> <span class='ocrx_word' id='word_1_175' title='bbox 1035 2763 1122 2834; x_wconf 90' lang='lat' dir='ltr'><strong>sunt,</strong></span> <span class='ocrx_word' id='word_1_176' title='bbox 1146 2754 1342 2839; x_wconf 86' lang='lat' dir='ltr'><strong>intorques</strong></span> 
     </span>
    </p>
   </div>
   <div class='ocr_carea' id='block_1_5' title="bbox 167 2849 1394 4315">
    <p class='ocr_par' dir='ltr' id='par_1_6' title="bbox 167 2849 1394 4315">
     <span class='ocr_line' id='line_1_25' title="bbox 218 2849 1342 2937; baseline -0.006 -17"><span class='ocrx_word' id='word_1_177' title='bbox 218 2853 382 2920; x_wconf 88' lang='lat' dir='ltr'><strong>notandus</strong></span> <span class='ocrx_word' id='word_1_178' title='bbox 405 2862 455 2918; x_wconf 88' lang='lat' dir='ltr'><strong>est</strong></span> <span class='ocrx_word' id='word_1_179' title='bbox 476 2852 593 2934; x_wconf 76' lang='lat' dir='ltr'><strong>VIII⁰&#39;,</strong></span> <span class='ocrx_word' id='word_1_180' title='bbox 624 2860 661 2915; x_wconf 92' lang='lat' dir='ltr'><strong>ut</strong></span> <span class='ocrx_word' id='word_1_181' title='bbox 690 2851 865 2937; x_wconf 77' lang='lat' dir='ltr'><strong>bapn&#39;omus</strong></span> <span class='ocrx_word' id='word_1_182' title='bbox 887 2849 928 2914; x_wconf 85' lang='lat' dir='ltr'><strong>ab</strong></span> <span class='ocrx_word' id='word_1_183' title='bbox 950 2851 1118 2914; x_wconf 76' lang='lat' dir='ltr'><strong>haereticis</strong></span> <span class='ocrx_word' id='word_1_184' title='bbox 1139 2873 1210 2914; x_wconf 80' lang='lat' dir='ltr'><strong>cam</strong></span> <span class='ocrx_word' id='word_1_185' title='bbox 1233 2850 1342 2915; x_wconf 82' lang='lat' dir='ltr'><strong>debito</strong></span> 
     </span>
     <span class='ocr_line' id='line_1_26' title="bbox 210 2947 1341 3041; baseline -0.006 -23"><span class='ocrx_word' id='word_1_186' title='bbox 210 2954 323 3041; x_wconf 79' lang='lat' dir='ltr'><strong>forma</strong></span> <span class='ocrx_word' id='word_1_187' title='bbox 354 2963 385 3017; x_wconf 88' lang='lat' dir='ltr'><strong>et</strong></span> <span class='ocrx_word' id='word_1_188' title='bbox 415 2953 551 3016; x_wconf 62' lang='lat' dir='ltr'><strong>maaria</strong></span> <span class='ocrx_word' id='word_1_189' title='bbox 582 2948 727 3027; x_wconf 81' lang='lat' dir='ltr'><strong>collatae,</strong></span> <span class='ocrx_word' id='word_1_190' title='bbox 758 2971 824 3012; x_wconf 83' lang='lat' dir='ltr'><strong>aaa</strong></span> <span class='ocrx_word' id='word_1_191' title='bbox 850 2959 1022 3034; x_wconf 66' lang='lat' dir='ltr'><strong>repetatne.</strong></span> <span class='ocrx_word' id='word_1_192' title='bbox 1047 2947 1233 3012; x_wconf 89' lang='lat' dir='ltr'><strong>-Plures</strong></span> <span class='ocrx_word' id='word_1_193' title='bbox 1256 2947 1341 3012; x_wconf 85' lang='lat' dir='ltr'><strong>alise</strong></span> 
     </span>
     <span class='ocr_line' id='line_1_27' title="bbox 219 3043 1340 3135; baseline -0.005 -21"><span class='ocrx_word' id='word_1_194' title='bbox 219 3049 338 3135; x_wconf 88' lang='lat' dir='ltr'><strong>synodi</strong></span> <span class='ocrx_word' id='word_1_195' title='bbox 362 3047 556 3113; x_wconf 88' lang='lat' dir='ltr'><strong>celebriores</strong></span> <span class='ocrx_word' id='word_1_196' title='bbox 576 3046 692 3111; x_wconf 90' lang='lat' dir='ltr'><strong>eadem</strong></span> <span class='ocrx_word' id='word_1_197' title='bbox 707 3055 824 3127; x_wconf 86' lang='lat' dir='ltr'><strong>aetate,</strong></span> <span class='ocrx_word' id='word_1_198' title='bbox 840 3047 934 3110; x_wconf 87' lang='lat' dir='ltr'><strong>initio</strong></span> <span class='ocrx_word' id='word_1_199' title='bbox 950 3044 1108 3110; x_wconf 85' lang='lat' dir='ltr'><strong>videlicet</strong></span> <span class='ocrx_word' id='word_1_200' title='bbox 1130 3045 1258 3110; x_wconf 87' lang='lat' dir='ltr'><strong>saeculi</strong></span> <span class='ocrx_word' id='word_1_201' title='bbox 1283 3043 1340 3121; x_wconf 83' lang='lat' dir='ltr'><strong>IV,</strong></span> 
     </span>
     <span class='ocr_line' id='line_1_28' title="bbox 219 3141 1340 3229; baseline -0.007 -17"><span class='ocrx_word' id='word_1_202' title='bbox 219 3146 403 3212; x_wconf 84' lang='lat' dir='ltr'><strong>celebratae</strong></span> <span class='ocrx_word' id='word_1_203' title='bbox 426 3155 512 3211; x_wconf 91' lang='lat' dir='ltr'><strong>sunt.</strong></span> <span class='ocrx_word' id='word_1_204' title='bbox 558 3145 610 3210; x_wconf 89' lang='lat' dir='ltr'><strong>Ita</strong></span> <span class='ocrx_word' id='word_1_205' title='bbox 641 3165 728 3208; x_wconf 91' lang='lat' dir='ltr'><strong>anno</strong></span> <span class='ocrx_word' id='word_1_206' title='bbox 761 3143 836 3226; x_wconf 78' lang='lat'><strong>305,</strong></span> <span class='ocrx_word' id='word_1_207' title='bbox 870 3144 1006 3208; x_wconf 79' lang='lat' dir='ltr'><strong>remissa</strong></span> <span class='ocrx_word' id='word_1_208' title='bbox 1033 3143 1106 3229; x_wconf 87' lang='lat' dir='ltr'><strong>jam</strong></span> <span class='ocrx_word' id='word_1_209' title='bbox 1128 3141 1192 3206; x_wconf 89' lang='lat' dir='ltr'><strong>suh</strong></span> <span class='ocrx_word' id='word_1_210' title='bbox 1216 3142 1340 3209; x_wconf 84' lang='lat' dir='ltr'><strong>Severo</strong></span> 
     </span>
     <span class='ocr_line' id='line_1_29' title="bbox 220 3227 1394 3328; baseline -0.005 -18"><span class='ocrx_word' id='word_1_211' title='bbox 220 3244 360 3311; x_wconf 86' lang='lat' dir='ltr'><strong>Caesare</strong></span> <span class='ocrx_word' id='word_1_212' title='bbox 393 3246 428 3308; x_wconf 93' lang='lat' dir='ltr'><strong>in</strong></span> <span class='ocrx_word' id='word_1_213' title='bbox 460 3242 576 3309; x_wconf 85' lang='lat' dir='ltr'><strong>Africa</strong></span> <span class='ocrx_word' id='word_1_214' title='bbox 608 3243 846 3328; x_wconf 86' lang='lat' dir='ltr'><strong>persecutione,</strong></span> <span class='ocrx_word' id='word_1_215' title='bbox 870 3242 1018 3327; x_wconf 89' lang='lat' dir='ltr'><strong>episcopi</strong></span> <span class='ocrx_word' id='word_1_216' title='bbox 1042 3239 1222 3306; x_wconf 89' lang='lat' dir='ltr'><strong>duodecim</strong></span> <span class='ocrx_word' id='word_1_217' title='bbox 1247 3259 1341 3324; x_wconf 81' lang='lat' dir='ltr'><strong>syuo-</strong></span> <span class='ocrx_word' id='word_1_218' title='bbox 1393 3227 1394 3312; x_wconf 62' lang='lat' dir='ltr'>J</span> 
     </span>
     <span class='ocr_line' id='line_1_30' title="bbox 219 3337 1394 3427; baseline -0.007 -19"><span class='ocrx_word' id='word_1_219' title='bbox 219 3343 300 3408; x_wconf 92' lang='lat' dir='ltr'><strong>dum</strong></span> <span class='ocrx_word' id='word_1_220' title='bbox 324 3341 532 3408; x_wconf 89' lang='lat' dir='ltr'><strong>celebrarunt</strong></span> <span class='ocrx_word' id='word_1_221' title='bbox 554 3341 643 3427; x_wconf 88' lang='lat' dir='ltr'><strong>apud</strong></span> <span class='ocrx_word' id='word_1_222' title='bbox 671 3337 801 3422; x_wconf 82' lang='lat' dir='ltr'><strong>Cirtam,</strong></span> <span class='ocrx_word' id='word_1_223' title='bbox 834 3338 1015 3404; x_wconf 84' lang='lat' dir='ltr'><strong>Numidiae</strong></span> <span class='ocrx_word' id='word_1_224' title='bbox 1039 3340 1223 3420; x_wconf 84' lang='lat' dir='ltr'><strong>civitatem,</strong></span> <span class='ocrx_word' id='word_1_225' title='bbox 1249 3338 1341 3402; x_wconf 87' lang='lat' dir='ltr'><strong>utin</strong></span> <span class='ocrx_word' id='word_1_226' title='bbox 1393 3345 1394 3414; x_wconf 63' lang='grc' dir='ltr'>ζ</span> 
     </span>
     <span class='ocr_line' id='line_1_31' title="bbox 167 3419 1394 3525; baseline -0.007 -19"><span class='ocrx_word' id='word_1_227' title='bbox 167 3477 171 3486; x_wconf 89' lang='grc'><strong><em>·</em></strong></span> <span class='ocrx_word' id='word_1_228' title='bbox 218 3441 327 3506; x_wconf 90' lang='lat' dir='ltr'><strong>locum</strong></span> <span class='ocrx_word' id='word_1_229' title='bbox 352 3439 500 3505; x_wconf 80' lang='lat' dir='ltr'><strong>defuncti</strong></span> <span class='ocrx_word' id='word_1_230' title='bbox 523 3439 622 3525; x_wconf 87' lang='lat' dir='ltr'><strong>hujus</strong></span> <span class='ocrx_word' id='word_1_231' title='bbox 654 3439 800 3502; x_wconf 90' lang='lat' dir='ltr'><strong>civitatis</strong></span> <span class='ocrx_word' id='word_1_232' title='bbox 831 3438 978 3523; x_wconf 88' lang='lat' dir='ltr'><strong>episcopi</strong></span> <span class='ocrx_word' id='word_1_233' title='bbox 1010 3436 1114 3501; x_wconf 84' lang='lat' dir='ltr'><strong>alium</strong></span> <span class='ocrx_word' id='word_1_234' title='bbox 1137 3433 1340 3500; x_wconf 79' lang='lat' dir='ltr'><strong>ordinarent</strong></span> <span class='ocrx_word' id='word_1_235' title='bbox 1393 3419 1394 3480; x_wconf 55' lang='grc' dir='ltr'>ἶ</span> 
     </span>
     <span class='ocr_line' id='line_1_32' title="bbox 219 3531 1337 3623; baseline -0.006 -19"><span class='ocrx_word' id='word_1_236' title='bbox 219 3540 259 3604; x_wconf 90' lang='lat' dir='ltr'><strong>ln</strong></span> <span class='ocrx_word' id='word_1_237' title='bbox 283 3537 347 3603; x_wconf 91' lang='lat' dir='ltr'><strong>hac</strong></span> <span class='ocrx_word' id='word_1_238' title='bbox 369 3537 495 3623; x_wconf 81' lang='lat' dir='ltr'><strong>synodo</strong></span> <span class='ocrx_word' id='word_1_239' title='bbox 519 3547 631 3602; x_wconf 92' lang='lat' dir='ltr'><strong>actum</strong></span> <span class='ocrx_word' id='word_1_240' title='bbox 655 3537 754 3600; x_wconf 87' lang='lat' dir='ltr'><strong>etiam</strong></span> <span class='ocrx_word' id='word_1_241' title='bbox 788 3545 837 3599; x_wconf 89' lang='lat' dir='ltr'><strong>est</strong></span> <span class='ocrx_word' id='word_1_242' title='bbox 869 3534 910 3599; x_wconf 94' lang='lat' dir='ltr'><strong>de</strong></span> <span class='ocrx_word' id='word_1_243' title='bbox 933 3531 1159 3615; x_wconf 86' lang='lat' dir='ltr'><strong>traditoribus,</strong></span> <span class='ocrx_word' id='word_1_244' title='bbox 1183 3535 1244 3618; x_wconf 88' lang='lat' dir='ltr'><strong>qui</strong></span> <span class='ocrx_word' id='word_1_245' title='bbox 1269 3553 1337 3616; x_wconf 81' lang='lat' dir='ltr'><strong>sup</strong></span> 
     </span>
     <span class='ocr_line' id='line_1_33' title="bbox 221 3631 1339 3724; baseline -0.006 -23"><span class='ocrx_word' id='word_1_246' title='bbox 221 3638 394 3724; x_wconf 89' lang='lat' dir='ltr'><strong>pliciornm</strong></span> <span class='ocrx_word' id='word_1_247' title='bbox 418 3644 507 3700; x_wconf 93' lang='lat' dir='ltr'><strong>metu</strong></span> <span class='ocrx_word' id='word_1_248' title='bbox 532 3657 641 3700; x_wconf 88' lang='lat' dir='ltr'><strong>sacros</strong></span> <span class='ocrx_word' id='word_1_249' title='bbox 655 3633 756 3700; x_wconf 83' lang='lat' dir='ltr'><strong>libros</strong></span> <span class='ocrx_word' id='word_1_250' title='bbox 774 3633 900 3698; x_wconf 86' lang='lat' dir='ltr'><strong>aliasve</strong></span> <span class='ocrx_word' id='word_1_251' title='bbox 923 3632 1138 3697; x_wconf 83' lang='lat' dir='ltr'><strong>ecclesiarum</strong></span> <span class='ocrx_word' id='word_1_252' title='bbox 1161 3652 1214 3696; x_wconf 84' lang='lat' dir='ltr'><strong>res</strong></span> <span class='ocrx_word' id='word_1_253' title='bbox 1239 3631 1339 3715; x_wconf 82' lang='lat' dir='ltr'><strong>magi·</strong></span> 
     </span>
     <span class='ocr_line' id='line_1_34' title="bbox 220 3728 1338 3821; baseline -0.008 -21"><span class='ocrx_word' id='word_1_254' title='bbox 220 3734 377 3800; x_wconf 87' lang='lat' dir='ltr'><strong>stratibus</strong></span> <span class='ocrx_word' id='word_1_255' title='bbox 399 3733 623 3821; x_wconf 82' lang='lat' dir='ltr'><strong>prodiderant</strong></span> <span class='ocrx_word' id='word_1_256' title='bbox 667 3732 848 3818; x_wconf 86' lang='lat' dir='ltr'><strong>Postquam</strong></span> <span class='ocrx_word' id='word_1_257' title='bbox 880 3729 1054 3796; x_wconf 88' lang='lat' dir='ltr'><strong>Secundus</strong></span> <span class='ocrx_word' id='word_1_258' title='bbox 1087 3730 1266 3815; x_wconf 84' lang='lat' dir='ltr'><strong>episeopus</strong></span> <span class='ocrx_word' id='word_1_259' title='bbox 1288 3728 1338 3792; x_wconf 89' lang='lat' dir='ltr'><strong>Ti·</strong></span> 
     </span>
     <span class='ocr_line' id='line_1_35' title="bbox 219 3827 1340 3918; baseline -0.007 -21"><span class='ocrx_word' id='word_1_260' title='bbox 219 3833 382 3918; x_wconf 83' lang='lat' dir='ltr'><strong>gisitanus</strong></span> <span class='ocrx_word' id='word_1_261' title='bbox 405 3845 518 3896; x_wconf 80' lang='lat' dir='ltr'><strong>omne&#39;s</strong></span> <span class='ocrx_word' id='word_1_262' title='bbox 541 3832 610 3896; x_wconf 84' lang='lat' dir='ltr'><strong>fere</strong></span> <span class='ocrx_word' id='word_1_263' title='bbox 633 3832 690 3917; x_wconf 92' lang='lat' dir='ltr'><strong>qui</strong></span> <span class='ocrx_word' id='word_1_264' title='bbox 713 3829 853 3894; x_wconf 90' lang='lat' dir='ltr'><strong>aderant</strong></span> <span class='ocrx_word' id='word_1_265' title='bbox 875 3829 1047 3913; x_wconf 87' lang='lat' dir='ltr'><strong>episcopos</strong></span> <span class='ocrx_word' id='word_1_266' title='bbox 1071 3829 1166 3893; x_wconf 85' lang='lat' dir='ltr'><strong>istius</strong></span> <span class='ocrx_word' id='word_1_267' title='bbox 1190 3827 1340 3892; x_wconf 88' lang='lat' dir='ltr'><strong>criminis</strong></span> 
     </span>
     <span class='ocr_line' id='line_1_36' title="bbox 220 3925 1339 4017; baseline -0.007 -21"><span class='ocrx_word' id='word_1_268' title='bbox 220 3931 428 4012; x_wconf 81' lang='lat' dir='ltr'><strong>convicisset,</strong></span> <span class='ocrx_word' id='word_1_269' title='bbox 452 3933 524 4017; x_wconf 91' lang='lat' dir='ltr'><strong>ipse</strong></span> <span class='ocrx_word' id='word_1_270' title='bbox 547 3931 648 3994; x_wconf 90' lang='lat' dir='ltr'><strong>etiam</strong></span> <span class='ocrx_word' id='word_1_271' title='bbox 671 3926 820 4014; x_wconf 88' lang='lat' dir='ltr'><strong>ejusdem</strong></span> <span class='ocrx_word' id='word_1_272' title='bbox 851 3933 1026 3991; x_wconf 86' lang='lat' dir='ltr'><strong>accusatus</strong></span> <span class='ocrx_word' id='word_1_273' title='bbox 1056 3934 1105 3991; x_wconf 88' lang='lat' dir='ltr'><strong>est</strong></span> <span class='ocrx_word' id='word_1_274' title='bbox 1133 3947 1154 3989; x_wconf 88' lang='lat' dir='ltr'><strong>a</strong></span> <span class='ocrx_word' id='word_1_275' title='bbox 1175 3925 1339 4012; x_wconf 87' lang='lat' dir='ltr'><strong>Purpurio</strong></span> 
     </span>
     <span class='ocr_line' id='line_1_37' title="bbox 220 4021 1338 4116; baseline -0.008 -22"><span class='ocrx_word' id='word_1_276' title='bbox 220 4030 374 4116; x_wconf 85' lang='lat' dir='ltr'><strong>episeopo</strong></span> <span class='ocrx_word' id='word_1_277' title='bbox 399 4029 587 4094; x_wconf 87' lang='lat' dir='ltr'><strong>Lametensi</strong></span> <span class='ocrx_word' id='word_1_278' title='bbox 645 4026 744 4092; x_wconf 91' lang='lat' dir='ltr'><strong>Unde</strong></span> <span class='ocrx_word' id='word_1_279' title='bbox 763 4022 919 4090; x_wconf 90' lang='lat' dir='ltr'><strong>omnibus</strong></span> <span class='ocrx_word' id='word_1_280' title='bbox 942 4021 1126 4088; x_wconf 89' lang='lat' dir='ltr'><strong>consultius</strong></span> <span class='ocrx_word' id='word_1_281' title='bbox 1146 4022 1261 4086; x_wconf 82' lang='lat' dir='ltr'><strong>uisum</strong></span> <span class='ocrx_word' id='word_1_282' title='bbox 1283 4029 1338 4097; x_wconf 80' lang='lat' dir='ltr'><strong>est</strong></span> 
     </span>
     <span class='ocr_line' id='line_1_38' title="bbox 221 4118 1339 4213; baseline -0.008 -21"><span class='ocrx_word' id='word_1_283' title='bbox 221 4149 340 4192; x_wconf 67' lang='lat' dir='ltr'><strong>musae</strong></span> <span class='ocrx_word' id='word_1_284' title='bbox 351 4126 518 4213; x_wconf 91' lang='lat' dir='ltr'><strong>judicium</strong></span> <span class='ocrx_word' id='word_1_285' title='bbox 532 4124 717 4212; x_wconf 87' lang='lat' dir='ltr'><strong>relinquere</strong></span> <span class='ocrx_word' id='word_1_286' title='bbox 731 4121 790 4188; x_wconf 91' lang='lat' dir='ltr'><strong>soli</strong></span> <span class='ocrx_word' id='word_1_287' title='bbox 801 4122 886 4186; x_wconf 90' lang='lat' dir='ltr'><strong>Deo.</strong></span> <span class='ocrx_word' id='word_1_288' title='bbox 909 4155 953 4168; x_wconf 93' lang='grc'><strong>-</strong></span> <span class='ocrx_word' id='word_1_289' title='bbox 977 4118 1076 4185; x_wconf 78' lang='lat' dir='ltr'><strong>Circa</strong></span> <span class='ocrx_word' id='word_1_290' title='bbox 1098 4119 1187 4184; x_wconf 85' lang='lat' dir='ltr'><strong>idem</strong></span> <span class='ocrx_word' id='word_1_291' title='bbox 1211 4131 1339 4205; x_wconf 85' lang='lat' dir='ltr'><strong>tempus</strong></span> 
     </span>
     <span class='ocr_line' id='line_1_39' title="bbox 222 4217 1338 4315; baseline -0.013 -23"><span class='ocrx_word' id='word_1_292' title='bbox 222 4223 451 4292; x_wconf 82' lang='lat' dir='ltr'><strong>novemdecim</strong></span> <span class='ocrx_word' id='word_1_293' title='bbox 475 4223 640 4315; x_wconf 88' lang='lat' dir='ltr'><strong>episcopi,</strong></span> <span class='ocrx_word' id='word_1_294' title='bbox 679 4223 766 4286; x_wconf 86' lang='lat' dir='ltr'><strong>inter</strong></span> <span class='ocrx_word' id='word_1_295' title='bbox 794 4241 876 4307; x_wconf 92' lang='lat' dir='ltr'><strong>quos</strong></span> <span class='ocrx_word' id='word_1_296' title='bbox 900 4218 1070 4284; x_wconf 87' lang='lat' dir='ltr'><strong>eminebat</strong></span> <span class='ocrx_word' id='word_1_297' title='bbox 1092 4217 1193 4285; x_wconf 88' lang='lat' dir='ltr'><strong>Osius</strong></span> <span class='ocrx_word' id='word_1_298' title='bbox 1216 4217 1338 4282; x_wconf 79' lang='lat' dir='ltr'><strong>Gordu-</strong></span> 
     </span>
    </p>
   </div>
   <div class='ocr_carea' id='block_1_6' title="bbox 0 0 1403 4812">
    <p class='ocr_par' dir='ltr' id='par_1_7' title="bbox 0 0 1403 4812">
     <span class='ocr_line' id='line_1_40' title="bbox 0 0 1403 4812; baseline 0 0"><span class='ocrx_word' id='word_1_299' title='bbox 0 0 1403 4812; x_wconf 95' lang='lat' dir='ltr'><strong> </strong></span> 
     </span>
    </p>
   </div>
  </div>
 </body>
</html>
