2810 4846
256 443 309 498 246
643 443 683 498 De
702 441 819 500 Concllio
836 442 977 512 Itpbesino.

257 597 290 651 et
313 609 388 650 cum
425 587 492 650 suis
514 587 649 669 triginta
672 589 843 674 episcopis,
861 587 982 673 quibus
1004 607 1039 650 se
1057 587 1239 672 junxerunt
1257 582 1348 647 trede

257 687 323 748 cim
346 683 402 748 alii
425 683 574 747 Nestorio
598 684 732 766 addicti,
757 683 1012 750 conciliabulum
1036 684 1213 746 constituit
1249 679 1286 744 In
1305 701 1347 747 eo.

257 779 346 846 acsi
379 781 462 845 baec
494 790 578 844 esset
610 803 688 846 vera
720 793 753 846 et
783 781 931 866 legitima
963 779 1118 865 synodus,
1150 777 1302 862 Cyrillum
1323 785 1352 839 et
1389 855 1390 860 ἵ

258 880 467 943 Memnonem
500 878 651 964 deposuit
681 889 715 943 et
753 879 1057 943 excommunicavit
1088 886 1245 962 tanquam
1275 876 1351 937 viros
1389 917 1390 950 ,

257 976 439 1040 haereticos
462 986 494 1039 et
517 976 758 1061 perturbatores
771 978 877 1062 pacis3
893 975 951 1040 sed
965 976 1065 1039 etiam
1087 973 1231 1060 reliquos
1252 993 1352 1036 omnes
1389 957 1390 988 l

258 1075 315 1160 qui
339 1073 403 1138 illis
427 1075 650 1138 consenserint
672 1074 973 1138 excommunicatos
997 1071 1188 1137 declaravit
1216 1071 1351 1136 Joonnu.
1389 1071 1390 1100 ³

259 1182 296 1236 ut
319 1171 420 1236 habet
440 1171 566 1235 Relatio
590 1175 725 1257 quintae
748 1171 899 1236 Actionis
930 1171 973 1235 ad
998 1169 1231 1247 coelestinum,
1261 1163 1351 1231 sinul-
1389 1201 1390 1206 κ

260 1282 351 1355 ntqsae
374 1271 529 1356 Ephesum
560 1271 717 1356 inpressam
741 1280 795 1347 est,
829 1279 995 1354 antequem
1012 1265 1177 1354 puluerem
1199 1289 1238 1329 ess
1258 1265 1351 1326 itinere
1389 1337 1390 1350 χ

259 1379 449 1432 cmsuaotum
472 1369 671 1445 enoussisset,
696 1377 862 1452 antequam
893 1388 925 1430 se
956 1364 1289 1440 cacuminatum
1309 1383 1352 1424 os·

259 1489 312 1530 sus
343 1477 388 1528 cst
419 1465 558 1551 impiam.
605 1465 730 1530 Etenim
747 1466 910 1551 priostum
942 1464 1090 1548 scriptum
1113 1462 1254 1549 confecit,
1275 1459 1352 1543 depo·
1389 1489 1390 1548 j

259 1565 441 1648 ultionisque
464 1585 574 1626 nomen
598 1574 627 1626 et
646 1561 863 1626 contumeliam
878 1561 1006 1647 impeqit
1028 1560 1226 1623 sanctissimo
1251 1551 1355 1642 Cyrillo

260 1671 290 1724 st
312 1661 541 1747 sapientissimo
561 1660 730 1724 Memnoni
754 1658 1092 1722 Enconsmunicutionis
1124 1657 1249 1720 nomine
1275 1654 1354 1716 ιιὲαιιι
1389 1661 1390 1718 ἒ

261 1761 422 1822 universus
447 1756 574 1843 Quodn
607 1756 824 1820 connnneliom
848 1755 940 1840 fecit.
987 1756 1120 1841 Insuper
1151 1754 1226 1816 boec
1254 1723 1390 1866 sciptol

260 1856 353 1918 etium
371 1854 499 1940 publico
521 1855 675 1916 mundato
698 1853 842 1941 deposuit
874 1851 1006 1938 leyendo
1037 1829 1390 1936 munitissumis·

259 1951 434 2038 perietibus
458 1950 600 2037 offiqsns,
624 1961 659 2014 ut
682 1973 756 2015 sune
779 1951 952 2036 impietatis
973 1946 1185 2035 spectaculum
1209 1937 1390 2010 subibunt

182 2118 195 2128 Η
232 2070 250 2097 r
351 2049 402 2112 75.
426 2049 547 2113 Mirum
571 2070 649 2112 sane
674 2059 731 2130 est,
765 2057 856 2112 tanta
884 2047 1025 2110 audacia
1046 2047 1215 2110 loannem
1239 2043 1390 2129 ejusque}

146 2149 149 2156 '
189 2129 204 2158 ι’
261 2168 417 2232 sequaces
439 2145 590 2231 progredi
615 2155 672 2231 pot
673 2147 776 2227 uisse3
801 2145 890 2210 sed
881 2145 962 2230 1psis
984 2142 1190 2229 praesidium
1213 2137 1390 2226 praestititi

261 2195 1390 2330 CandidianusComesablmpeiatoredelegatusproSyuodiordine
1389 2267 1390 2334 3

261 2339 418 2405 curando.
443 2340 640 2404 Joauneset
627 2339 772 2426 tplures
796 2363 837 2404 ex
853 2340 1015 2426 episcopis
1030 2339 1092 2424 ipsi
1115 2331 1356 2402 adhaerentibus
1389 2411 1390 2426 ,

261 2436 435 2500 orthodoxi
446 2447 547 2518 erant
561 2437 618 2502 sed
629 2438 771 2503 Nestorii
780 2459 904 2502 errores
918 2459 984 2501 non
994 2433 1248 2522 perspiciebant,
1258 2441 1287 2494 et
1295 2449 1354 2490 con
1389 2519 1390 2522 Ἴ

262 2533 494 2618 querebantur,
520 2544 633 2600 contra
656 2535 866 2621 Imperatoris
895 2535 1098 2614 mandatum,
1112 2529 1260 2597 Concilio
1281 2521 1353 2590 baud

263 2631 434 2717 completo,
460 2635 570 2698 omnia
601 2655 671 2719 esse
705 2633 853 2698 confecta
884 2630 1051 2717 aOyrillo
1082 2639 1115 2694 et
1138 2627 1269 2694 asseclis
1289 2625 1352 2707 ejus.

265 2730 334 2794 Hos
369 2729 535 2795 habebant
567 2741 604 2794 ut
633 2731 824 2812 haereticos,
849 2741 982 2816 propter
1014 2727 1180 2816 quaedam
1213 2719 1333 2790 effata
1328 2739 1353 2780 111

264 2828 381 2912 (lyrilli
414 2828 697 2894 anathematismis
729 2851 826 2894 sensu
859 2829 1022 2894 haeretico
1055 2826 1097 2892 ab
1127 2827 1209 2912 ipsis
1231 2829 1354 2902 accepts·

265 2963 308 2974 -
334 2925 504 3010 Oyrillum,
528 2926 727 3009 asserebant,
761 2949 800 2992 ea
829 2929 955 2992 ratione
983 2929 1048 3012 qua
1070 2920 1354 3010 aliquandoec
1271 2914 1354 2981 Ther

262 3023 372 3135 philus
395 3034 530 3108 patruus
563 3025 633 3111 ejus
655 2977 818 3090 Joairnem
844 3024 1123 3108 Chrysostomum,
1159 3041 1248 3086 nuno
1268 3031 1354 3100 perse
1389 3085 1390 3094 ,

261 3124 319 3206 qui
342 3123 530 3186 Nestorium
560 3141 780 3187 successorem
812 3121 1046 3220 Chrysostomi‚
1079 3119 1240 3205 illumque
1262 3110 1354 3195 depin-

261 3239 338 3302 gere
360 3229 519 3304 tanquam
542 3218 753 3302 haereticum,
789 3230 824 3284 ut
856 3241 873 3283 e
889 3215 984 3284 sede
1008 3217 1142 3282 OPtana
1172 3237 1245 3279 eum
1268 3211 1353 3275 detul-

263 3315 343 3378 dere
367 3326 485 3400 posset.

94 3436 252 3486 susumus.
354 3414 404 3478 76.
429 3413 633 3478 Theodosius
658 3413 860 3480 Candidiani
882 3414 1000 3477 litteris
1024 3411 1184 3498 deceptus
1206 3420 1238 3474 et
1258 3411 1289 3472 in
1308 3403 1354 3484 Sy·

263 3510 341 3574 nodi
373 3511 486 3574 Patres
523 3513 750 3596 indignatione
789 3519 987 3590 commotus,
1019 3511 1190 3596 rescripsit
1221 3505 1354 3571 contiuuo

263 3629 324 3694 per
345 3607 532 3673 Palladium
556 3610 818 3695 magistrianum,
829 3610 993 3695 jussitque
1007 3607 1119 3672 omnia
1142 3603 1280 3670 rescindi
1299 3609 1354 3662 131]-

264 3729 364 3792 slusam
396 3707 475 3770 vitio
508 3717 608 3792 gesta,
643 3718 675 3770 et
708 3709 876 3772 communi
908 3707 1070 3770 sententia
1093 3703 1272 3768 examinari
1294 3697 1354 3776 dog·

265 3813 364 3885 mata,
387 3814 424 3866 ut
446 3813 536 3868 tanto
560 3803 690 3868 facilius
722 3825 834 3870 omnes
869 3804 1089 3868 consentirent
1098 3801 1141 3888 ¹3)
1164 3823 1226 3865 neo
1248 3793 1354 3861 ullifa·

274 3947 477 3956 —.-.-——-

339 4043 359 4103 ¹)
377 4041 475 4095 Utrum
493 4039 654 4096 Theodosius
674 4041 833 4097 candidiani
861 4043 971 4097 litteras
997 4040 1136 4110 acceperit,
1155 4047 1293 4107 autequam
1308 4049 1356 4106 per·

265 4121 371 4176 reniret
389 4121 424 4174 ad
441 4137 501 4176 eum
519 4121 603 4188 ipsius
622 4123 732 4177 Consilii
751 4123 854 4188 relatio,
883 4127 1089 4178 controvertuut
1107 4121 1215 4178 eruditi.
1248 4119 1354 4184 sterion

265 4201 292 4255 id
319 4201 447 4255 accidisse
474 4201 702 4268 existimaverunt,
730 4204 776 4258 sed
803 4203 844 4258 Ill.
857 4203 952 4258 Helela
970 4209 1069 4270 censet,
1088 4205 1243 4260 rotatim
1260 4197 1354 4256 Consilii
