2766 4836
362 484 503 541 aurun
522 484 552 540 e.
572 437 846 542 austacenis
1130 473 1150 530 a

62 627 217 711 presbyter,
240 627 419 712 Martyrios
440 638 474 691 et
496 627 684 712 Hesychius
708 627 850 708 diaconi,
875 647 951 690 cum
973 625 1089 688 litteris
1112 627 1147 688 in

61 727 177 806 enham
200 726 279 790 Pisti
303 726 463 790 adversus
485 725 718 806 Athanasium,
742 746 781 789 ac
804 725 888 788 forte
911 723 1010 786 etiam
1034 720 1149 786 adver-

61 843 101 884 sus
119 822 306 888 llarcellum
328 823 483 906 Ancyrae
507 831 539 886 et
553 821 731 908 Asclepam
745 821 856 886 Gazae
879 822 1050 906 episcopos
1074 839 1148 883 con·

60 919 176 1002 scriptis.
218 919 326 986 Simul
349 922 449 986 etiam
463 919 550 984 Acta
568 930 682 984 contra
697 921 730 986 S.
744 918 966 984 Athanasium
990 921 1024 982 in
1048 939 1148 981 causa

59 1014 190 1098 lschyrae
217 1019 252 1082 in
277 1016 458 1082 Mareotide
487 1017 625 1082 collecta
657 1027 691 1082 et
718 1017 868 1082 confecta
890 1016 981 1082 Julio
1005 1037 1147 1080 commu·

58 1114 196 1178 namot.
249 1115 480 1200 Transscripta
512 1114 674 1200 ejusmodi
709 1113 795 1180 Acta
826 1114 937 1179 Julius
968 1114 1150 1177 transmisit

58 1209 226 1276 Athanasio.
271 1212 305 1276 Is
327 1233 423 1297 porro
446 1211 564 1278 habuit
581 1213 805 1278 Alexandriae
828 1211 992 1296 synodum
1015 1219 1148 1275 centum

57 1305 109 1370 fers
136 1310 361 1394 episcoporum
392 1311 583 1394 provinciae
619 1333 713 1392 suae,
747 1312 803 1395 qui
836 1310 1043 1374 innocentiae
1075 1309 1146 1393 ejus

57 1406 256 1472 tcsbmouium
288 1406 503 1492 perhibuere;
540 1419 639 1494 atque
672 1409 748 1473 dein
785 1409 908 1492 pariter
943 1405 1066 1490 legatos
1103 1403 1144 1468 ad

56 1499 162 1566 lolium
184 1503 278 1569 Pont.
302 1505 402 1570 misit.

128 1601 176 1666 13.
199 1600 329 1666 Interea
365 1601 483 1686 legatis
518 1602 694 1668 Athanasii
726 1603 865 1666 Romam
901 1599 1147 1680 accedentibus,
1173 1600 1296 1700 ᾸἛἭΜ

57 1694 198 1762 llscarius
219 1699 391 1784 presbyter
413 1699 455 1764 ab
480 1701 521 1764 iis
540 1701 692 1765 convinci
717 1709 875 1780 metuens,
900 1698 985 1762 clam
1009 1698 1148 1778 aufugit.
1223 1672 1236 1710 ⁸
1271 1690 1277 1700 ’

56 1793 122 1858 Tun
144 1797 199 1880 qui
221 1807 415 1882 supererant
436 1797 700 1864 Eusebianos-um
722 1797 832 1881 legati,
857 1796 1036 1879 Martyrius
1059 1795 1148 1858 vidc-

56 1889 114 1954 licet
141 1903 173 1958 et
205 1893 402 1978 Hesychius,
436 1917 513 1960 cum
544 1895 720 1960 Athanasii
753 1894 954 1980 presbyteris
983 1894 1149 1974 congressi

56 1989 90 2050 eis
107 1991 252 2056 resistere
274 2013 376 2076 quum
400 2013 466 2057 non
490 1993 684 2075 valuissent,
711 1992 874 2077 synodum
898 1991 1073 2056 convocari
1097 2011 1149 2073 pe·

56 2085 164 2152 ierunt.
210 2088 321 2154 Julius
351 2090 505 2156 Pontifex
538 2091 658 2173 igitur,
691 2089 814 2154 auditis
845 2090 1015 2173 utriusque
1048 2087 1150 2171 partis

56 2179 161 2264 legatis,
190 2185 314 2252 Romae
338 2186 501 2270 synodum
535 2187 667 2252 indixit.
715 2186 881 2266 Quocirca
903 2185 1019 2250 litteris
1043 2207 1150 2248 aecer

56 2281 117 2344 situs
144 2283 348 2348 Athanasius
379 2285 491 2348 statim
522 2284 662 2348 Romam
694 2307 728 2348 se
762 2283 901 2348 contulit
923 2282 1028 2370 (341).
1072 2283 1152 2346 Post

56 2377 226 2458 ejurantsm
251 2380 432 2446 adventum
443 2381 555 2447 Julius
578 2382 621 2446 ad
636 2381 842 2446 Eusebianos
866 2403 925 2465 per
943 2380 1151 2464 presbyteros

58 2495 114 2538 suos
126 2476 344 2542 Philoxenum
367 2488 401 2542 et
413 2479 571 2564 Epidium
592 2481 682 2542 misit
693 2479 830 2560 litteras,
847 2477 967 2563 quibus
990 2500 1045 2541 cos
1060 2499 1149 2561 prae·

59 2573 148 2638 atsto
171 2575 226 2640 die
249 2575 293 2640 ad
315 2576 480 2660 synodum
503 2576 655 2642 vocabat.
706 2576 831 2640 Verum
855 2575 1036 2640 Eusebiani
1064 2573 1150 2658 lega·

58 2680 94 2730 tos
120 2673 197 2754 illos,
230 2682 267 2738 ut
289 2673 492 2740 Athanasius
524 2677 614 2760 epist.
640 2675 684 2738 od
706 2675 878 2738 Monachus
904 2696 937 2738 n.
964 2675 1001 2736 11
1028 2681 1150 2752 namot,

60 2765 125 2832 ultra
146 2771 338 2836 condictum
362 2771 480 2855 synodi
505 2771 608 2854 diem,
633 2771 789 2836 videlicet
811 2791 915 2856 usque
937 2770 980 2834 ad
1005 2791 1151 2834 mensem

57 2861 232 2932 ianuarium
264 2891 294 2932 a.
318 2868 503 2954 342(Ju1ii
528 2891 580 2953 ep.
613 2892 645 2934 n.
669 2868 704 2954 6)
728 2868 914 2949 detinuere3
937 2865 1072 2932 tandem
1096 2888 1151 2930 eos

58 2982 115 3027 cum
135 2964 250 3030 litteris
273 2965 317 3030 ad
339 2965 469 3033 Julium
492 2966 697 3030 dimiserunt.

127 3065 177 3128 14.
201 3064 304 3128 Hisce
326 3065 361 3128 in
383 3063 501 3128 litteris
516 3064 779 3149 expostulabant,
794 3062 883 3148 quod
905 3063 1015 3127 Julius
1038 3083 1150 3128 secum

58 3161 270 3226 mummolinus
302 3171 423 3244 ageret,
456 3171 569 3246 utpote
593 3184 674 3247 quos
706 3161 869 3225 derebus
901 3163 978 3224 ase
1007 3159 1151 3223 delinitis

58 3257 194 3322 utonem
222 3257 409 3322 reddituros
431 3259 475 3324 ad
499 3259 664 3343 synodum
687 3269 838 3339 vocaret,
862 3257 1151 3342 obtendebantque

59 3348 163 3418 firmam
186 3377 259 3420 esse
280 3355 400 3420 debere
433 3355 610 3442 cujuslibet
636 3356 755 3440 synodi
787 3357 1026 3434 auctoritatem,
1050 3365 1083 3418 et
1106 3355 1151 3418 in-

55 3443 155 3526 juriam
173 3452 282 3536 judici
296 3453 378 3534 fieri,
404 3475 479 3518 cum
503 3455 573 3539 ejus
589 3453 755 3540 judicium
778 3452 820 3516 ab
844 3452 908 3517 alio
933 3453 1150 3516 examinatur.

59 3541 137 3611 Plura
157 3549 223 3614 alia
246 3551 463 3614 irreverenter
494 3553 529 3616 in
552 3551 747 3616 Pontificem
779 3549 988 3629 addiderunt,
1013 3551 1059 3612 ita
1082 3550 1151 3633 qui-

59 3638 115 3706 den
144 3657 189 3728 ut,
222 3669 325 3733 quum
358 3658 456 3712 autea
487 3671 565 3732 erga
588 3647 798 3732 Apostolicae
830 3645 925 3712 Sedis
952 3647 1031 3732 jura
1052 3657 1151 3731 atquo

58 3746 264 3810 mennatem
288 3768 348 3810 sna
370 3747 497 3812 ratione
510 3746 630 3829 agendi
646 3747 865 3810 reverentiam
884 3745 1021 3829 professi
1044 3755 1152 3808 essent

59 3855 201 3924 magnam
230 3843 302 3927 jam
334 3843 491 3906 honoram
515 3842 664 3907 debitum
693 3841 895 3926 denegarent
917 3843 1054 3927 ejusque
1075 3865 1150 3906 auc-

59 3935 202 4004 toritatem
224 3941 460 4005 inficiareutur.
506 3941 572 4004 Iste
604 3939 760 4004 videlicet
789 3937 990 4025 abantiquo
1014 3937 1150 4003 hacreti-

60 4051 151 4099 corum
182 4059 252 4101 mos
285 4049 343 4118 est,
377 4047 413 4101 ut
436 4037 596 4122 quamdiu
628 4035 800 4100 fraudibus
823 4035 917 4100 Sedis
941 4035 1150 4120 Apostolicae

60 4125 184 4198 fusorem
208 4147 241 4200 et
264 4137 500 4221 protectionem
524 4135 587 4200 sibi
603 4157 637 4198 se
661 4133 892 4198 conciliaturus
915 4157 984 4196 esse
1008 4143 1150 4217 sperant,

57 4222 115 4304 jura
135 4233 203 4317 ejus
221 4243 435 4298 moereantur
449 4231 504 4298 vel
517 4253 551 4296 se
566 4252 743 4318 agnoscere
757 4231 873 4296 saltem
888 4232 1024 4315 fingant,
1047 4251 1151 4316 quum
