2900 4800
250 469 303 524 tae
625 470 665 525 De
682 485 764 524 eausa
783 471 895 526 Honorii
914 469 946 526 a
965 471 997 528 P.

251 613 382 692 statuit,
411 621 570 698 tanquam
593 635 681 678 nova
704 623 737 679 et
758 613 868 678 inutili
893 614 1050 697 formula,
1083 615 1145 680 sub
1169 639 1237 702 qua
1261 617 1368 681 Mono-

250 709 402 795 physitae
432 732 557 775 errores
589 733 665 776 suos
700 721 810 796 tegere
843 722 984 800 possent.
1040 713 1199 778 Attamen
1232 715 1370 780 formula

251 831 349 872 sensu
383 807 565 874 orthodoxo
603 819 740 894 accepta
774 819 888 895 postea
923 809 1137 896 comprobata
1160 821 1218 876 est.
1253 814 1371 878 -Its

251 909 352 990 igitur
363 907 531 972 Honorius
555 910 692 990 censuit,
709 909 967 973 controversiam
984 918 1134 974 exortam
1157 909 1200 973 de
1222 909 1371 975 formulis

252 1006 359 1090 potius
383 1005 576 1091 sopiendam
595 1027 683 1082 esse,
708 1015 866 1092 tanquam
888 1005 1118 1092 periculosam.
1142 1007 1231 1072 Hine
1256 1009 1292 1072 in
1315 1031 1372 1072 tua

251 1102 389 1189 epistola
412 1102 557 1168 inculcat
576 1106 748 1190 antiquam
764 1104 948 1169 doctrinam
972 1107 1007 1168 in
1028 1103 1200 1186 Consiliis,
1225 1117 1260 1169 et
1281 1129 1369 1192 prae·

251 1204 348 1287 cipue
372 1203 406 1265 in
432 1198 580 1265 Concilio
605 1199 869 1266 Chalcedonenei
902 1200 1101 1284 stabilitam,
1136 1224 1259 1289 easque
1287 1203 1371 1268 locu-

250 1302 355 1364 tiones
378 1297 533 1380 adhibet,
557 1299 733 1385 quaejam
757 1321 818 1364 usu
842 1300 1064 1364 ecclesiastico
1088 1302 1237 1364 sancitae
1261 1313 1371 1384 erant3

251 1397 409 1462 formulas
441 1418 520 1461 vero
559 1400 754 1483 operationis
788 1400 883 1462 naias
920 1397 972 1462 vel
1002 1399 1197 1484 operationis
1224 1399 1373 1485 duplicis,

251 1495 369 1560 habuit
391 1507 428 1558 ut
450 1494 606 1558 formulas
628 1517 731 1560 novas
746 1506 779 1560 ct
794 1497 985 1576 inusitatas,
1008 1518 1046 1560 eo
1060 1496 1113 1560 vel
1137 1497 1259 1580 magis,
1285 1497 1374 1582 quod

251 1595 287 1658 in
310 1593 489 1678 Scripturis
521 1595 620 1656 etiam
654 1595 850 1680 operationis
881 1593 1068 1680 multiplicia
1093 1593 1215 1659 Christi
1249 1597 1373 1660 mentio

252 1691 354 1756 fieret.
403 1691 514 1772 Quum
539 1692 618 1756 unio
638 1691 863 1756 Alexandriae
879 1691 1030 1756 confecta
1048 1693 1120 1778 jam
1143 1702 1238 1773 esset,
1264 1703 1299 1756 et
1321 1693 1374 1757 ad-

252 1792 352 1854 missa
375 1787 603 1875 perhiberetur
627 1813 646 1853 a
670 1789 913 1875 Monophysitis
937 1789 1082 1875 Aegypti
1116 1789 1269 1855 doctrina
1294 1787 1375 1854 Con-

253 1889 320 1954 cilii
359 1886 658 1970 Chalcedonensis,
696 1887 786 1952 haud
824 1889 1011 1952 accuratius
1047 1889 1271 1965 examinavit,
1312 1909 1375 1974 quo

253 2008 351 2051 sensu
365 1985 490 2050 ibidem
507 1987 606 2050 unius
625 1987 825 2072 operationis
840 1988 964 2051 mentio
982 1986 1071 2050 facta
1085 1995 1188 2064 esset,
1211 1985 1271 2049 scd
1285 2007 1376 2071 prae·

253 2084 465 2150 termittenda
489 2083 570 2148 haec
604 2085 752 2166 censuit,
781 2093 814 2148 et
846 2084 968 2148 exinde
1001 2085 1229 2148 oeconomiam
1252 2083 1375 2148 silentii

253 2205 274 2246 a
304 2181 418 2265 Sergio
450 2181 713 2247 commendatam
749 2181 951 2268 comprobat.
999 2181 1111 2261 Quum
1142 2203 1194 2245 res
1228 2182 1377 2248 Orientis

254 2290 287 2344 et
310 2279 415 2363 Sergii
440 2289 527 2343 artes
550 2279 674 2344 Romae
698 2279 807 2344 minus
830 2289 928 2344 notae
957 2289 1078 2360 essent,
1103 2301 1169 2344 non
1192 2283 1374 2366 perspexit,

254 2378 289 2441 in
314 2378 539 2440 controversia
562 2378 625 2441 ista
642 2377 715 2464 jam
739 2376 906 2442 silentium
931 2399 992 2440 nec
1016 2377 1157 2442 obtineri
1181 2399 1289 2462 posse,
1315 2397 1375 2442 nee

254 2483 477 2562 opportunum
501 2497 580 2539 esse.

141 2583 244 2624 usn-en-
341 2573 396 2638 56.
421 2573 467 2636 Ut
489 2574 676 2637 accuratius
701 2573 831 2657 singula
855 2574 1131 2653 determinemus,
1160 2575 1196 2636 1⁰
1218 2573 1311 2659 quod
1333 2573 1375 2636 ad

205 2656 243 2746 ,Μ’
253 2673 430 2736 doctrinam
456 2672 592 2752 attinet,
617 2673 779 2757 imprimis
807 2671 946 2736 Honorii
971 2673 1133 2757 expositio
1156 2670 1305 2736 identica
1329 2681 1378 2734 est

255 2791 332 2834 cum
357 2769 423 2832 fide
448 2767 712 2836 Chalcedonensi
737 2777 869 2834 etcum
892 2768 1030 2854 epistola
1045 2769 1078 2834 S.
1096 2769 1218 2833 Leonis
1243 2769 1288 2834 ad
1305 2769 1375 2833 Fla·

254 2871 407 2948 rianum,
437 2868 502 2930 imo
536 2869 636 2931 etiam
669 2888 745 2931 cum
778 2865 916 2953 epistola
945 2866 1105 2951 synodica
1128 2868 1161 2933 S.
1187 2867 1373 2954 Sophronii,

254 2987 354 3051 quam
377 2974 488 3028 tamen
523 2987 625 3050 quum
658 2964 815 3029 scriberet
845 2966 986 3050 primam
1011 2964 1182 3051 epistolam
1206 2965 1374 3030 Honorius

254 3064 401 3128 nondum
414 3072 593 3148 receperat.
618 3099 662 3110 -
685 3063 774 3126 Dein
788 3085 866 3127 vero
883 3063 1037 3128 Pontifex
1053 3065 1152 3128 etiam
1168 3063 1291 3128 diserte
1316 3072 1374 3126 sta·

253 3164 316 3226 tuit
348 3160 446 3242 talia,
479 3183 521 3224 ex
552 3160 673 3246 quibus
696 3163 908 3247 perspicuum
942 3171 1006 3239 est,
1032 3183 1107 3225 cum
1131 3183 1152 3224 a
1175 3159 1374 3226 Monothele·

253 3273 362 3324 tarum
396 3260 558 3322 sententia
591 3259 725 3322 omnino
750 3258 903 3338 abfuisse,
937 3267 969 3322 et
996 3268 1068 3322 tum
1091 3258 1228 3323 divinae
1253 3257 1374 3324 Christi

254 3366 408 3438 naturae,
444 3367 514 3420 tum
553 3356 718 3421 humanae
746 3359 916 3442 propriam
946 3354 1101 3421 tribuisse
1139 3358 1374 3442 operationem.

255 3455 379 3522 Scribit
401 3476 427 3518 e.
453 3476 484 3539 g.
510 3455 544 3517 in
569 3452 707 3539 epistola
723 3455 850 3538 prima:
874 3455 1083 3540 Ertmdcmpae
1103 3454 1285 3539 confitentes
1307 3476 1375 3541 ope·

255 3565 359 3617 ratam
381 3554 518 3616 lsamaaa
541 3551 748 3638 ineffabiliter
764 3563 856 3638 atque
872 3553 1076 3638 singulariter
1096 3565 1262 3639 asarmpta
1283 3575 1375 3616 casm
1440 3615 1441 3640 ,

255 3652 406 3729 dienato,
439 3651 602 3736 irsconfase
636 3660 727 3736 atque
759 3649 1041 3714 inconvertibiliter·
1057 3648 1158 3736 plena
1191 3651 1377 3719 &animas
1440 3647 1441 3672 ¹

255 3761 285 3814 et
307 3751 361 3834 qai
384 3751 559 3812 coruscavit
582 3749 616 3811 iu
639 3770 734 3811 caras
745 3748 847 3834 plena
862 3749 981 3812 diuinis
1002 3748 1165 3812 miraculis
1188 3749 1257 3834 ipsc
1280 3758 1328 3812 est
1349 3756 1377 3806 st

254 3869 387 3911 carneas
418 3845 544 3932 effocare
570 3845 666 3932 plene
699 3847 787 3910 Deus
818 3857 848 3910 et
880 3848 966 3910 homo
1000 3847 1131 3934 (graece
1154 3843 1278 3922 τέλειος
1297 3841 1378 3917 θεὸς

255 3944 307 4007 καὶ
333 3941 601 4029 ἄνθρωπος)-
625 3942 755 4008 Clarius
779 3944 879 4007 etiam
903 3946 938 4008 in
962 3943 1064 4009 altera
1086 3942 1244 4030 epistola:
1272 3942 1373 4017 Quart·

256 4053 338 4120 tam,
362 4040 489 4120 scribit,
515 4041 558 4104 ad
581 4041 694 4125 dogma
707 4041 950 4106 ecclesiasticam
968 4044 1126 4128 pertinet,
1151 4052 1297 4128 ahaepas
1320 4061 1376 4102 aa·

257 4150 346 4202 haas
368 4142 403 4202 ia
425 4161 487 4202 aaa
515 4137 638 4202 Clariato
662 4141 784 4204 unitata
798 4139 944 4204 natarali
966 4139 1132 4226 capulatus
1154 4162 1223 4203 cam
1246 4137 1378 4202 alterins

257 4236 468 4298 commuuione
503 4247 669 4320 operantes
701 4247 792 4322 atquc
826 4239 1017 4322 operatrices
1050 4237 1192 4323 confiteri
1214 4237 1377 4308 debsm;
