2876 4814
256 483 310 534 110
594 459 1039 548 unsaramma

256 625 354 688 001110
378 623 571 688 romanat
592 647 657 688 case
680 647 745 688 aaa
762 635 878 710 pateat.
934 625 1046 711 Atque
1078 625 1161 690 haec
1193 628 1318 712 praxis,
1341 639 1375 691 ut

256 732 386 785 tanturn
422 720 589 806 bigamiae
627 731 701 806 post
733 721 934 808 baptismum
976 733 1165 788 contractae
1197 724 1375 790 haberetur

255 819 349 902 ratio,
373 841 440 884 non
463 840 544 883 vero
562 819 765 883 matrimonii
780 829 857 884 ante
877 819 1082 906 baptismum
1105 822 1189 904 initi,
1214 824 1251 887 in
1264 822 1374 888 Eccle-

256 920 305 982 sia
335 916 485 982 orientali
518 915 670 982 invaluit.
717 915 860 983 Omnem
893 917 1059 984 defectum
1092 922 1181 984 enim
1211 921 1374 1007 baptismo

255 1015 399 1101 abstergi
432 1015 599 1081 volebant.
651 1015 718 1081 Sed
751 1017 785 1080 in
815 1015 967 1082 Ecclesia
996 1017 1194 1083 occidentali
1229 1022 1376 1083 severior
1430 1023 1431 1026 ’

256 1124 326 1179 crat
348 1114 568 1179 observantia.
609 1113 721 1195 Quum
745 1116 833 1178 enim
858 1115 1028 1202 exemplar
1051 1118 1277 1181 continentiae
1300 1117 1375 1181 fide·

254 1212 342 1277 libus
365 1222 537 1277 censerent
551 1233 623 1278 0000
637 1235 705 1277 non
723 1233 818 1299 posse
838 1233 924 1296 eum,
942 1216 999 1300 qui
1014 1235 1225 1301 quacumque
1248 1217 1375 1280 ratione

256 1311 308 1375 bis
330 1332 468 1376 uxorem
492 1311 650 1394 (1111110001,
675 1310 765 1374 illam
784 1310 1030 1377 distinctionem
1054 1333 1121 1378 non
1144 1312 1375 1396 admittebant,
1430 1315 1431 1332 ¹

256 1419 289 1472 et
310 1411 417 1473 omnis
440 1409 593 1494 bigamas
623 1409 665 1474 de
689 1409 766 1495 jure
793 1408 836 1474 ab
868 1411 1019 1495 ingressu
1052 1413 1088 1476 in
1125 1410 1251 1474 clerum
1291 1435 1375 1476 arce-
1430 1485 1431 1494 χ

255 1507 363 1572 batur.
408 1507 566 1572 Attamen
590 1529 693 1594 quum
717 1506 758 1571 de
781 1509 844 1571 1010
866 1511 1069 1594 quaestione,
1093 1519 1204 1574 utrum
1228 1509 1375 1595 bigamia

255 1613 384 1669 tantum
408 1605 487 1670 inde
515 1629 535 1669 a
567 1605 734 1691 baptismo
763 1607 987 1692 computanda
1017 1617 1110 1690 esset,
1134 1629 1178 1670 an
1202 1627 1285 1672 vero
1311 1613 1377 1673 uni·
1430 1611 1431 1682 i

256 1705 397 1787 versim,
435 1703 616 1769 identidem
661 1703 910 1790 disceptaretur,
954 1704 1026 1768 lieri
1068 1707 1190 1792 potuit,
1227 1715 1268 1769 ut
1302 1729 1377 1772 non·
1430 1689 1431 1776 i

256 1823 439 1888 numquam
481 1825 534 1866 res
571 1803 682 1866 minus
719 1812 899 1887 urgeretur.
969 1803 1092 1886 Etiam,
1131 1803 1158 1866 si
1196 1803 1377 1870 difficultas

256 1909 326 1963 erat
360 1899 442 1965 alios
474 1902 563 1964 viros
595 1900 731 1964 idoneos
763 1899 976 1983 inveniendi,
1017 1901 1283 1988 dispensationes
1309 1902 1375 1967 dari
1430 1889 1431 1966 l

256 2007 415 2082 poterant.
461 1997 700 2063 Accusationes
722 2000 823 2084 igitur
854 1997 976 2062 bacin
999 2022 1035 2063 re
1062 2009 1176 2064 contra
1200 1997 1375 2065 Callistum

255 2095 297 2159 ab
321 2097 511 2161 adversario
542 2097 687 2160 directae
712 2119 750 2160 eo
773 2096 857 2161 forte
889 2099 1065 2183 pertinent,
1089 2097 1179 2184 quod
1202 2100 1276 2184 ipse
1301 2099 1376 2164 faci-

255 2193 318 2259 lius
334 2197 548 2281 acquieverit,
564 2196 651 2259 utin
672 2194 865 2259 ordinandis
883 2205 1014 2260 tantum
1032 2197 1116 2260 ratio
1138 2193 1324 2262 haberetur
1339 2197 1376 2261 de

255 2292 401 2378 bigamia
416 2294 700 2380 postbaptismum
712 2302 890 2376 contracta,
901 2293 957 2358 alii
971 2315 1050 2358 vero
1065 2293 1110 2358 ad
1124 2293 1248 2358 clerum
1259 2295 1376 2360 admit·
1430 2319 1431 2376 1

255 2401 419 2474 1010111111;
442 2391 496 2456 vel
510 2390 599 2478 qnod
609 2391 751 2476 bigamis
767 2390 865 2455 facile
875 2393 1071 2456 concesserit
1085 2389 1376 2477 dispensationem.
1430 2387 1431 2436 l

343 2491 397 2555 46.
422 2489 768 2555 Animadvertendum
785 2499 897 2554 tamen
911 2499 969 2572 est,
989 2489 1142 2554 etiamad
1164 2487 1255 2554 hanc
1280 2513 1376 2578 quae·
1430 2505 1431 2542 1

256 2590 396 2654 0110110111
420 2590 585 2676 pertinere
609 2609 681 2652 eam
705 2589 952 2674 responsionem
977 2608 1076 2673 quam
1101 2585 1236 2652 Callisto
1262 2589 1377 2654 adver·

255 2688 361 2752 sarius
383 2687 545 2770 attribuit,
571 2685 612 2750 de
636 2687 765 2750 zizania
793 2707 879 2772 quae
907 2687 1039 2771 penitus
1063 2685 1225 2750 eradicari
1250 2691 1377 2773 nequit.
1430 2699 1431 2788 q

254 2807 293 2848 ac
318 2785 359 2848 de
382 2807 459 2850 arca
482 2785 553 2848 Noe
586 2805 661 2848 cum
694 2782 921 2849 animantibus
954 2783 1087 2848 mundis
1111 2792 1209 2869 atque
1233 2785 1377 2849 immuu—
1430 2801 1431 2824 ³

254 2882 315 2948 dis.
344 2884 433 2948 Hinc
456 2884 565 2969 potius
589 2903 767 2965 censerem,
786 2880 877 2946 haud
900 2881 1106 2968 approbante
1128 2880 1182 2945 vel
1204 2895 1377 2947 annuente·

256 2981 390 3046 Callisto
424 2980 574 3066 bigamos
607 2982 641 3044 in
675 2979 800 3044 clerum
832 2980 933 3044 fuisse
957 2982 1130 3065 ingressos,
1164 2979 1284 3045 sedin
1310 2983 1377 3067 qui·

254 3079 395 3144 busdam
418 3078 609 3164 regionibus
632 3100 675 3142 ex
697 3076 899 3164 negligentia
918 3077 972 3142 rel
995 3099 1038 3142 ex
1060 3079 1199 3163 penuria
1221 3089 1377 3165 aptorum

255 3180 402 3242 virorum
425 3177 566 3241 abusum
589 3176 735 3240 adfuisse
750 3199 787 3240 eo
803 3184 960 3263 tempore,
975 3185 1013 3240 ut
1035 3175 1149 3261 regula
1173 3197 1239 3240 non
1265 3180 1377 3241 strica·
1430 3189 1431 3270 q

255 3275 485 3340 observaretur
508 3284 607 3360 atque
631 3276 730 3338 etiam
754 3275 879 3360 bigami
895 3273 1025 3339 facilins
1049 3276 1084 3338 in
1108 3274 1231 3339 clerum
1257 3275 1378 3340 admit·
1430 3271 1431 3352 l

254 3384 409 3440 terantur.
456 3374 585 3438 Auctor
610 3395 677 3438 non
706 3372 839 3437 videtur
865 3371 955 3458 loqui
986 3371 1028 3436 de
1050 3374 1123 3459 ipsa
1146 3370 1291 3436 ecclesia
1316 3373 1376 3436 Ro·
1430 3363 1431 3436 1

255 3496 363 3555 mana,
387 3494 491 3559 quum
514 3494 580 3536 11011
595 3471 686 3536 dicat
707 3495 728 3535 a
743 3469 877 3536 Callisto
897 3470 1047 3555 bigamos
1071 3469 1239 3534 ordinatos
1263 3469 1378 3536 fuisso.

254 3571 311 3634 sed
336 3571 391 3634 0011
415 3574 494 3657 ipso,
520 3567 576 3632 ἐπὶ
600 3567 734 3649 caricam·
763 3569 899 3655 ejusque
923 3569 1089 3632 accusatio
1113 3569 1196 3633 forte
1219 3569 1265 3633 ad
1290 3569 1377 3633 Afri-

255 3691 355 3733 canas
379 3666 533 3732 ecclesias
565 3667 714 3732 refertur.
760 3667 814 3730 Ex
837 3665 1033 3731 Tertulliani
1066 3668 1197 3753 scriptis
1226 3675 1301 3730 tum
1328 3691 1379 3730 ca·

254 3767 384 3831 tholieis
406 3777 478 3830 tum
501 3765 745 3830 Montanistiois
773 3763 954 3851 colligitur,
979 3787 1016 3828 eo
1045 3774 1192 3852 tempore
1214 3765 1378 3849 regulam.

255 3877 291 3930 nt
313 3866 438 3950 bigami
461 3887 528 3929 non
551 3863 804 3928 admitterentur
822 3862 866 3928 ad
881 3861 1015 3946 clauim,
1040 3863 1154 3948 utique
1176 3864 1315 3950 aipairse
1341 3864 1377 3926 ‹lr-
1430 3869 1431 3876 ’

253 3969 332 4054 jare,
357 3973 503 4028 attamen
526 3985 593 4027 non
618 3984 749 4048 semper
770 3961 871 4026 fuisse
895 3960 1113 4026 observatam.
1151 3961 1275 4029 Scribit
1299 3962 1378 4026 Ter·

254 4061 413 4127 tullianus
437 4060 618 4126 catholicus
646 4060 699 4124 Ad
721 4083 851 4125 oaorem
873 4058 894 4125 l.
918 4059 945 4125 Ι.
970 4061 998 4126 c.
1024 4060 1060 4123 l:
1087 4056 1248 4132 Quantam
1271 4059 1378 4124 datra-

255 4163 332 4224 1011
353 4159 446 4245 fidei,
475 4171 625 4246 quautam
656 4159 840 4245 obstrepant
866 4159 1031 4222 0000111011
1052 4159 1184 4244 nuptiae
1208 4159 1378 4234 1001111101,
1430 4149 1431 4174 ’

255 4259 427 4346 disciplina
461 4258 617 4322 Ecclesiae
651 4269 680 4321 01
706 4259 920 4343 praescriptio
954 4255 1100 4344 Apostoli
1132 4255 1277 4320 declarat
1309 4279 1379 4320 cerm
