2900 4800
441 441 482 496 De
500 441 617 498 Concilio
636 443 802 500 oecumenico
819 449 904 500 sexto.
1176 450 1231 504 ⁴47

115 585 240 672 tacu).
281 583 465 671 Imperator
481 593 593 650 autem
613 583 848 652 Constantinus
864 587 1054 672 Pogonatus
1071 593 1106 656 in
1123 591 1231 656 edicto

115 685 206 771 quod
217 693 292 770 post
305 681 491 748 Concilium
504 681 605 764 dedit,
621 683 711 748 hisce
722 683 869 770 loquitur
887 686 1015 752 verbis:
1040 689 1233 779 Htp'aemodi

112 783 297 867 coatopioee
315 781 461 846 acceo
478 783 767 848 contaminaverant
789 785 943 864 eticmli,
961 789 1015 872 qui
1033 799 1105 852 cate
1121 799 1232 852 nostra

115 899 258 967 temporo
287 877 433 965 acordepi
462 878 637 944 sacerdotes
669 879 814 944 ecclosias
831 905 979 968 perverse
1008 885 1230 970 pobemcraat.

114 977 197 1044 Sunt
208 979 371 1042 anteacti:
390 976 570 1042 Theodorei
579 978 632 1063 qui
633 976 705 1062 fuit
716 979 848 1042 Pteron
858 982 1031 1067 eptaoopua,
1041 981 1170 1068 Serpt'cs
1180 984 1234 1068 ptri

106 1076 179 1162 fuit
190 1086 316 1140 metrae
331 1076 427 1140 aDec
438 1074 670 1143 coercendae
685 1078 789 1162 rapine
802 1076 891 1142 urbia
901 1080 1046 1156 aetates,
1063 1079 1189 1146 actaeo
1203 1090 1234 1144 et

115 1173 279 1238 Honorias
297 1175 351 1258 qai
362 1171 434 1258 ficit
450 1174 598 1257 antiquae
613 1175 733 1238 Romae
747 1197 856 1260 papa,
878 1177 1056 1265 hujusmodi
1072 1179 1233 1244 imreseoe

114 1271 324 1355 confirmator,
335 1272 390 1356 qui
405 1271 501 1334 etiam
516 1272 567 1334 eui
580 1267 707 1336 crostitit⁴
719 1283 918 1358 oppapuctor
932 1283 993 1338 ato.
1017 1274 1062 1338 Et
1077 1274 1232 1340 inferius:

113 1368 823 1457 Anademotitomasetresutamaseteos,qai
832 1383 1233 1456 ertperoaouorametocoe·

112 1489 185 1536 ram
198 1467 375 1554 &proclum
388 1468 537 1532 haeretici
553 1477 696 1532 assotcres
710 1467 958 1552 otqseesoctores
972 1479 1053 1534 sant.
1091 1471 1234 1536 Dicimus

113 1575 218 1632 aetem
246 1565 455 1643 Tleeodomm,
480 1613 487 1628 .
514 1613 521 1628 .
547 1612 554 1630 .
579 1575 610 1628 et
633 1563 793 1651 Serpiam,
817 1614 824 1629 .
851 1615 859 1632 .
885 1615 891 1630 .
917 1567 962 1632 ad
983 1567 1057 1632 hoec
1085 1567 1233 1632 etHoao·

112 1664 216 1742 dam,
246 1664 301 1748 pei
323 1663 395 1749 sirit
424 1664 575 1748 antiquae
597 1665 717 1728 Romae
743 1687 854 1749 papa,
886 1666 994 1728 lteram
1015 1667 1177 1732 taenea
1199 1666 1234 1730 io

113 1759 260 1826 cacitas
273 1761 456 1846 fautorem,
481 1781 693 1824 concarsorern
715 1772 809 1847 atque
831 1761 1118 1849 confirmatorem).

207 1859 259 1924 ll.
283 1858 360 1924 Jam
384 1860 499 1945 paucis
516 1859 780 1942 constringamus
803 1881 860 1942 ea,
885 1881 970 1946 quae
994 1861 1035 1924 de
1058 1860 1122 1926 hac
1146 1860 1404 1928 darn-senestuti-

115 1958 251 2022 natione
266 1956 405 2021 Honorii
430 1955 575 2020 dicenda
598 1954 791 2022 obveniunt.
815 1993 860 2006 —
881 1957 1095 2024 Manifestum
1120 1960 1158 2024 1⁰
1176 1969 1243 2038 ost,
1272 1947 1379 1999 mm·

114 2075 219 2139 quum
242 2053 410 2118 Honorius
433 2052 558 2118 nullam
583 2052 724 2118 ediderit
741 2053 968 2122 definitionem
992 2079 1034 2120 ex
1058 2055 1234 2138 Cathcdra,

114 2153 281 2218 sententia
302 2151 359 2218 illa
381 2150 570 2218 nullatenus
594 2151 700 2234 edici,
716 2152 824 2238 ipsum
848 2154 892 2216 in.
908 2151 1019 2239 aliqua
1042 2153 1235 2220 definitione

114 2249 279 2334 ejusmodi
297 2251 331 2314 in
354 2271 498 2314 errorem
522 2249 688 2316 incidisse.
734 2249 877 2316 Proinde
897 2273 1000 2337 quum
1017 2250 1235 2318 infallibilitas

113 2347 257 2412 Romani
271 2347 441 2413 Pontificio
465 2346 668 2432 intelligatur
687 2347 729 2412 dc
752 2347 1002 2414 definitionibus
1025 2350 1098 2435 ejus
1118 2371 1161 2414 ex
1176 2347 1236 2414 Ce-

114 2445 234 2510 thedra
257 2448 292 2510 in
314 2467 350 2510 re
373 2445 452 2511 fidei
476 2455 509 2510 et
522 2467 670 2528 morum,
696 2448 858 2512 immerito
879 2469 922 2512 ex
945 2446 1000 2512 illa
1024 2447 1235 2512 damnatione

116 2553 314 2628 argumenta
337 2553 451 2610 contra
474 2543 561 2608 hanc
585 2543 769 2608 doctrinam
793 2544 1041 2630 depromuntur.

209 2643 260 2708 78.
284 2643 389 2706 Nemo
420 2643 441 2706 2
494 2663 614 2726 negare
645 2649 770 2728 potest,
794 2641 963 2708 decretum
986 2642 1128 2726 alicujus
1153 2640 1235 2708 Con-
1253 2657 1337 2706 netu.
1351 2675 1396 2707 au

117 2737 187 2805 cilii
212 2749 348 2806 eatenus
370 2748 501 2806 tantum
534 2737 664 2821 velere,
695 2749 858 2825 quatenus
881 2742 1044 2826 accipitur
1066 2749 1099 2804 et
1122 2739 1236 2805 coufir-
1255 2725 1392 2766 dmm·

117 2846 228 2900 matur
264 2859 284 2900 e
316 2837 466 2902 Romano
499 2837 678 2918 Pontifiee,
711 2846 745 2902 et
768 2839 900 2902 nonnisi
933 2847 1171 2923 consequenter
1194 2836 1237 2902 ad

116 2932 206 3000 hanc
228 2935 501 3020 approbationem
525 2956 596 3000 esse
618 2933 767 2998 validum
791 2931 931 3000 Concilii
956 2937 1160 3000 oecumenici
1185 2935 1237 2999 de-

117 3041 256 3097 cretum.
303 3031 370 3098 Sed
391 3032 461 3098 Leo
486 3031 520 3096 Π
543 3032 581 3096 R.
606 3033 660 3113 P.,
693 3034 750 3118 qui
776 3029 963 3098 Concilium
988 3035 1237 3098 oecumenicum

116 3129 168 3194 VI
201 3130 427 3212 confirmavit,
461 3132 658 3196 seutentiam
681 3153 780 3216 quam
815 3132 961 3216 episcopi
993 3129 1167 3196 orientales
1197 3129 1237 3196 dc

115 3228 267 3294 Honorio
300 3227 465 3311 tulerant,
496 3250 535 3292 eo
568 3251 666 3295 sensu
697 3238 826 3295 tantum
858 3229 1011 3310 admisit,
1044 3229 1238 3292 auctoritate

117 3347 180 3390 sua
201 3325 381 3411 apostolica
405 3325 600 3411 explicavit,
633 3336 666 3390 et
698 3328 885 3392 accuratius
913 3327 1147 3392 determinavit
1170 3325 1237 3412 (vel

116 3423 292 3510 correxit),
317 3435 353 3488 ut
375 3425 545 3490 Honorius
570 3424 781 3490 damnatione
809 3445 1019 3511 nequaquam
1042 3425 1237 3508 perstringa-

118 3531 191 3604 tur,
217 3543 254 3586 eo
279 3522 366 3608 quod
391 3524 461 3608 ipse
484 3520 782 3588 Monotheletarum
813 3522 939 3587 haeresi
964 3521 1105 3586 infectus
1128 3521 1236 3603 fuerit,

117 3619 177 3684 sed
200 3619 290 3706 quod
313 3617 465 3706 Sergium
491 3629 700 3706 caeterosque
723 3619 963 3685 Monothcletas
991 3640 1058 3684 non
1080 3639 1238 3704 represse-

116 3719 177 3800 rit,
202 3721 490 3784 etauctoritatem
513 3717 728 3803 apostolicam
752 3716 906 3800 decebat,
931 3727 964 3782 et
985 3717 1075 3804 quod
1098 3739 1158 3780 sua
1180 3718 1237 3782 im-

117 3815 274 3902 prudenti
297 3817 510 3882 conniventia
540 3815 778 3880 haereticorum
815 3815 952 3880 consilia
975 3835 1167 3900 promovere
1190 3816 1238 3878 vi·

117 3935 174 3977 sus
197 3915 249 3979 sit.
297 3913 459 3995 Quemvis
481 3913 638 3978 videlicet
652 3913 819 3978 Honorius
843 3912 951 3998 quoad
976 3921 1119 3976 mentem
1144 3933 1238 3976 suam

119 4021 153 4076 ct
185 4014 344 4098 optimam
383 4013 601 4078 intentionem
639 4013 753 4076 merito
787 4011 939 4075 excusari
974 4011 1093 4095 possit,
1126 4019 1237 4074 tamen

196 4232 216 4291 ¹)
237 4225 335 4290 boote,
355 4225 395 4278 Vl
422 4239 447 4292 p.
467 4225 545 4278 1072.
726 4223 746 4294 ¹)
765 4222 858 4278 Labltt
877 4221 927 4278 VI.
947 4239 972 4291 p.
996 4223 1070 4276 10⁸3.
