2766 4836
241 479 276 535 68
486 478 526 532 De
544 474 775 547 Arianismifftatis
792 491 825 530 ae
842 473 876 528 de
892 473 970 544 lapsu
988 474 1097 530 Libero.

241 623 297 688 illa
319 623 465 687 maxima
488 631 580 707 parte
603 619 693 684 haud
717 640 786 683 esse
817 616 850 682 S.
874 616 1005 684 Hilarii.
1031 617 1203 683 Caeterum
1231 641 1283 703 per
1302 643 1328 682 se
1361 697 1362 718 Χ

239 723 398 808 potuisset
413 722 513 784 etiam
527 717 560 784 S.
576 717 724 782 Hilarius
739 717 829 802 operi
845 738 903 780 suo
928 715 1081 780 historico
1101 717 1256 802 quasdam
1269 737 1328 802 sop-

239 821 361 905 positas
393 818 436 883 ab
468 817 603 882 Arianis
626 815 779 901 epistolas
803 815 954 896 inserere,
985 825 1022 878 ut
1052 837 1165 879 eorum
1188 814 1329 879 malitiam

239 917 432 981 ostenderet.

71 1023 167 1076 upana
185 1025 229 1075 ari·
327 1016 381 1079 91.
405 1015 444 1079 2⁰
469 1015 615 1077 Primam
640 1009 810 1097 epistolam
826 1007 962 1074 Studeas
971 1012 1051 1097 paci
1079 1031 1145 1074 non
1169 1011 1329 1076 esseLibe

71 1085 227 1136 masuuposite.
257 1115 276 1128 ..

238 1137 293 1194 rn,
319 1135 431 1178 omnes
461 1112 567 1174 critici
598 1109 676 1174 inde
706 1109 890 1173 aBaronio
923 1109 1077 1190 fatentur,
1111 1110 1211 1172 etiam
1243 1110 1265 1172 ii
1285 1110 1329 1194 qui
1362 1124 1363 1174 l

238 1211 319 1276 alias
333 1209 486 1296 epistolas
501 1217 537 1273 ut
550 1210 711 1293 genuinas
734 1205 866 1271 habent.
912 1203 1156 1270 Tantummodo
1173 1207 1330 1271 Tillemont

239 1309 435 1394 conjecturis
458 1305 656 1393 quibusdam
680 1306 750 1390 ejus
763 1305 1002 1389 genuinitatem
1021 1313 1158 1368 conatus
1183 1314 1232 1368 est
1252 1305 1330 1373 tucri.

237 1416 271 1470 et
294 1407 462 1471 Reinkens
486 1414 595 1469 nostra
619 1413 725 1468 aetate
749 1401 928 1482 contendit,
944 1403 1066 1486 optime
1089 1401 1178 1466 hanc
1202 1405 1332 1487 genuini·

237 1513 338 1569 tatem
371 1524 465 1589 posse
488 1501 620 1567 defendi
628 1500 662 1588 ¹).
696 1501 760 1567 Sed
791 1521 906 1564 revera
929 1499 1066 1564 evidens
1095 1510 1152 1582 est,
1178 1500 1333 1587 epistolam

238 1624 319 1688 opus
351 1600 474 1666 falsarii
508 1621 588 1664 esse.
633 1599 754 1663 Narrat
784 1599 874 1662 enim
905 1597 1205 1664 Pseudo-Liberius
1236 1621 1273 1664 ea
1301 1599 1334 1662 de

238 1699 334 1763 modo
357 1721 415 1763 suo
439 1697 559 1783 agendi
582 1696 692 1783 quoad
714 1694 945 1779 Athanasium,
969 1717 1053 1782 quae
1077 1696 1177 1782 plane
1200 1709 1336 1784 pugnant

238 1820 313 1861 cum
337 1798 377 1860 iis
400 1818 484 1882 quse
507 1817 623 1859 revera
646 1818 665 1858 a
687 1793 821 1859 Liberio
845 1793 932 1858 facta
956 1816 1026 1859 esse
1049 1805 1190 1861 constat.
1228 1795 1336 1862 Scribit

235 1894 547 1959 Pseudo-Liberius:
593 1893 729 1957 Studeas
743 1894 822 1978 paci
844 1903 874 1957 et
914 1893 1098 1958 concordiae
1137 1895 1336 1974 menemus,

232 2005 438 2081 posteaquam
461 1992 585 2056 litteras
620 1989 774 2056 Caritatis
803 2003 924 2056 metrae
957 1992 994 2055 de
1023 1993 1147 2057 nomine
1179 1993 1339 2058 Athanasii

237 2101 266 2154 et
289 2101 480 2154 caeterorum
494 2089 607 2176 factas
630 2089 674 2153 ad
704 2113 816 2153 neuma
837 2089 924 2154 Julii
946 2089 1044 2154 bonae
1065 2095 1236 2157 memoriae
1258 2094 1337 2180 Epis·
1364 2099 1365 2114 ¹

236 2189 307 2275 copi
330 2190 446 2275 accepi,
479 2199 600 2252 secutus
627 2187 829 2252 traditionem
858 2191 1013 2277 majorum
1037 2189 1242 2278 presbyteros
1263 2191 1338 2254 urhis

237 2288 365 2364 Romae,
382 2286 520 2365 Lucium,
545 2285 678 2350 Paulum
708 2295 737 2348 et
761 2285 933 2350 Helianum
955 2311 976 2350 a
999 2286 1097 2352 latere
1119 2311 1189 2354 meo
1214 2289 1257 2353 ad
1278 2287 1338 2352 Aa·

236 2383 476 2446 condamnari
506 2383 721 2469 scapradictum
745 2381 953 2476 Athanasium
979 2383 1095 2464 direci,
1119 2397 1157 2451 ut
1180 2387 1226 2451 ad
1247 2387 1339 2452 urbem
1365 2418 1366 2502 1

236 2481 370 2544 Romam
391 2483 528 2560 veniret,
551 2491 587 2544 at
617 2483 653 2546 in
669 2483 835 2566 praesenti
860 2481 897 2544 id
918 2481 1001 2568 quod
1024 2482 1187 2550 Erotem
1211 2485 1339 2572 dirupti·
1365 2517 1366 2580 ᾗ

235 2603 280 2642 na
302 2581 434 2657 araur,
458 2581 493 2643 in
515 2601 584 2642 eum
613 2589 811 2643 statareretur.
859 2579 998 2644 Litteras
1025 2581 1121 2644 etiam
1146 2584 1192 2647 ad
1216 2584 1338 2648 eumden

231 2699 292 2762 per
312 2677 512 2763 erepradictos
528 2676 727 2763 presbyteros
750 2676 833 2760 dedi,
855 2677 965 2762 witus
987 2679 1219 2758 minuebatur,
1242 2679 1340 2768 quoda

235 2796 299 2838 nen
330 2777 464 2853 ueniret,
489 2776 582 2838 sciret
612 2797 643 2838 se
674 2773 812 2839 aliemm
842 2797 905 2838 esse
936 2775 975 2838 ah
1006 2775 1155 2842 eccleciae
1188 2781 1338 2844 Roumaae

236 2874 454 2936 communione.
502 2871 632 2936 Reuersi
662 2895 733 2956 erqo
751 2871 929 2960 presbyteri
950 2876 1189 2958 nuntiaverunt,
1215 2899 1282 2941 enm
1300 2899 1338 2938 ee·

235 2971 303 3033 nire
325 2970 472 3034 noluisse.
498 2968 627 3034 Secutus
650 2969 781 3055 eteniam
804 2970 930 3036 litteras
947 2969 1101 3037 Caritatis
1122 2985 1259 3052 vestrae,
1273 2995 1339 3060 miae

235 3066 274 3130 de
295 3069 418 3131 nomine
449 3067 627 3154 srapradicti
658 3067 829 3132 Athanasii
852 3069 896 3133 ad
921 3092 980 3134 nos
1002 3070 1145 3153 dodisma
1171 3075 1283 3138 edatis
1301 3073 1340 3134 his

236 3163 360 3245 litteris,
385 3189 463 3251 qrtas
486 3165 530 3229 ad
543 3167 785 3230 unanimitatem
798 3177 933 3230 vestram
948 3167 1032 3247 dedi,
1049 3191 1095 3232 me
1114 3193 1185 3234 eum
1210 3169 1339 3235 omnihus

234 3263 321 3326 uobis
353 3275 382 3327 et
413 3287 481 3327 cum
502 3265 657 3328 universis
680 3264 835 3350 episcopis
857 3265 1017 3330 Ecclesiae
1044 3267 1222 3334 catholicae
1239 3289 1339 3356 paean

235 3360 356 3440 hahere,
380 3363 595 3447 supradictum
618 3373 722 3430 antem
744 3361 953 3426 Athanasium
976 3363 1114 3428 alhaum
1136 3389 1205 3431 esee
1230 3390 1251 3431 a
1273 3387 1338 3430 cont·

234 3460 378 3523 munione
401 3483 470 3524 mea
493 3462 556 3524 sive
585 3458 730 3524 ecclesiae
751 3461 914 3525 Romanae
937 3471 968 3526 et
990 3464 1145 3526 conamtio
1170 3463 1340 3530 litterarum

235 3555 522 3621 ecclesiasticarum.
555 3593 598 3604 -
631 3557 723 3622 Haec
755 3559 888 3622 omnino
921 3579 1068 3644 pugnare
1091 3581 1168 3625 cnm
1200 3563 1243 3627 iis
1265 3581 1338 3646 qnae

233 3653 387 3718 Liberius
419 3677 531 3741 reapse
563 3657 597 3720 in
621 3678 720 3720 causa
743 3653 775 3719 S.
800 3654 974 3721 Athanasii
997 3657 1089 3742 fecit,
1123 3681 1166 3722 ex
1191 3661 1233 3724 iis
1264 3679 1337 3746 quae

235 3753 384 3837 superius
407 3755 614 3817 narravimus
640 3754 736 3818 facile
761 3753 903 3839 colliges.

103 3871 203 3923 esrum
323 3851 376 3914 92.
401 3849 455 3915 Ad
485 3851 627 3936 reliquas
659 3850 812 3936 epistolas
844 3852 933 3938 quod
961 3853 1086 3936 attinet,
1110 3855 1149 3918 3ο
1176 3863 1254 3939 post
1275 3851 1338 3919 Stil·

103 3934 189 3984 nuta.

234 3948 362 4031 tingum
386 3948 532 4034 plerique
556 3951 661 4013 critici
685 3959 718 4013 et
735 3948 881 4014 historici
900 3953 1056 4034 temporis
1078 3954 1180 4015 nostri
1206 3953 1338 4038 quirem

308 4243 328 4314 ¹)
347 4242 468 4298 Hilarius
486 4259 538 4298 von
557 4243 674 4299 Poitiers
692 4243 718 4298 8.
738 4246 799 4301 219.
