2936 4814
513 463 652 525 Iactantii
668 473 767 524 textae
1164 471 1199 526 75

111 615 310 698 imperaverat·
334 623 364 676 ct
381 636 443 699 per
465 635 566 677 aanor
585 613 681 676 XXV
698 635 792 725 nsque
817 613 860 676 ad
877 614 1075 699 principium
1098 615 1198 679 Nero-

111 713 187 774 uiaai
215 713 337 796 imperii
361 735 424 796 per
455 733 561 774 omnes
587 711 774 796 provincias
806 721 836 774 et
867 711 1010 774 civitates
1041 713 1199 776 Ecclesiae

103 809 292 891 ammenta
314 810 473 872 mmauut.
523 805 720 894 Quanmue'
698 830 770 896 jam
795 807 882 870 Nero
905 809 1075 893 imperaret
1088 811 1199 874 Petrus

110 907 220 970 Roma
240 906 378 983 docuit,
402 917 433 970 et
455 905 550 971 editis
572 905 758 990 wmasdam
785 905 958 983 miraculis,
983 929 1061 991 quae
1084 909 1198 972 virtute

109 1004 191 1088 ipsius
210 1003 271 1068 Dei
294 1003 376 1068 dota
398 1003 459 1066 ribi
482 1002 521 1066 ab
544 1025 579 1066 co
596 1013 755 1088 potestate
770 1001 926 1087 faciebat,
950 1007 1100 1068 convertit
1121 1006 1198 1068 mal-

108 1111 146 1162 tos
169 1100 208 1162 ad
227 1103 402 1190 justitiam,
433 1100 559 1186 Deoque
583 1099 729 1185 templum
748 1098 848 1182 fidele
870 1123 908 1162 ac
932 1101 1043 1164 stabile
1067 1103 1198 1167 colloca·

108 1199 149 1258 rit„
192 1194 259 1269 Qrea
279 1221 313 1260 re
338 1197 383 1262 ad
407 1198 565 1260 Nermcem
594 1196 712 1272 delata,
743 1219 810 1259 eam
838 1197 1111 1278 animadverteret,
1134 1223 1198 1264 non

108 1294 180 1356 modo
214 1296 349 1372 Romae,
390 1295 445 1356 sed
473 1294 585 1379 abiqeee
621 1293 760 1379 qnotidie
793 1315 939 1379 mauram
967 1296 1198 1362 multitudinem

106 1391 212 1473 deficere
233 1415 254 1454 a
276 1391 364 1456 culta
392 1391 557 1469 idolorum,
582 1400 612 1454 et
641 1389 888 1476 ad,rcli9ioncm
910 1413 1023 1456 novam
1045 1393 1197 1458 domm

107 1499 233 1553 remmia
263 1489 419 1565 manaim,
447 1499 483 1551 ut
512 1497 581 1550 erat
610 1486 797 1550 euecrabilia
826 1510 864 1550 ac
891 1511 1006 1552 noceas
1034 1501 1196 1576 menarum,

103 1586 240 1668 prosilivit
262 1587 306 1650 ad
336 1585 543 1650 εωσίἆωιάιιτη
571 1583 699 1648 coeleste
729 1584 876 1669 templum
905 1585 1128 1673 delendamque
1143 1595 1196 1679 ju·

104 1685 213 1761 atilium,
244 1697 274 1748 et
299 1684 427 1770 primae
458 1683 594 1746 omnium
626 1692 810 1768 persecutus
841 1682 905 1744 Dei
936 1705 1048 1761 ammos,
1072 1686 1197 1748 Petrum

104 1783 172 1844 (mei
190 1780 296 1868 afficit
319 1792 351 1845 et
374 1778 508 1844 Paulam
529 1779 696 1866 interfecit.

174 1879 223 1944 54.
246 1879 312 1942 Iste
346 1887 395 1942 est
426 1879 528 1961 igitur
550 1877 716 1942 Lactantii
747 1886 868 1958 textus,
900 1876 942 1940 ob
967 1898 1065 1962 quem
1087 1880 1196 1944 Prote-

102 1985 204 2040 smntes
226 1975 435 2040 conclamant
458 1985 569 2039 actum
592 1996 662 2038 esse
681 1974 722 2038 de
741 1975 918 2038 assertione
942 1975 1195 2060 pontificiorum,

102 2075 181 2136 annis
209 2074 308 2138 XXV
346 2072 385 2138 B.
421 2073 557 2137 Petrum
589 2072 714 2136 Romae
752 2070 893 2152 sedisse,
930 2072 1084 2138 catholici
1117 2097 1195 2140 vero

103 2167 193 2251 plures
214 2174 315 2236 ctiam
349 2169 436 2234 hanc
458 2171 654 2234 sententiam
687 2171 791 2233 teneri
824 2190 891 2232 non
914 2191 1008 2254 posse
1032 2173 1196 2238 existima·

102 2279 171 2333 mnt
213 2269 277 2335 Sed
301 2269 429 2352 siquis
459 2277 580 2350 censet,
612 2288 728 2330 revera
760 2265 849 2330 hunc
878 2267 1045 2332 Lactantii
1068 2279 1195 2335 textum
1230 2273 1233 2280 '

101 2365 248 2432 conciliari
263 2389 331 2432 non
355 2387 449 2451 posse
472 2387 548 2428 cum
571 2366 738 2428 communi
763 2366 926 2428 sententia
949 2365 990 2428 de
1005 2367 1195 2454 episcopatu

101 2459 227 2528 Romam
250 2464 353 2530 XXV
382 2485 560 2544 annorum,
590 2464 700 2547 potius
729 2461 908 2526 dicendum
937 2474 1031 2544 esset,
1055 2465 1194 2532 Lactan-

101 2559 167 2622 tium
188 2562 295 2646 quoad
321 2559 565 2644 chronologiam
589 2582 641 2624 res
663 2560 772 2623 minus
795 2569 948 2624 accurate
970 2561 1101 2628 referre.
1138 2564 1193 2627 Et·

100 2657 172 2720 enim
192 2667 388 2743 mgumenta
415 2679 499 2742 quae
526 2656 705 2740 attulimus,
729 2677 795 2721 non
819 2656 988 2722 eliduntur
1009 2681 1029 2722 a
1051 2658 1191 2726 Lactan-

100 2753 144 2834 tio,
164 2757 187 2818 si
210 2765 341 2842 spectas
364 2777 406 2818 ex
429 2777 495 2820 una
525 2764 617 2840 parte
647 2756 779 2820 testium
807 2757 1005 2838 gravitatem
1028 2765 1061 2821 et
1083 2781 1195 2823 nurne-

99 2870 167 2932 mm,
196 2875 237 2918 ex
267 2853 372 2918 altera
404 2854 631 2918 auctoritatem
663 2852 843 2918 Lactantii.
890 2853 985 2918 Stant
1016 2855 1105 2920 enim
1135 2879 1194 2942 pro

99 2953 241 3015 sententia
263 2962 375 3016 nostra
405 2960 503 3015 testes
531 2950 679 3037 plerique
708 2961 807 3036 atque
836 2953 1034 3035 gravissimi,
1058 2954 1106 3017 uti
1129 2954 1194 3018 Eu·

98 3044 200 3130 sebius,
215 3049 449 3134 Hieronymus,
465 3048 610 3130 Orosius,
624 3049 774 3133 Prosper,
797 3047 946 3132 Catalogi
969 3051 1193 3117 vetustissimi.

100 3139 272 3212 melantius
301 3169 379 3210 vero
407 3167 497 3226 anae,
527 3146 673 3232 profecto
703 3167 765 3211 nec
797 3145 934 3210 relative
962 3169 1024 3211 nec
1046 3147 1194 3214 absolute

97 3251 137 3302 ret
156 3252 260 3308 tantae
284 3245 498 3326 auctoritatis,
522 3253 559 3306 ut
581 3253 715 3330 propter
737 3245 840 3328 ipsius
864 3243 952 3308 dicta
975 3244 1117 3331 reliquos
1140 3249 1194 3312 de·

98 3357 187 3402 ¹serere
215 3340 404 3407 debeamus.
450 3341 645 3405 Lactantius
675 3340 772 3406 homo
802 3340 907 3406 laicus
936 3353 1015 3424 erat,
1046 3345 1113 3429 qui,
1145 3349 1191 3410 uti

97 3447 223 3518 constat,
255 3442 290 3503 in
323 3439 420 3504 rebus
450 3440 493 3505 ad
516 3439 700 3504 Ecclesiam
729 3439 971 3525 pertinentibus
1000 3463 1067 3506 non
1089 3465 1193 3509 unum

96 3531 185 3597 solum
216 3559 358 3601 errorem
390 3537 534 3619 admisit,
559 3559 620 3601 nec
659 3538 728 3622 ipse
766 3539 912 3602 accurati
946 3538 1102 3623 historici,
1135 3541 1193 3606 sed

96 3628 261 3716 eloquentis
284 3635 475 3720 apologetae
498 3637 568 3720 agit
589 3656 773 3720 personam.
829 3635 881 3699 Illi
905 3658 983 3700 vero
1007 3647 1105 3702 testes
1129 3641 1192 3704 viri

96 3726 291 3796 ecclesiastici
316 3743 392 3798 sunt
414 3734 611 3817 gravissimi,
645 3735 680 3798 in
703 3731 802 3797 rebus
824 3733 993 3798 Ecclesiae
1017 3737 1122 3821 iisque
1145 3737 1192 3802 hi·

96 3828 208 3892 storicis
228 3832 377 3916 apprime
400 3833 532 3897 versati.

170 3925 220 3993 55.
244 3928 297 3992 De
329 3930 370 3994 iis
403 3951 487 4014 quae
519 3932 629 3995 minus
659 3938 814 3995 accurate
846 3928 936 3994 dicta
967 3931 1002 3994 in
1034 3929 1099 3996 hoc
1121 3933 1192 4019 ipso

97 4033 175 4086 textu
188 4024 352 4091 lactantii
366 4037 552 4111 occurrunt,
576 4029 699 4114 optime
722 4028 947 4112 Sanguinetti:
973 4028 1193 4112 „Quaerimus

93 4120 196 4201 onum,
222 4132 331 4188 utrum
355 4135 507 4190 accurate
531 4125 573 4188 sit
596 4125 722 4190 dictum
745 4147 785 4190 ac
812 4127 908 4190 ineo
932 4135 1081 4191 servetur
1108 4131 1191 4194 ratio

96 4223 245 4304 temporis,
270 4223 401 4309 quando
417 4225 554 4288 dicitur:
591 4222 739 4311 ,apostoli
755 4225 812 4310 qui
826 4233 906 4290 tuno
921 4233 1013 4290 eraut
1037 4226 1191 4294 undecim
