<?xml version="1.0" encoding="UTF-8"?>
<!DOCTYPE html PUBLIC "-//W3C//DTD XHTML 1.0 Transitional//EN"
    "http://www.w3.org/TR/xhtml1/DTD/xhtml1-transitional.dtd">
<html xmlns="http://www.w3.org/1999/xhtml" xml:lang="en" lang="en">
 <head>
  <title>
</title>
<meta http-equiv="Content-Type" content="text/html;charset=utf-8" />
  <meta name='ocr-system' content='tesseract 3.04.00' />
  <meta name='ocr-capabilities' content='ocr_page ocr_carea ocr_par ocr_line ocrx_word'/>
</head>
<body>
  <div class='ocr_page' id='page_1' title='image "./dissertationess02junggoog_0912.png"; bbox 0 0 2900 4800; ppageno 0'>
   <div class='ocr_carea' id='block_1_1' title="bbox 412 404 1227 461">
    <p class='ocr_par' dir='ltr' id='par_1_1' title="bbox 412 404 1227 461">
     <span class='ocr_line' id='line_1_1' title="bbox 412 404 1227 461; baseline 0.002 -3"><span class='ocrx_word' id='word_1_1' title='bbox 412 404 453 458; x_wconf 92' lang='lat' dir='ltr'><strong>De</strong></span> <span class='ocrx_word' id='word_1_2' title='bbox 471 404 589 460; x_wconf 81' lang='lat' dir='ltr'><strong>Concilio</strong></span> <span class='ocrx_word' id='word_1_3' title='bbox 606 405 774 461; x_wconf 87' lang='lat' dir='ltr'><strong>oecumenico</strong></span> <span class='ocrx_word' id='word_1_4' title='bbox 792 409 876 460; x_wconf 84' lang='lat' dir='ltr'><strong>sexto.</strong></span> <span class='ocrx_word' id='word_1_5' title='bbox 1172 405 1227 460; x_wconf 78' lang='grc'><strong>466</strong></span> 
     </span>
    </p>
   </div>
   <div class='ocr_carea' id='block_1_2' title="bbox 109 545 1382 3080">
    <p class='ocr_par' dir='ltr' id='par_1_2' title="bbox 109 545 1230 2082">
     <span class='ocr_line' id='line_1_2' title="bbox 109 545 1227 634; baseline 0 -22"><span class='ocrx_word' id='word_1_6' title='bbox 109 545 175 612; x_wconf 90' lang='lat' dir='ltr'><strong>boc</strong></span> <span class='ocrx_word' id='word_1_7' title='bbox 197 547 344 614; x_wconf 82' lang='lat' dir='ltr'><strong>iacerent</strong></span> <span class='ocrx_word' id='word_1_8' title='bbox 366 569 491 612; x_wconf 86' lang='lat' dir='ltr'><strong>errasse</strong></span> <span class='ocrx_word' id='word_1_9' title='bbox 514 548 659 613; x_wconf 88' lang='lat' dir='ltr'><strong>infacto</strong></span> <span class='ocrx_word' id='word_1_10' title='bbox 683 548 886 634; x_wconf 87' lang='lat' dir='ltr'><strong>dogmatico,</strong></span> <span class='ocrx_word' id='word_1_11' title='bbox 910 569 972 612; x_wconf 88' lang='lat' dir='ltr'><strong>nec</strong></span> <span class='ocrx_word' id='word_1_12' title='bbox 995 545 1156 634; x_wconf 90' lang='lat' dir='ltr'><strong>ejusmodi</strong></span> <span class='ocrx_word' id='word_1_13' title='bbox 1175 548 1227 634; x_wconf 91' lang='lat' dir='ltr'><strong>ju-</strong></span> 
     </span>
     <span class='ocr_line' id='line_1_3' title="bbox 112 643 1227 712; baseline -0.001 -2"><span class='ocrx_word' id='word_1_14' title='bbox 112 643 237 710; x_wconf 83' lang='lat' dir='ltr'><strong>dicium</strong></span> <span class='ocrx_word' id='word_1_15' title='bbox 258 645 357 710; x_wconf 85' lang='lat' dir='ltr'><strong>ullius</strong></span> <span class='ocrx_word' id='word_1_16' title='bbox 379 667 448 710; x_wconf 88' lang='lat' dir='ltr'><strong>esse</strong></span> <span class='ocrx_word' id='word_1_17' title='bbox 467 645 599 710; x_wconf 85' lang='lat' dir='ltr'><strong>valoris.</strong></span> <span class='ocrx_word' id='word_1_18' title='bbox 624 645 816 712; x_wconf 86' lang='lat' dir='ltr'><strong>Correotnm</strong></span> <span class='ocrx_word' id='word_1_19' title='bbox 832 645 989 711; x_wconf 88' lang='lat' dir='ltr'><strong>videlicet</strong></span> <span class='ocrx_word' id='word_1_20' title='bbox 1002 645 1065 710; x_wconf 84' lang='lat' dir='ltr'><strong>suit</strong></span> <span class='ocrx_word' id='word_1_21' title='bbox 1079 667 1099 709; x_wconf 89' lang='lat' dir='ltr'><strong>a</strong></span> <span class='ocrx_word' id='word_1_22' title='bbox 1114 645 1227 710; x_wconf 90' lang='lat' dir='ltr'><strong>Leone</strong></span> 
     </span>
     <span class='ocr_line' id='line_1_4' title="bbox 111 740 1227 830; baseline 0 -22"><span class='ocrx_word' id='word_1_23' title='bbox 111 740 163 821; x_wconf 89' lang='grc' dir='ltr'><strong>Π,</strong></span> <span class='ocrx_word' id='word_1_24' title='bbox 197 745 256 829; x_wconf 90' lang='lat' dir='ltr'><strong>qui</strong></span> <span class='ocrx_word' id='word_1_25' title='bbox 283 765 349 810; x_wconf 90' lang='lat' dir='ltr'><strong>non</strong></span> <span class='ocrx_word' id='word_1_26' title='bbox 373 742 414 807; x_wconf 91' lang='lat' dir='ltr'><strong>ob</strong></span> <span class='ocrx_word' id='word_1_27' title='bbox 446 765 584 830; x_wconf 83' lang='lat' dir='ltr'><strong>pravam</strong></span> <span class='ocrx_word' id='word_1_28' title='bbox 609 743 813 825; x_wconf 74' lang='lat' dir='ltr'><strong>doctrinam,</strong></span> <span class='ocrx_word' id='word_1_29' title='bbox 844 743 902 808; x_wconf 90' lang='lat' dir='ltr'><strong>sed</strong></span> <span class='ocrx_word' id='word_1_30' title='bbox 925 742 967 808; x_wconf 92' lang='lat' dir='ltr'><strong>ob</strong></span> <span class='ocrx_word' id='word_1_31' title='bbox 991 742 1227 828; x_wconf 85' lang='lat' dir='ltr'><strong>negligentiam</strong></span> 
     </span>
     <span class='ocr_line' id='line_1_5' title="bbox 110 839 1228 925; baseline 0 -19"><span class='ocrx_word' id='word_1_32' title='bbox 110 850 241 906; x_wconf 82' lang='lat' dir='ltr'><strong>tantum</strong></span> <span class='ocrx_word' id='word_1_33' title='bbox 272 842 307 906; x_wconf 88' lang='lat' dir='ltr'><strong>in</strong></span> <span class='ocrx_word' id='word_1_34' title='bbox 340 842 581 925; x_wconf 83' lang='lat' dir='ltr'><strong>exstinguenda</strong></span> <span class='ocrx_word' id='word_1_35' title='bbox 616 841 744 908; x_wconf 86' lang='lat' dir='ltr'><strong>haeresi</strong></span> <span class='ocrx_word' id='word_1_36' title='bbox 777 841 964 908; x_wconf 89' lang='lat' dir='ltr'><strong>Honorium</strong></span> <span class='ocrx_word' id='word_1_37' title='bbox 1001 839 1228 906; x_wconf 87' lang='lat' dir='ltr'><strong>damnandum</strong></span> 
     </span>
     <span class='ocr_line' id='line_1_6' title="bbox 110 938 1227 1025; baseline 0 -21"><span class='ocrx_word' id='word_1_38' title='bbox 110 938 323 1022; x_wconf 83' lang='lat' dir='ltr'><strong>significavit,</strong></span> <span class='ocrx_word' id='word_1_39' title='bbox 354 961 393 1004; x_wconf 93' lang='lat' dir='ltr'><strong>ac</strong></span> <span class='ocrx_word' id='word_1_40' title='bbox 427 961 580 1025; x_wconf 86' lang='lat' dir='ltr'><strong>suprema</strong></span> <span class='ocrx_word' id='word_1_41' title='bbox 611 943 807 1006; x_wconf 88' lang='lat' dir='ltr'><strong>auctoritate</strong></span> <span class='ocrx_word' id='word_1_42' title='bbox 843 939 1005 1006; x_wconf 85' lang='lat' dir='ltr'><strong>definivit.</strong></span> <span class='ocrx_word' id='word_1_43' title='bbox 1058 940 1227 1005; x_wconf 89' lang='lat' dir='ltr'><strong>Postremo</strong></span> 
     </span>
     <span class='ocr_line' id='line_1_7' title="bbox 111 1035 1227 1124; baseline 0.001 -22"><span class='ocrx_word' id='word_1_44' title='bbox 111 1037 207 1102; x_wconf 90' lang='lat' dir='ltr'><strong>multi</strong></span> <span class='ocrx_word' id='word_1_45' title='bbox 238 1047 388 1102; x_wconf 86' lang='lat' dir='ltr'><strong>auctores</strong></span> <span class='ocrx_word' id='word_1_46' title='bbox 411 1037 565 1102; x_wconf 77' lang='lat' dir='ltr'><strong>catholici</strong></span> <span class='ocrx_word' id='word_1_47' title='bbox 598 1047 730 1120; x_wconf 88' lang='lat' dir='ltr'><strong>tenent,</strong></span> <span class='ocrx_word' id='word_1_48' title='bbox 766 1039 866 1103; x_wconf 87' lang='lat' dir='ltr'><strong>etiam</strong></span> <span class='ocrx_word' id='word_1_49' title='bbox 890 1039 1120 1124; x_wconf 87' lang='lat' dir='ltr'><strong>episcopusin</strong></span> <span class='ocrx_word' id='word_1_50' title='bbox 1144 1035 1227 1103; x_wconf 90' lang='lat' dir='ltr'><strong>Con·</strong></span> 
     </span>
     <span class='ocr_line' id='line_1_8' title="bbox 111 1133 1229 1220; baseline -0.001 -20"><span class='ocrx_word' id='word_1_51' title='bbox 111 1134 188 1200; x_wconf 89' lang='lat' dir='ltr'><strong>cilio</strong></span> <span class='ocrx_word' id='word_1_52' title='bbox 217 1145 450 1220; x_wconf 87' lang='lat' dir='ltr'><strong>congregatos,</strong></span> <span class='ocrx_word' id='word_1_53' title='bbox 476 1135 555 1200; x_wconf 89' lang='lat' dir='ltr'><strong>dum</strong></span> <span class='ocrx_word' id='word_1_54' title='bbox 579 1136 779 1202; x_wconf 87' lang='lat' dir='ltr'><strong>damnarunt</strong></span> <span class='ocrx_word' id='word_1_55' title='bbox 802 1133 1005 1217; x_wconf 84' lang='lat' dir='ltr'><strong>Honorium,</strong></span> <span class='ocrx_word' id='word_1_56' title='bbox 1037 1134 1128 1199; x_wconf 87' lang='lat' dir='ltr'><strong>haud</strong></span> <span class='ocrx_word' id='word_1_57' title='bbox 1152 1156 1229 1199; x_wconf 90' lang='lat' dir='ltr'><strong>eum</strong></span> 
     </span>
     <span class='ocr_line' id='line_1_9' title="bbox 110 1232 1228 1321; baseline 0 -25"><span class='ocrx_word' id='word_1_58' title='bbox 110 1241 149 1296; x_wconf 89' lang='lat' dir='ltr'><strong>ut</strong></span> <span class='ocrx_word' id='word_1_59' title='bbox 171 1232 374 1298; x_wconf 85' lang='lat' dir='ltr'><strong>haereticum</strong></span> <span class='ocrx_word' id='word_1_60' title='bbox 398 1255 474 1297; x_wconf 91' lang='lat' dir='ltr'><strong>cum</strong></span> <span class='ocrx_word' id='word_1_61' title='bbox 498 1236 634 1299; x_wconf 86' lang='lat' dir='ltr'><strong>caeteris</strong></span> <span class='ocrx_word' id='word_1_62' title='bbox 648 1235 842 1321; x_wconf 89' lang='lat' dir='ltr'><strong>projecisse,</strong></span> <span class='ocrx_word' id='word_1_63' title='bbox 867 1233 926 1298; x_wconf 85' lang='lat' dir='ltr'><strong>sed</strong></span> <span class='ocrx_word' id='word_1_64' title='bbox 953 1234 1116 1298; x_wconf 87' lang='lat' dir='ltr'><strong>sententia</strong></span> <span class='ocrx_word' id='word_1_65' title='bbox 1139 1233 1228 1298; x_wconf 90' lang='lat' dir='ltr'><strong>dam-</strong></span> 
     </span>
     <span class='ocr_line' id='line_1_10' title="bbox 110 1329 1229 1418; baseline 0.002 -24"><span class='ocrx_word' id='word_1_66' title='bbox 110 1331 256 1395; x_wconf 75' lang='lat' dir='ltr'><strong>nationis</strong></span> <span class='ocrx_word' id='word_1_67' title='bbox 278 1330 320 1396; x_wconf 90' lang='lat' dir='ltr'><strong>ob</strong></span> <span class='ocrx_word' id='word_1_68' title='bbox 345 1330 579 1416; x_wconf 79' lang='lat' dir='ltr'><strong>negligentiam</strong></span> <span class='ocrx_word' id='word_1_69' title='bbox 592 1353 667 1396; x_wconf 91' lang='lat' dir='ltr'><strong>eum</strong></span> <span class='ocrx_word' id='word_1_70' title='bbox 681 1333 929 1418; x_wconf 86' lang='lat' dir='ltr'><strong>perstrinxisse,</strong></span> <span class='ocrx_word' id='word_1_71' title='bbox 954 1329 1043 1418; x_wconf 89' lang='lat' dir='ltr'><strong>quod</strong></span> <span class='ocrx_word' id='word_1_72' title='bbox 1062 1331 1229 1417; x_wconf 88' lang='lat' dir='ltr'><strong>judicium</strong></span> 
     </span>
     <span class='ocr_line' id='line_1_11' title="bbox 111 1426 1229 1510; baseline 0.002 -18"><span class='ocrx_word' id='word_1_73' title='bbox 111 1426 190 1492; x_wconf 90' lang='lat' dir='ltr'><strong>dein</strong></span> <span class='ocrx_word' id='word_1_74' title='bbox 223 1451 243 1492; x_wconf 91' lang='lat' dir='ltr'><strong>a</strong></span> <span class='ocrx_word' id='word_1_75' title='bbox 265 1429 379 1493; x_wconf 89' lang='lat' dir='ltr'><strong>Leone</strong></span> <span class='ocrx_word' id='word_1_76' title='bbox 402 1429 436 1493; x_wconf 92' lang='grc' dir='ltr'><strong><em>Π</em></strong></span> <span class='ocrx_word' id='word_1_77' title='bbox 467 1429 696 1495; x_wconf 88' lang='lat' dir='ltr'><strong>confirmatum</strong></span> <span class='ocrx_word' id='word_1_78' title='bbox 726 1431 835 1496; x_wconf 86' lang='lat' dir='ltr'><strong>fuerit.</strong></span> <span class='ocrx_word' id='word_1_79' title='bbox 883 1429 974 1510; x_wconf 79' lang='lat' dir='ltr'><strong>Quid</strong></span> <span class='ocrx_word' id='word_1_80' title='bbox 1006 1451 1084 1494; x_wconf 88' lang='lat' dir='ltr'><strong>vero</strong></span> <span class='ocrx_word' id='word_1_81' title='bbox 1108 1429 1171 1493; x_wconf 85' lang='lat' dir='ltr'><strong>ista</strong></span> <span class='ocrx_word' id='word_1_82' title='bbox 1193 1431 1229 1494; x_wconf 93' lang='lat' dir='ltr'><strong>in</strong></span> 
     </span>
     <span class='ocr_line' id='line_1_12' title="bbox 110 1525 1229 1614; baseline 0.003 -25"><span class='ocrx_word' id='word_1_83' title='bbox 110 1547 146 1590; x_wconf 90' lang='lat' dir='ltr'><strong>rc</strong></span> <span class='ocrx_word' id='word_1_84' title='bbox 161 1525 373 1591; x_wconf 87' lang='lat' dir='ltr'><strong>statuendum</strong></span> <span class='ocrx_word' id='word_1_85' title='bbox 388 1549 599 1609; x_wconf 78' lang='lat' dir='ltr'><strong>censeamus,</strong></span> <span class='ocrx_word' id='word_1_86' title='bbox 613 1531 799 1614; x_wconf 89' lang='lat' dir='ltr'><strong>aperiemus</strong></span> <span class='ocrx_word' id='word_1_87' title='bbox 809 1527 888 1592; x_wconf 90' lang='lat' dir='ltr'><strong>dum</strong></span> <span class='ocrx_word' id='word_1_88' title='bbox 904 1549 943 1591; x_wconf 87' lang='lat' dir='ltr'><strong>ea</strong></span> <span class='ocrx_word' id='word_1_89' title='bbox 957 1549 1041 1614; x_wconf 91' lang='lat' dir='ltr'><strong>quae</strong></span> <span class='ocrx_word' id='word_1_90' title='bbox 1054 1527 1099 1592; x_wconf 91' lang='lat' dir='ltr'><strong>ad</strong></span> <span class='ocrx_word' id='word_1_91' title='bbox 1115 1526 1229 1592; x_wconf 90' lang='lat' dir='ltr'><strong>Conci·</strong></span> 
     </span>
     <span class='ocr_line' id='line_1_13' title="bbox 110 1623 1229 1712; baseline 0 -24"><span class='ocrx_word' id='word_1_92' title='bbox 110 1623 193 1688; x_wconf 90' lang='lat' dir='ltr'><strong>lium</strong></span> <span class='ocrx_word' id='word_1_93' title='bbox 213 1627 463 1689; x_wconf 88' lang='lat' dir='ltr'><strong>oecumenicum</strong></span> <span class='ocrx_word' id='word_1_94' title='bbox 485 1635 615 1691; x_wconf 85' lang='lat' dir='ltr'><strong>sextum</strong></span> <span class='ocrx_word' id='word_1_95' title='bbox 634 1635 789 1712; x_wconf 88' lang='lat' dir='ltr'><strong>spectant</strong></span> <span class='ocrx_word' id='word_1_96' title='bbox 805 1626 1036 1712; x_wconf 87' lang='lat' dir='ltr'><strong>percurrimus.</strong></span> <span class='ocrx_word' id='word_1_97' title='bbox 1083 1625 1229 1689; x_wconf 88' lang='lat' dir='ltr'><strong>Maxime</strong></span> 
     </span>
     <span class='ocr_line' id='line_1_14' title="bbox 112 1721 1229 1812; baseline -0.001 -27"><span class='ocrx_word' id='word_1_98' title='bbox 112 1743 191 1786; x_wconf 87' lang='lat' dir='ltr'><strong>vero</strong></span> <span class='ocrx_word' id='word_1_99' title='bbox 207 1721 289 1786; x_wconf 91' lang='lat' dir='ltr'><strong>haec</strong></span> <span class='ocrx_word' id='word_1_100' title='bbox 305 1745 343 1786; x_wconf 89' lang='lat' dir='ltr'><strong>eo</strong></span> <span class='ocrx_word' id='word_1_101' title='bbox 360 1722 421 1788; x_wconf 87' lang='lat' dir='ltr'><strong>sub</strong></span> <span class='ocrx_word' id='word_1_102' title='bbox 437 1733 589 1812; x_wconf 88' lang='lat' dir='ltr'><strong>respectu</strong></span> <span class='ocrx_word' id='word_1_103' title='bbox 604 1723 888 1790; x_wconf 88' lang='lat' dir='ltr'><strong>considerabimus</strong></span> <span class='ocrx_word' id='word_1_104' title='bbox 900 1733 933 1788; x_wconf 91' lang='lat' dir='ltr'><strong>et</strong></span> <span class='ocrx_word' id='word_1_105' title='bbox 949 1723 1135 1788; x_wconf 80' lang='lat' dir='ltr'><strong>accuratius</strong></span> <span class='ocrx_word' id='word_1_106' title='bbox 1145 1721 1229 1787; x_wconf 82' lang='lat' dir='ltr'><strong>erol-</strong></span> 
     </span>
     <span class='ocr_line' id='line_1_15' title="bbox 112 1821 1229 1906; baseline 0.002 -24"><span class='ocrx_word' id='word_1_107' title='bbox 112 1839 245 1900; x_wconf 87' lang='lat' dir='ltr'><strong>vemus,</strong></span> <span class='ocrx_word' id='word_1_108' title='bbox 270 1828 433 1906; x_wconf 91' lang='lat' dir='ltr'><strong>quatenus</strong></span> <span class='ocrx_word' id='word_1_109' title='bbox 456 1821 679 1886; x_wconf 89' lang='lat' dir='ltr'><strong>Romanorum</strong></span> <span class='ocrx_word' id='word_1_110' title='bbox 694 1822 893 1886; x_wconf 87' lang='lat' dir='ltr'><strong>Pontificum</strong></span> <span class='ocrx_word' id='word_1_111' title='bbox 919 1821 1096 1886; x_wconf 85' lang='lat' dir='ltr'><strong>auctoritas</strong></span> <span class='ocrx_word' id='word_1_112' title='bbox 1119 1821 1154 1884; x_wconf 92' lang='lat' dir='ltr'><strong>in</strong></span> <span class='ocrx_word' id='word_1_113' title='bbox 1177 1841 1229 1904; x_wconf 86' lang='lat' dir='ltr'><strong>gc·</strong></span> 
     </span>
     <span class='ocr_line' id='line_1_16' title="bbox 112 1916 1230 2006; baseline 0.002 -26"><span class='ocrx_word' id='word_1_114' title='bbox 112 1918 170 1981; x_wconf 88' lang='lat' dir='ltr'><strong>stis</strong></span> <span class='ocrx_word' id='word_1_115' title='bbox 203 1916 268 1982; x_wconf 88' lang='lat' dir='ltr'><strong>illis</strong></span> <span class='ocrx_word' id='word_1_116' title='bbox 298 1920 518 2004; x_wconf 90' lang='lat' dir='ltr'><strong>conspicitur,</strong></span> <span class='ocrx_word' id='word_1_117' title='bbox 553 1930 586 1983; x_wconf 90' lang='lat' dir='ltr'><strong>et</strong></span> <span class='ocrx_word' id='word_1_118' title='bbox 608 1921 777 2006; x_wconf 84' lang='lat' dir='ltr'><strong>negotium</strong></span> <span class='ocrx_word' id='word_1_119' title='bbox 800 1920 941 1985; x_wconf 90' lang='lat' dir='ltr'><strong>Honorii</strong></span> <span class='ocrx_word' id='word_1_120' title='bbox 966 1941 985 1983; x_wconf 91' lang='lat' dir='ltr'><strong>a</strong></span> <span class='ocrx_word' id='word_1_121' title='bbox 1009 1918 1143 2004; x_wconf 84' lang='lat' dir='ltr'><strong>Synodo</strong></span> <span class='ocrx_word' id='word_1_122' title='bbox 1168 1920 1230 1982; x_wconf 87' lang='lat' dir='ltr'><strong>ista</strong></span> 
     </span>
     <span class='ocr_line' id='line_1_17' title="bbox 110 2023 370 2082; baseline 0.012 -4"><span class='ocrx_word' id='word_1_123' title='bbox 110 2023 289 2080; x_wconf 78' lang='lat' dir='ltr'><strong>tractatum</strong></span> <span class='ocrx_word' id='word_1_124' title='bbox 312 2027 370 2082; x_wconf 90' lang='lat' dir='ltr'><strong>est.</strong></span> 
     </span>
    </p>

    <p class='ocr_par' dir='ltr' id='par_1_3' title="bbox 110 2112 1382 3080">
     <span class='ocr_line' id='line_1_18' title="bbox 201 2112 1382 2202; baseline 0 -24"><span class='ocrx_word' id='word_1_125' title='bbox 201 2113 255 2178; x_wconf 88' lang='grc'><strong>69.</strong></span> <span class='ocrx_word' id='word_1_126' title='bbox 281 2112 452 2180; x_wconf 77' lang='lat' dir='ltr'><strong>Constanti</strong></span> <span class='ocrx_word' id='word_1_127' title='bbox 492 2115 706 2202; x_wconf 83' lang='lat' dir='ltr'><strong>Imperatori,</strong></span> <span class='ocrx_word' id='word_1_128' title='bbox 745 2118 793 2180; x_wconf 93' lang='lat' dir='ltr'><strong>uti</strong></span> <span class='ocrx_word' id='word_1_129' title='bbox 828 2115 992 2197; x_wconf 87' lang='lat' dir='ltr'><strong>vidimus,</strong></span> <span class='ocrx_word' id='word_1_130' title='bbox 1031 2122 1232 2179; x_wconf 86' lang='lat' dir='ltr'><strong>successerat</strong></span> <span class='ocrx_word' id='word_1_131' title='bbox 1255 2143 1382 2188; x_wconf 59' lang='lat' dir='ltr'><strong>cosumus</strong></span> 
     </span>
     <span class='ocr_line' id='line_1_19' title="bbox 113 2205 1367 2298; baseline 0.003 -24"><span class='ocrx_word' id='word_1_132' title='bbox 113 2207 350 2276; x_wconf 84' lang='lat' dir='ltr'><strong>Constantinus</strong></span> <span class='ocrx_word' id='word_1_133' title='bbox 369 2213 457 2278; x_wconf 90' lang='lat' dir='ltr'><strong>filius</strong></span> <span class='ocrx_word' id='word_1_134' title='bbox 472 2222 687 2298; x_wconf 90' lang='lat' dir='ltr'><strong>cognomento</strong></span> <span class='ocrx_word' id='word_1_135' title='bbox 702 2214 891 2298; x_wconf 88' lang='lat' dir='ltr'><strong>Pogonatus</strong></span> <span class='ocrx_word' id='word_1_136' title='bbox 900 2262 910 2296; x_wconf 88' lang='lat'><strong><em>,</em></strong></span> <span class='ocrx_word' id='word_1_137' title='bbox 926 2212 1129 2278; x_wconf 83' lang='lat' dir='ltr'><strong>orthodoxae</strong></span> <span class='ocrx_word' id='word_1_138' title='bbox 1152 2212 1229 2278; x_wconf 88' lang='lat' dir='ltr'><strong>fidei</strong></span> <span class='ocrx_word' id='word_1_139' title='bbox 1269 2205 1367 2249; x_wconf 73' lang='lat'>⁰⁰¹⁶²¹¹¹¹</span> 
     </span>
     <span class='ocr_line' id='line_1_20' title="bbox 112 2307 1231 2397; baseline 0.004 -26"><span class='ocrx_word' id='word_1_140' title='bbox 112 2307 280 2391; x_wconf 85' lang='lat' dir='ltr'><strong>addictus,</strong></span> <span class='ocrx_word' id='word_1_141' title='bbox 305 2312 362 2396; x_wconf 91' lang='lat' dir='ltr'><strong>qui</strong></span> <span class='ocrx_word' id='word_1_142' title='bbox 387 2313 455 2395; x_wconf 88' lang='lat' dir='ltr'><strong>egit</strong></span> <span class='ocrx_word' id='word_1_143' title='bbox 477 2313 583 2397; x_wconf 86' lang='lat' dir='ltr'><strong>primo</strong></span> <span class='ocrx_word' id='word_1_144' title='bbox 608 2333 684 2376; x_wconf 90' lang='lat' dir='ltr'><strong>cum</strong></span> <span class='ocrx_word' id='word_1_145' title='bbox 707 2312 805 2377; x_wconf 91' lang='lat' dir='ltr'><strong>Dono</strong></span> <span class='ocrx_word' id='word_1_146' title='bbox 830 2331 959 2376; x_wconf 89' lang='lat' dir='ltr'><strong>summo</strong></span> <span class='ocrx_word' id='word_1_147' title='bbox 973 2309 1153 2392; x_wconf 85' lang='lat' dir='ltr'><strong>Pontifice,</strong></span> <span class='ocrx_word' id='word_1_148' title='bbox 1178 2311 1231 2376; x_wconf 89' lang='lat' dir='ltr'><strong>de·</strong></span> 
     </span>
     <span class='ocr_line' id='line_1_21' title="bbox 112 2405 1230 2494; baseline 0.004 -25"><span class='ocrx_word' id='word_1_149' title='bbox 112 2405 191 2470; x_wconf 91' lang='lat' dir='ltr'><strong>inde</strong></span> <span class='ocrx_word' id='word_1_150' title='bbox 215 2429 290 2472; x_wconf 92' lang='lat' dir='ltr'><strong>cum</strong></span> <span class='ocrx_word' id='word_1_151' title='bbox 314 2408 490 2492; x_wconf 86' lang='lat' dir='ltr'><strong>Agathone</strong></span> <span class='ocrx_word' id='word_1_152' title='bbox 513 2410 584 2494; x_wconf 91' lang='lat' dir='ltr'><strong>ejus</strong></span> <span class='ocrx_word' id='word_1_153' title='bbox 607 2430 814 2491; x_wconf 87' lang='lat' dir='ltr'><strong>successore,</strong></span> <span class='ocrx_word' id='word_1_154' title='bbox 848 2409 889 2472; x_wconf 92' lang='lat' dir='ltr'><strong>de</strong></span> <span class='ocrx_word' id='word_1_155' title='bbox 912 2409 1123 2474; x_wconf 86' lang='lat' dir='ltr'><strong>oecumenico</strong></span> <span class='ocrx_word' id='word_1_156' title='bbox 1149 2406 1230 2474; x_wconf 92' lang='lat' dir='ltr'><strong>Con-</strong></span> 
     </span>
     <span class='ocr_line' id='line_1_22' title="bbox 112 2503 1230 2593; baseline 0.004 -26"><span class='ocrx_word' id='word_1_157' title='bbox 112 2503 188 2568; x_wconf 90' lang='lat' dir='ltr'><strong>cilio</strong></span> <span class='ocrx_word' id='word_1_158' title='bbox 205 2503 305 2570; x_wconf 89' lang='lat' dir='ltr'><strong>CPoli</strong></span> <span class='ocrx_word' id='word_1_159' title='bbox 321 2508 564 2592; x_wconf 84' lang='lat' dir='ltr'><strong>congregando,</strong></span> <span class='ocrx_word' id='word_1_160' title='bbox 580 2507 848 2593; x_wconf 84' lang='lat' dir='ltr'><strong>praesidentibus</strong></span> <span class='ocrx_word' id='word_1_161' title='bbox 859 2505 1058 2593; x_wconf 88' lang='lat' dir='ltr'><strong>Apostolicis</strong></span> <span class='ocrx_word' id='word_1_162' title='bbox 1069 2503 1230 2591; x_wconf 58' lang='lat' dir='ltr'><strong>legatis).</strong></span> 
     </span>
     <span class='ocr_line' id='line_1_23' title="bbox 112 2601 1230 2692; baseline 0.001 -27"><span class='ocrx_word' id='word_1_163' title='bbox 112 2601 243 2666; x_wconf 84' lang='lat' dir='ltr'><strong>Annuit</strong></span> <span class='ocrx_word' id='word_1_164' title='bbox 250 2603 392 2689; x_wconf 84' lang='lat' dir='ltr'><strong>Agatho,</strong></span> <span class='ocrx_word' id='word_1_165' title='bbox 403 2627 563 2692; x_wconf 89' lang='lat' dir='ltr'><strong>suamque</strong></span> <span class='ocrx_word' id='word_1_166' title='bbox 570 2605 790 2692; x_wconf 86' lang='lat' dir='ltr'><strong>adhibuitpro</strong></span> <span class='ocrx_word' id='word_1_167' title='bbox 803 2605 866 2669; x_wconf 91' lang='lat' dir='ltr'><strong>hac</strong></span> <span class='ocrx_word' id='word_1_168' title='bbox 879 2626 978 2668; x_wconf 86' lang='lat' dir='ltr'><strong>causa</strong></span> <span class='ocrx_word' id='word_1_169' title='bbox 990 2605 1230 2668; x_wconf 85' lang='lat' dir='ltr'><strong>auctoritatem.</strong></span> 
     </span>
     <span class='ocr_line' id='line_1_24' title="bbox 112 2698 1231 2789; baseline 0.001 -26"><span class='ocrx_word' id='word_1_170' title='bbox 112 2698 240 2764; x_wconf 86' lang='lat' dir='ltr'><strong>Habita</strong></span> <span class='ocrx_word' id='word_1_171' title='bbox 273 2703 375 2786; x_wconf 87' lang='lat' dir='ltr'><strong>igitur</strong></span> <span class='ocrx_word' id='word_1_172' title='bbox 407 2703 531 2768; x_wconf 91' lang='lat' dir='ltr'><strong>Romae</strong></span> <span class='ocrx_word' id='word_1_173' title='bbox 563 2703 689 2789; x_wconf 82' lang='lat' dir='ltr'><strong>synodo</strong></span> <span class='ocrx_word' id='word_1_174' title='bbox 721 2711 853 2767; x_wconf 91' lang='lat' dir='ltr'><strong>centum</strong></span> <span class='ocrx_word' id='word_1_175' title='bbox 886 2711 919 2766; x_wconf 92' lang='lat' dir='ltr'><strong>et</strong></span> <span class='ocrx_word' id='word_1_176' title='bbox 941 2702 1061 2785; x_wconf 84' lang='lat' dir='ltr'><strong>viginti</strong></span> <span class='ocrx_word' id='word_1_177' title='bbox 1085 2703 1231 2787; x_wconf 88' lang='lat' dir='ltr'><strong>quinque</strong></span> 
     </span>
     <span class='ocr_line' id='line_1_25' title="bbox 111 2797 1233 2886; baseline 0.002 -26"><span class='ocrx_word' id='word_1_178' title='bbox 111 2799 359 2884; x_wconf 86' lang='lat' dir='ltr'><strong>episcoporum,</strong></span> <span class='ocrx_word' id='word_1_179' title='bbox 391 2803 426 2866; x_wconf 92' lang='lat' dir='ltr'><strong>in</strong></span> <span class='ocrx_word' id='word_1_180' title='bbox 458 2823 524 2886; x_wconf 88' lang='lat' dir='ltr'><strong>qua</strong></span> <span class='ocrx_word' id='word_1_181' title='bbox 554 2811 620 2866; x_wconf 88' lang='lat' dir='ltr'><strong>tres</strong></span> <span class='ocrx_word' id='word_1_182' title='bbox 648 2802 752 2866; x_wconf 90' lang='lat' dir='ltr'><strong>etiam</strong></span> <span class='ocrx_word' id='word_1_183' title='bbox 778 2801 924 2886; x_wconf 88' lang='lat' dir='ltr'><strong>episcopi</strong></span> <span class='ocrx_word' id='word_1_184' title='bbox 948 2797 1113 2864; x_wconf 84' lang='lat' dir='ltr'><strong>Gallicani</strong></span> <span class='ocrx_word' id='word_1_185' title='bbox 1135 2798 1233 2862; x_wconf 87' lang='lat' dir='ltr'><strong>inter-</strong></span> 
     </span>
     <span class='ocr_line' id='line_1_26' title="bbox 110 2893 1231 2980; baseline 0 -20"><span class='ocrx_word' id='word_1_186' title='bbox 110 2895 247 2961; x_wconf 85' lang='lat' dir='ltr'><strong>fuerunt</strong></span> <span class='ocrx_word' id='word_1_187' title='bbox 270 2895 462 2964; x_wconf 83' lang='lat' dir='ltr'><strong>Gallicanae</strong></span> <span class='ocrx_word' id='word_1_188' title='bbox 492 2899 651 2964; x_wconf 87' lang='lat' dir='ltr'><strong>ecclcsiae</strong></span> <span class='ocrx_word' id='word_1_189' title='bbox 685 2900 881 2964; x_wconf 88' lang='lat' dir='ltr'><strong>sententiam</strong></span> <span class='ocrx_word' id='word_1_190' title='bbox 910 2897 1107 2978; x_wconf 86' lang='lat' dir='ltr'><strong>referentes,</strong></span> <span class='ocrx_word' id='word_1_191' title='bbox 1130 2893 1231 2980; x_wconf 89' lang='lat' dir='ltr'><strong>legati</strong></span> 
     </span>
     <span class='ocr_line' id='line_1_27' title="bbox 111 2993 1232 3080; baseline -0.001 -22"><span class='ocrx_word' id='word_1_192' title='bbox 111 2993 268 3060; x_wconf 85' lang='lat' dir='ltr'><strong>destinati</strong></span> <span class='ocrx_word' id='word_1_193' title='bbox 292 3005 368 3062; x_wconf 90' lang='lat' dir='ltr'><strong>sunt</strong></span> <span class='ocrx_word' id='word_1_194' title='bbox 402 2997 445 3061; x_wconf 89' lang='lat' dir='ltr'><strong>ad</strong></span> <span class='ocrx_word' id='word_1_195' title='bbox 471 2995 656 3062; x_wconf 80' lang='lat' dir='ltr'><strong>Concilium</strong></span> <span class='ocrx_word' id='word_1_196' title='bbox 681 2996 874 3062; x_wconf 81' lang='lat' dir='ltr'><strong>Theodorus</strong></span> <span class='ocrx_word' id='word_1_197' title='bbox 904 3004 937 3060; x_wconf 89' lang='lat' dir='ltr'><strong>et</strong></span> <span class='ocrx_word' id='word_1_198' title='bbox 959 2993 1123 3079; x_wconf 83' lang='lat' dir='ltr'><strong>Georgius</strong></span> <span class='ocrx_word' id='word_1_199' title='bbox 1144 3015 1232 3080; x_wconf 84' lang='lat' dir='ltr'><strong>pres·</strong></span> 
     </span>
    </p>
   </div>
   <div class='ocr_carea' id='block_1_3' title="bbox 110 3091 1233 3476">
    <p class='ocr_par' dir='ltr' id='par_1_4' title="bbox 110 3091 1233 3476">
     <span class='ocr_line' id='line_1_28' title="bbox 112 3091 1232 3181; baseline -0.001 -25"><span class='ocrx_word' id='word_1_200' title='bbox 112 3091 220 3176; x_wconf 82' lang='lat' dir='ltr'><strong>hyteri</strong></span> <span class='ocrx_word' id='word_1_201' title='bbox 246 3114 322 3158; x_wconf 89' lang='lat' dir='ltr'><strong>cum</strong></span> <span class='ocrx_word' id='word_1_202' title='bbox 346 3095 477 3160; x_wconf 90' lang='lat' dir='ltr'><strong>Joanne</strong></span> <span class='ocrx_word' id='word_1_203' title='bbox 501 3094 658 3178; x_wconf 88' lang='lat' dir='ltr'><strong>diacono,</strong></span> <span class='ocrx_word' id='word_1_204' title='bbox 683 3097 740 3181; x_wconf 92' lang='lat' dir='ltr'><strong>qui</strong></span> <span class='ocrx_word' id='word_1_205' title='bbox 762 3093 948 3180; x_wconf 84' lang='lat' dir='ltr'><strong>Agathonis</strong></span> <span class='ocrx_word' id='word_1_206' title='bbox 963 3092 1074 3179; x_wconf 90' lang='lat' dir='ltr'><strong>Papae</strong></span> <span class='ocrx_word' id='word_1_207' title='bbox 1098 3093 1232 3157; x_wconf 89' lang='lat' dir='ltr'><strong>nomine</strong></span> 
     </span>
     <span class='ocr_line' id='line_1_29' title="bbox 111 3189 1231 3277; baseline -0.002 -21"><span class='ocrx_word' id='word_1_208' title='bbox 111 3189 263 3256; x_wconf 87' lang='lat' dir='ltr'><strong>Concilio</strong></span> <span class='ocrx_word' id='word_1_209' title='bbox 295 3200 493 3277; x_wconf 86' lang='lat' dir='ltr'><strong>praeessent.</strong></span> <span class='ocrx_word' id='word_1_210' title='bbox 548 3193 724 3259; x_wconf 88' lang='lat' dir='ltr'><strong>Praeterea</strong></span> <span class='ocrx_word' id='word_1_211' title='bbox 762 3192 805 3258; x_wconf 89' lang='lat' dir='ltr'><strong>ad</strong></span> <span class='ocrx_word' id='word_1_212' title='bbox 837 3191 1009 3277; x_wconf 86' lang='lat' dir='ltr'><strong>Synodum</strong></span> <span class='ocrx_word' id='word_1_213' title='bbox 1045 3191 1231 3256; x_wconf 86' lang='lat' dir='ltr'><strong>oecumeni-</strong></span> 
     </span>
     <span class='ocr_line' id='line_1_30' title="bbox 110 3288 1232 3374; baseline 0.001 -21"><span class='ocrx_word' id='word_1_214' title='bbox 110 3309 186 3353; x_wconf 88' lang='lat' dir='ltr'><strong>cam</strong></span> <span class='ocrx_word' id='word_1_215' title='bbox 219 3291 309 3352; x_wconf 88' lang='lat' dir='ltr'><strong>missi</strong></span> <span class='ocrx_word' id='word_1_216' title='bbox 344 3301 420 3354; x_wconf 87' lang='lat' dir='ltr'><strong>sunt</strong></span> <span class='ocrx_word' id='word_1_217' title='bbox 442 3291 590 3356; x_wconf 88' lang='lat' dir='ltr'><strong>Joanues</strong></span> <span class='ocrx_word' id='word_1_218' title='bbox 612 3291 822 3374; x_wconf 87' lang='lat' dir='ltr'><strong>Portuensia,</strong></span> <span class='ocrx_word' id='word_1_219' title='bbox 859 3290 1095 3355; x_wconf 80' lang='lat' dir='ltr'><strong>Abundantius</strong></span> <span class='ocrx_word' id='word_1_220' title='bbox 1122 3288 1232 3354; x_wconf 84' lang='lat' dir='ltr'><strong>Pater·</strong></span> 
     </span>
     <span class='ocr_line' id='line_1_31' title="bbox 110 3385 1233 3476; baseline -0.002 -22"><span class='ocrx_word' id='word_1_221' title='bbox 110 3390 224 3454; x_wconf 87' lang='lat' dir='ltr'><strong>nensis</strong></span> <span class='ocrx_word' id='word_1_222' title='bbox 254 3397 288 3451; x_wconf 88' lang='lat' dir='ltr'><strong>et</strong></span> <span class='ocrx_word' id='word_1_223' title='bbox 312 3389 462 3453; x_wconf 88' lang='lat' dir='ltr'><strong>Joannes</strong></span> <span class='ocrx_word' id='word_1_224' title='bbox 485 3388 682 3472; x_wconf 89' lang='lat' dir='ltr'><strong>Rhegiensis</strong></span> <span class='ocrx_word' id='word_1_225' title='bbox 705 3391 852 3476; x_wconf 88' lang='lat' dir='ltr'><strong>episcopi</strong></span> <span class='ocrx_word' id='word_1_226' title='bbox 882 3389 1016 3454; x_wconf 88' lang='lat' dir='ltr'><strong>nomine</strong></span> <span class='ocrx_word' id='word_1_227' title='bbox 1030 3385 1148 3472; x_wconf 82' lang='lat' dir='ltr'><strong>synodi</strong></span> <span class='ocrx_word' id='word_1_228' title='bbox 1172 3387 1233 3452; x_wconf 89' lang='lat' dir='ltr'><strong>Ro-</strong></span> 
     </span>
    </p>
   </div>
   <div class='ocr_carea' id='block_1_4' title="bbox 108 3615 1237 4249">
    <p class='ocr_par' dir='ltr' id='par_1_5' title="bbox 108 3615 1237 4249">
     <span class='ocr_line' id='line_1_32' title="bbox 188 3615 1234 3688; baseline -0.004 -14"><span class='ocrx_word' id='word_1_229' title='bbox 188 3621 210 3684; x_wconf 86' lang='grc'><strong>·)</strong></span> <span class='ocrx_word' id='word_1_230' title='bbox 230 3617 255 3674; x_wconf 85' lang='lat' dir='ltr'><strong>S.</strong></span> <span class='ocrx_word' id='word_1_231' title='bbox 274 3619 395 3673; x_wconf 80' lang='lat' dir='ltr'><strong>Martius</strong></span> <span class='ocrx_word' id='word_1_232' title='bbox 413 3619 544 3674; x_wconf 88' lang='lat' dir='ltr'><strong>successit</strong></span> <span class='ocrx_word' id='word_1_233' title='bbox 570 3617 599 3673; x_wconf 81' lang='lat' dir='ltr'><strong>S.</strong></span> <span class='ocrx_word' id='word_1_234' title='bbox 623 3619 767 3688; x_wconf 55' lang='lat' dir='ltr'><strong>&amp;genias</strong></span> <span class='ocrx_word' id='word_1_235' title='bbox 784 3617 809 3684; x_wconf 86' lang='grc' dir='ltr'><strong>Ι,</strong></span> <span class='ocrx_word' id='word_1_236' title='bbox 830 3633 955 3686; x_wconf 76' lang='lat' dir='ltr'><strong>coques</strong></span> <span class='ocrx_word' id='word_1_237' title='bbox 974 3617 1026 3672; x_wconf 84' lang='grc'><strong>657</strong></span> <span class='ocrx_word' id='word_1_238' title='bbox 1046 3615 1172 3671; x_wconf 80' lang='lat' dir='ltr'><strong>defuncto</strong></span> <span class='ocrx_word' id='word_1_239' title='bbox 1190 3633 1234 3671; x_wconf 83' lang='lat' dir='ltr'><strong>cr-</strong></span> 
     </span>
     <span class='ocr_line' id='line_1_33' title="bbox 109 3695 1233 3766; baseline -0.004 -11"><span class='ocrx_word' id='word_1_240' title='bbox 109 3699 235 3755; x_wconf 86' lang='lat' dir='ltr'><strong>tbedram</strong></span> <span class='ocrx_word' id='word_1_241' title='bbox 252 3699 330 3753; x_wconf 87' lang='lat' dir='ltr'><strong>Petri</strong></span> <span class='ocrx_word' id='word_1_242' title='bbox 348 3699 440 3753; x_wconf 88' lang='lat' dir='ltr'><strong>tenuit</strong></span> <span class='ocrx_word' id='word_1_243' title='bbox 459 3700 487 3754; x_wconf 81' lang='lat' dir='ltr'><strong>S.</strong></span> <span class='ocrx_word' id='word_1_244' title='bbox 516 3699 670 3754; x_wconf 73' lang='lat' dir='ltr'><strong>Vitalianus</strong></span> <span class='ocrx_word' id='word_1_245' title='bbox 687 3713 773 3766; x_wconf 86' lang='lat' dir='ltr'><strong>usquo</strong></span> <span class='ocrx_word' id='word_1_246' title='bbox 800 3699 835 3754; x_wconf 87' lang='lat' dir='ltr'><strong>ad</strong></span> <span class='ocrx_word' id='word_1_247' title='bbox 852 3713 953 3754; x_wconf 90' lang='lat' dir='ltr'><strong>annum</strong></span> <span class='ocrx_word' id='word_1_248' title='bbox 972 3699 1033 3753; x_wconf 77' lang='grc'><strong>676.</strong></span> <span class='ocrx_word' id='word_1_249' title='bbox 1069 3695 1122 3752; x_wconf 83' lang='lat' dir='ltr'><strong>Hic</strong></span> <span class='ocrx_word' id='word_1_250' title='bbox 1139 3695 1233 3752; x_wconf 88' lang='lat' dir='ltr'><strong>Ponti·</strong></span> 
     </span>
     <span class='ocr_line' id='line_1_34' title="bbox 110 3777 1234 3848; baseline -0.004 -12"><span class='ocrx_word' id='word_1_251' title='bbox 110 3781 157 3836; x_wconf 77' lang='lat' dir='ltr'><strong>fex</strong></span> <span class='ocrx_word' id='word_1_252' title='bbox 175 3779 279 3834; x_wconf 86' lang='lat' dir='ltr'><strong>haeresi</strong></span> <span class='ocrx_word' id='word_1_253' title='bbox 298 3779 541 3834; x_wconf 73' lang='lat' dir='ltr'><strong>Monotheletarnm</strong></span> <span class='ocrx_word' id='word_1_254' title='bbox 559 3793 619 3834; x_wconf 89' lang='lat' dir='ltr'><strong>cum</strong></span> <span class='ocrx_word' id='word_1_255' title='bbox 637 3778 734 3847; x_wconf 75' lang='lat' dir='ltr'><strong>vigore</strong></span> <span class='ocrx_word' id='word_1_256' title='bbox 752 3779 871 3846; x_wconf 83' lang='lat' dir='ltr'><strong>restitit,</strong></span> <span class='ocrx_word' id='word_1_257' title='bbox 890 3779 1043 3848; x_wconf 83' lang='lat' dir='ltr'><strong>optimoque</strong></span> <span class='ocrx_word' id='word_1_258' title='bbox 1060 3777 1174 3832; x_wconf 87' lang='lat' dir='ltr'><strong>meritus</strong></span> <span class='ocrx_word' id='word_1_259' title='bbox 1192 3784 1234 3832; x_wconf 85' lang='lat' dir='ltr'><strong>ost</strong></span> 
     </span>
     <span class='ocr_line' id='line_1_35' title="bbox 108 3857 1237 3928; baseline -0.004 -12"><span class='ocrx_word' id='word_1_260' title='bbox 108 3861 143 3916; x_wconf 85' lang='lat' dir='ltr'><strong>ds</strong></span> <span class='ocrx_word' id='word_1_261' title='bbox 161 3859 318 3914; x_wconf 82' lang='lat' dir='ltr'><strong>ordinandis</strong></span> <span class='ocrx_word' id='word_1_262' title='bbox 335 3859 414 3914; x_wconf 87' lang='lat' dir='ltr'><strong>rebus</strong></span> <span class='ocrx_word' id='word_1_263' title='bbox 433 3858 623 3914; x_wconf 67' lang='lat' dir='ltr'><strong>emisaianicis</strong></span> <span class='ocrx_word' id='word_1_264' title='bbox 650 3859 777 3928; x_wconf 71' lang='lat' dir='ltr'><strong>Angliae.</strong></span> <span class='ocrx_word' id='word_1_265' title='bbox 816 3859 904 3928; x_wconf 79' lang='lat' dir='ltr'><strong>Quum</strong></span> <span class='ocrx_word' id='word_1_266' title='bbox 932 3860 966 3914; x_wconf 81' lang='grc'><strong>27</strong></span> <span class='ocrx_word' id='word_1_267' title='bbox 984 3857 1110 3914; x_wconf 84' lang='lat' dir='ltr'><strong>Jannarii</strong></span> <span class='ocrx_word' id='word_1_268' title='bbox 1137 3873 1162 3914; x_wconf 78' lang='lat' dir='ltr'><strong>a</strong></span> <span class='ocrx_word' id='word_1_269' title='bbox 1181 3857 1237 3912; x_wconf 77' lang='lat'><strong>672</strong></span> 
     </span>
     <span class='ocr_line' id='line_1_36' title="bbox 109 3937 1233 4010; baseline -0.003 -16"><span class='ocrx_word' id='word_1_270' title='bbox 109 3939 235 4004; x_wconf 87' lang='lat' dir='ltr'><strong>obiisset,</strong></span> <span class='ocrx_word' id='word_1_271' title='bbox 254 3937 278 3994; x_wconf 88' lang='lat' dir='ltr'><strong>ci</strong></span> <span class='ocrx_word' id='word_1_272' title='bbox 297 3938 426 3994; x_wconf 64' lang='lat' dir='ltr'><strong>suffectus</strong></span> <span class='ocrx_word' id='word_1_273' title='bbox 454 3944 498 3994; x_wconf 78' lang='lat' dir='ltr'><strong>ost</strong></span> <span class='ocrx_word' id='word_1_274' title='bbox 515 3939 683 4004; x_wconf 62' lang='lat' dir='ltr'><strong>adeodatus,</strong></span> <span class='ocrx_word' id='word_1_275' title='bbox 715 3940 761 4010; x_wconf 88' lang='lat' dir='ltr'><strong>qui</strong></span> <span class='ocrx_word' id='word_1_276' title='bbox 790 3937 858 3994; x_wconf 89' lang='lat' dir='ltr'><strong>obiit</strong></span> <span class='ocrx_word' id='word_1_277' title='bbox 877 3955 901 3994; x_wconf 81' lang='lat' dir='ltr'><strong>a</strong></span> <span class='ocrx_word' id='word_1_278' title='bbox 920 3941 982 3996; x_wconf 84' lang='grc'><strong>676.</strong></span> <span class='ocrx_word' id='word_1_279' title='bbox 1018 3937 1052 3994; x_wconf 92' lang='lat' dir='ltr'><strong>In</strong></span> <span class='ocrx_word' id='word_1_280' title='bbox 1071 3937 1128 4007; x_wconf 90' lang='lat' dir='ltr'><strong>ejus</strong></span> <span class='ocrx_word' id='word_1_281' title='bbox 1147 3937 1233 3991; x_wconf 89' lang='lat' dir='ltr'><strong>locum</strong></span> 
     </span>
     <span class='ocr_line' id='line_1_37' title="bbox 109 4015 1237 4092; baseline -0.006 -16"><span class='ocrx_word' id='word_1_282' title='bbox 109 4019 251 4076; x_wconf 87' lang='lat' dir='ltr'><strong>ordinatus</strong></span> <span class='ocrx_word' id='word_1_283' title='bbox 269 4019 325 4074; x_wconf 82' lang='lat' dir='ltr'><strong>fuit</strong></span> <span class='ocrx_word' id='word_1_284' title='bbox 345 4022 450 4086; x_wconf 74' lang='lat' dir='ltr'><strong>Dorus,</strong></span> <span class='ocrx_word' id='word_1_285' title='bbox 472 4019 517 4092; x_wconf 89' lang='lat' dir='ltr'><strong>qui</strong></span> <span class='ocrx_word' id='word_1_286' title='bbox 536 4017 710 4086; x_wconf 78' lang='lat' dir='ltr'><strong>auditusque</strong></span> <span class='ocrx_word' id='word_1_287' title='bbox 737 4017 807 4072; x_wconf 88' lang='lat' dir='ltr'><strong>ada</strong></span> <span class='ocrx_word' id='word_1_288' title='bbox 835 4019 895 4074; x_wconf 85' lang='grc'><strong>676.</strong></span> <span class='ocrx_word' id='word_1_289' title='bbox 932 4017 999 4073; x_wconf 86' lang='lat' dir='ltr'><strong>Post</strong></span> <span class='ocrx_word' id='word_1_290' title='bbox 1017 4016 1122 4072; x_wconf 89' lang='lat' dir='ltr'><strong>Donum</strong></span> <span class='ocrx_word' id='word_1_291' title='bbox 1140 4015 1237 4070; x_wconf 49' lang='lat' dir='ltr'><strong>Ponti*</strong></span> 
     </span>
     <span class='ocr_line' id='line_1_38' title="bbox 109 4095 1236 4169; baseline -0.004 -15"><span class='ocrx_word' id='word_1_292' title='bbox 109 4099 156 4156; x_wconf 83' lang='lat' dir='ltr'><strong>lex</strong></span> <span class='ocrx_word' id='word_1_293' title='bbox 174 4100 338 4156; x_wconf 81' lang='lat' dir='ltr'><strong>constitutus</strong></span> <span class='ocrx_word' id='word_1_294' title='bbox 357 4099 451 4154; x_wconf 85' lang='lat' dir='ltr'><strong>fuitS.</strong></span> <span class='ocrx_word' id='word_1_295' title='bbox 462 4099 579 4169; x_wconf 68' lang='lat' dir='ltr'><strong>Auctio,</strong></span> <span class='ocrx_word' id='word_1_296' title='bbox 594 4099 640 4166; x_wconf 88' lang='lat' dir='ltr'><strong>qui</strong></span> <span class='ocrx_word' id='word_1_297' title='bbox 654 4099 804 4154; x_wconf 77' lang='lat' dir='ltr'><strong>virtutibus</strong></span> <span class='ocrx_word' id='word_1_298' title='bbox 817 4097 963 4156; x_wconf 80' lang='lat' dir='ltr'><strong>acueritis</strong></span> <span class='ocrx_word' id='word_1_299' title='bbox 982 4098 1069 4152; x_wconf 87' lang='lat' dir='ltr'><strong>clarus</strong></span> <span class='ocrx_word' id='word_1_300' title='bbox 1088 4095 1236 4151; x_wconf 64' lang='lat' dir='ltr'><strong>Maniam·</strong></span> 
     </span>
     <span class='ocr_line' id='line_1_39' title="bbox 108 4178 630 4249; baseline 0 -14"><span class='ocrx_word' id='word_1_301' title='bbox 108 4179 275 4249; x_wconf 81' lang='lat' dir='ltr'><strong>gubernavit</strong></span> <span class='ocrx_word' id='word_1_302' title='bbox 291 4195 376 4246; x_wconf 82' lang='lat' dir='ltr'><strong>nsque</strong></span> <span class='ocrx_word' id='word_1_303' title='bbox 395 4179 429 4233; x_wconf 86' lang='lat' dir='ltr'><strong>ad</strong></span> <span class='ocrx_word' id='word_1_304' title='bbox 448 4193 548 4234; x_wconf 89' lang='lat' dir='ltr'><strong>aunum</strong></span> <span class='ocrx_word' id='word_1_305' title='bbox 568 4178 630 4235; x_wconf 78' lang='grc'><strong>666.</strong></span> 
     </span>
    </p>
   </div>
   <div class='ocr_carea' id='block_1_5' title="bbox 0 0 1454 4800">
    <p class='ocr_par' dir='ltr' id='par_1_6' title="bbox 0 0 1454 4800">
     <span class='ocr_line' id='line_1_40' title="bbox 0 0 1454 4800; baseline 0 0"><span class='ocrx_word' id='word_1_306' title='bbox 0 0 1454 4800; x_wconf 95' lang='lat' dir='ltr'><strong> </strong></span> 
     </span>
    </p>
   </div>
  </div>
 </body>
</html>
