2876 4814
478 485 598 553 Schisma
614 485 771 554 decedent
1129 495 1182 556 206

88 635 160 700 tiano
181 635 250 721 jam
273 647 401 704 mortuo
433 637 601 720 homines,
626 640 683 724 qui
712 638 757 703 ad
788 633 966 706 factionem
990 637 1061 726 ejus
1084 644 1181 728 perti·

88 734 201 816 nebant,
221 736 258 800 in
279 734 389 820 plures
403 745 510 802 sectas
525 734 626 799 divisi
641 735 700 800 diu
719 737 956 822 posterioribus
978 739 1182 824 temporibus

87 830 295 916 perdurarunt,
319 843 356 896 ut
378 854 421 898 ex
443 831 652 916 Hieronymi,
674 832 811 898 Eusebii
835 844 868 898 et
889 835 1027 902 Paciani
1051 840 1181 923 seriptis

86 937 203 993 constat

156 1025 206 1092 39.
229 1026 408 1092 Schismati
438 1035 549 1092 autem
577 992 764 1092 Novatiabo
795 1029 896 1097 etiam
919 1050 1044 1094 errores
1068 1035 1350 1096 contranovitianum

1228 1107 1315 1138 mom.

87 1119 168 1186 fidem
196 1123 345 1208 adjuncti
378 1123 522 1188 fuenmt.
568 1124 775 1190 Novatianus
814 1126 884 1209 ipse
923 1128 1059 1210 negavit
1091 1126 1181 1213 (eum

86 1217 227 1305 Novato),
251 1219 353 1306 lapsis
375 1221 411 1286 in
429 1221 527 1284 Decii
550 1223 779 1306 persecutione
801 1220 843 1286 ab
867 1221 1019 1288 Ecclesia
1047 1224 1181 1288 veniam

87 1327 112 1376 et
129 1318 247 1400 peccati
271 1319 501 1385 remissionem
524 1317 660 1382 concedi
684 1339 789 1402 posse.
835 1317 946 1382 Antea
977 1329 1088 1386 tamen
1112 1322 1181 1406 ipse

87 1413 200 1478 nomine
231 1413 312 1480 cleri
342 1415 483 1480 Romani
515 1413 684 1502 praeclare
708 1414 749 1478 de
791 1416 984 1500 quaestione
1015 1415 1182 1502 lapsorum

86 1507 119 1572 ed
147 1509 179 1576 S.
222 1510 430 1598 Cyprianum
472 1513 664 1598 scripserat;
701 1511 851 1576 Novatus
888 1533 966 1578 vero
1003 1515 1104 1580 etiam
1140 1513 1183 1578 la-

86 1607 192 1672 xiorem
214 1611 413 1676 sententiam
438 1606 639 1694 Cartbagine
669 1618 782 1673 contra
815 1607 1020 1694 Cyprianum
1044 1633 1183 1696 propug-

86 1725 164 1768 nasse
192 1706 336 1772 videtur.
382 1705 548 1790 Discipuli
581 1705 760 1770 Novatiani
793 1705 959 1770 erroribus
990 1707 1184 1792 pseudoma-

85 1801 161 1882 gistri
183 1804 233 1866 sui
256 1801 369 1888 plures
392 1803 474 1868 alios
506 1801 717 1866 addiderunt.
763 1803 812 1866 Eo
842 1800 998 1868 videlicet
1020 1825 1183 1888 precesse-

87 1909 158 1982 runt,
188 1913 223 1964 ut
244 1899 418 1966 Ecclesiae
450 1909 610 1986 negarent
640 1909 836 1986 potestatem
866 1899 1055 1964 remittendi
1079 1900 1183 1966 ullum

86 2007 238 2078 peccatum
251 1999 391 2082 gravius
405 2018 462 2062 eeu
486 1995 623 2060 mortale
641 2006 716 2082 poet
733 1996 936 2081 baptismum
961 2000 1183 2081 commissum,

87 2094 385 2182 contenderentque,
409 2094 600 2178 graviorum
629 2103 841 2180 peccatorum
871 2114 944 2161 reos
966 2104 1039 2180 post
1063 2094 1183 2182 baptis·

88 2207 161 2252 nuru
181 2189 221 2256 ab
244 2190 417 2256 Ecclesiae
440 2191 672 2255 communione
704 2191 739 2254 in
762 2201 958 2278 perpetuum
981 2213 1051 2256 esse
1075 2192 1184 2259 exclu-

89 2283 201 2354 dendos.
224 2289 328 2354 Hunc
350 2309 493 2354 errorem
517 2285 583 2352 illis
597 2285 759 2372 exprobat
774 2286 807 2352 S.
822 2287 1033 2374 Epiphanius
1047 2288 1183 2354 Haeres.

87 2379 129 2464 59,
149 2405 285 2471 eumque
309 2384 400 2450 baud
423 2385 562 2450 obscure
586 2383 751 2470 significat
771 2384 987 2472 Asclepiades
1011 2387 1185 2472 episeopus

89 2475 342 2565 Novafianorum,
368 2483 447 2548 dum
470 2482 560 2567 apud
581 2481 761 2564 Socratem,
783 2482 827 2548 H.
850 2483 891 2547 E.
913 2482 935 2547 l.
960 2482 1053 2548 VIII.
1078 2506 1106 2548 c.
1130 2484 1183 2567 25,

88 2574 122 2638 ad
140 2577 282 2645 Atticum
306 2582 498 2666 episcopum
520 2578 922 2665 Constantinopolitanum
938 2580 1069 2645 scribit:
1104 2580 1185 2646 Soet

89 2685 112 2734 et
136 2675 199 2740 eliu
230 2678 333 2742 melta
349 2689 484 2764 peceato
513 2677 557 2741 od
579 2689 716 2756 mortem,
740 2689 776 2741 ut
798 2677 967 2763 loquuntur
990 2676 1184 2763 Saepius-ae,

84 2781 196 2856 propter
216 2798 297 2861 pieac
329 2795 384 2838 ooo
415 2773 539 2860 quidem
571 2773 707 2853 derisor,
739 2795 798 2837 rece
828 2796 900 2837 ocro
924 2775 1019 2836 etiam
1042 2773 1142 2838 laicos
1165 2799 1185 2839 a

88 2874 277 2936 eumaem
300 2893 498 2951 removemus,
523 2871 585 2936 soli
598 2871 666 2934 Deo
682 2882 872 2958 potestatem
895 2869 1097 2934 coredenoode'
1118 2871 1186 2936 illie

87 2963 287 3054 relinquentes.
347 2969 483 3034 Praeter
519 2966 602 3034 baec
638 2967 817 3034 Novatiani
855 2965 1017 3034 secundas
1053 2972 1186 3054 nuptias

88 3059 279 3149 lemnam,
299 3077 333 3132 et
355 3067 413 3152 qui
436 3067 602 3132 societatis
616 3087 705 3148 suae,
722 3086 822 3150 quam
845 3061 1051 3130 Cutbarorcm
1077 3066 1186 3152 appel·

87 3155 192 3245 labant,
213 3164 279 3230 hoc
302 3175 351 3228 est
369 3162 541 3228 bominum
565 3161 725 3246 singulari
748 3161 913 3226 munditia
936 3164 1184 3248 praestantium,

88 3261 243 3346 participes
257 3261 330 3326 fieri
353 3259 519 3343 volebant,
543 3279 599 3323 eos
618 3278 704 3323 novo
726 3257 889 3344 baptismo
913 3262 1048 3344 purgari
1066 3259 1185 3326 debere

88 3357 359 3446 contendebant¹)

160 3455 209 3520 40.
231 3455 392 3522 Diximus
415 3455 576 3540 superius,
590 3451 880 3538 Neoprotestantes
903 3453 1005 3541 hujus
1027 3459 1294 3564 temporiscropffu
1307 3461 1355 3503 ³0⁰·

88 3566 169 3613 ausee
189 3553 301 3635 fnisse,
325 3563 362 3616 ut
383 3551 597 3618 rebellionem
612 3559 644 3613 et
659 3551 859 3635 apostasiam
882 3573 977 3616 suam
1000 3552 1183 3638 palliarent,
1250 3535 1304 3564 ’ω’

89 3663 249 3725 provocare
272 3650 316 3714 ad
338 3651 501 3714 doctrim
524 3659 555 3712 et
575 3660 665 3734 peste
687 3646 720 3712 S.
749 3645 919 3734 Cypriani,
948 3659 1110 3736 quatenus
1143 3649 1186 3713 ad

90 3743 228 3812 unitatem
251 3747 421 3812 Ecclesiae
458 3755 491 3811 et
513 3745 654 3810 Romani
677 3744 849 3810 Pontificis
874 3749 1052 3832 primatum
1077 3757 1110 3810 et
1131 3769 1185 3832 po·

90 3848 221 3910 eutem
248 3845 444 3910 referuntur.
499 3843 575 3908 Hac
612 3842 653 3907 de
688 3865 725 3906 re
762 3843 863 3926 igitur
895 3843 967 3929 jam
1000 3845 1186 3908 accuratius

90 3955 217 4025 Remus,
241 3943 458 4028 eamdemque
481 3941 707 4027 quaestionem
738 3961 984 4026 prosequemur,
1009 3940 1086 4004 dum
1113 3961 1186 4005 cen·

96 4085 280 4102 “·--.,-

92 4165 168 4298 η’)
185 4167 392 4306 &rig-enters,
419 4167 534 4224 Dissert.
561 4174 581 4223 t.
609 4167 1186 4234 tessere.v111.-1³alma‚Preeleet

157 4261 210 4316 up.
