2766 4836
475 503 577 560 tiberii
595 507 704 565 reditus.
1111 511 1145 564 53

47 673 94 712 aar
112 651 219 714 euicit.
260 648 355 714 Felix
375 660 504 714 notatus
526 674 547 713 o
563 662 675 714 uenatu
695 652 744 716 ool
760 651 882 738 populo
906 653 943 715 ele
972 653 1051 717 Urbe
1070 677 1145 739 pro-

42 747 169 833 pellitur,
195 759 226 812 et
244 759 455 835 pomparum
479 751 626 833 temporis
640 749 776 836 impulere
799 750 979 814 clericorum
1001 753 1055 837 qui
1075 775 1145 837 pcr-

39 849 215 934 juraverant
237 849 386 932 imtmpit
408 847 443 910 io
471 845 581 911 Urbem
611 858 641 911 et
663 851 829 913 stationem
851 850 886 912 in
906 847 992 913 Julii
1011 847 1146 913 basilico

44 955 121 1009 ncne
145 945 287 1008 Tiberim
309 945 387 1008 darc
404 947 591 1031 praetuerit.
643 943 739 1019 Quem
762 947 862 1009 omnir
883 946 1049 1010 mulatado
1064 947 1145 1031 fide-

44 1043 107 1106 lium
128 1055 158 1107 ct
175 1065 325 1130 proceres
347 1043 386 1106 de
418 1042 499 1108 Urbe
530 1045 643 1107 iterum
675 1067 742 1107 com
768 1067 880 1130 mopso
903 1043 1051 1108 dedecore
1070 1066 1143 1130 pro·

36 1147 174 1230 jecerunt.
225 1142 301 1206 Post
332 1163 434 1205 cuooo
463 1151 529 1205 octo
562 1142 728 1228 deficeretur
760 1153 806 1206 est
834 1139 936 1205 Folia.
985 1141 1146 1221 Quamvis

42 1239 240 1324 inpluribus
272 1238 350 1303 huic
381 1238 492 1304 libello
525 1239 607 1304 fides
640 1261 705 1305 non
738 1241 781 1305 sit
809 1239 1010 1322 adhibenda,
1034 1247 1145 1304 tamen

41 1339 143 1402 merito
170 1357 213 1402 ex
237 1359 275 1401 eo
299 1337 532 1402 confirmamus
555 1337 644 1424 quod
674 1337 793 1425 reliqui
817 1349 967 1402 auctores
989 1337 1144 1419 referunt,

41 1435 155 1500 scilicet
178 1435 346 1500 Romanos
368 1435 540 1500 Liberium
565 1457 640 1500 cum
655 1435 776 1521 gaudio
797 1437 958 1522 recepisse
982 1445 1014 1499 et
1037 1435 1067 1499 ei
1091 1434 1145 1499 ad·

40 1531 220 1620 haesisse¹).
266 1522 368 1598 Hunc'
390 1555 485 1620 porro
509 1534 635 1599 Liberii
659 1536 802 1599 reditum
826 1557 912 1599 anuo
935 1533 1001 1599 358
1024 1533 1145 1598 adscri-

39 1631 177 1697 bendum
200 1655 273 1698 esse
295 1655 338 1697 ex
361 1632 534 1698 collatione
561 1635 727 1699 variorum
752 1635 957 1719 scriptorum,
976 1629 1049 1719 jam
1073 1653 1146 1697 con-

39 1733 171 1796 veniunt
202 1732 384 1797 universim
417 1740 577 1813 auctores,
611 1753 718 1818 neque
751 1731 785 1795 id
818 1730 955 1794 ulterius
987 1728 1143 1795 hocloco

39 1828 323 1895 demonstrandum
347 1851 417 1894 esse
441 1851 622 1895 censemus.

115 1929 171 1994 71.
195 1925 250 1993 Ex
274 1927 371 1996 dictis
394 1947 473 1992 vero
506 1929 552 1992 ita
584 1929 700 1991 merito
729 1933 977 2012 argumentatur
1000 1923 1143 2008 Stilting,

40 2038 67 2088 nt
85 2037 248 2113 appareat
275 2046 374 2113 quam
406 2025 633 2114 improbabilis
666 2025 708 2090 eit
735 2024 861 2089 Liberii
892 2021 1014 2109 lapsus.
1063 2021 1143 2107 „Ro-
1172 2033 1289 2106 taupen-

40 2127 115 2189 nsui
144 2123 311 2189 catholica
343 2123 408 2188 fide
440 2125 546 2188 ornati
580 2133 612 2188 et
645 2123 778 2188 Arianis
810 2123 955 2186 maxime
988 2123 1143 2186 contrarii
1203 2095 1266 2138 ‘⁸⁸¹⁰'

40 2221 200 2287 Liberium
224 2218 353 2286 exulem
378 2241 506 2286 summo
530 2222 636 2286 studio
660 2221 835 2308 petierunt,
862 2221 1000 2306 parique
1023 2219 1144 2304 gaudio

38 2319 223 2386 redeuntem
255 2329 466 2406 exceperunt.
514 2320 597 2400 Quis
629 2321 730 2406 igitur
760 2317 857 2383 facile
890 2317 1011 2400 credat,
1044 2317 1144 2382 ullam

37 2415 153 2481 Liberii
180 2421 498 2503 praevaricationem
530 2419 712 2483 innotuisse
744 2418 902 2481 Romanis
934 2415 1066 2503 quando
1097 2437 1144 2479 re-

38 2533 161 2580 versum
188 2517 415 2600 exceperunt?
437 2516 578 2580 Romani
602 2515 748 2580 Felicem
770 2514 919 2599 neglecto
933 2513 1145 2599 Imperatoris

39 2613 186 2678 mundato
218 2622 277 2677 aut
309 2613 399 2679 Urbe
432 2613 592 2679 excedere
625 2621 804 2698 coegerunt
835 2620 893 2677 aut
927 2611 1144 2697 expulerunt:

38 2719 203 2775 tantumne
225 2710 372 2776 facerent
390 2733 448 2798 pro
468 2713 741 2799 praevaricatore,
759 2720 791 2775 et
815 2711 1044 2776 communione
1069 2731 1144 2774 cum

39 2807 163 2873 Arianis
198 2810 370 2892 maculato,
405 2819 462 2874 aut
493 2811 617 2896 injusta
641 2810 682 2876 ·S.
707 2809 882 2874 Athanasii
907 2807 1144 2872 damnatione?

38 2903 169 2972 Romani
196 2929 216 2970 a
240 2907 350 2972 Felice
383 2908 614 2990 abhorrebant,
649 2909 727 2995 quia
751 2907 792 2972 ab
817 2906 951 2971 Arianis
975 2904 1145 2970 ordinatus

37 3015 105 3087 erat,
130 3015 166 3069 et
190 3027 266 3070 cum
290 3008 330 3070 iis
354 3006 638 3072 communicabat:
663 3005 825 3092 quomodo
851 3005 952 3091 igitur
972 3001 1144 3068 Liberium

36 3114 202 3190 tantopere
224 3125 335 3169 amare
358 3113 515 3192 tantoque
544 3127 619 3168 curn
651 3103 772 3189 gaudio
803 3104 956 3189 excipere
984 3109 1144 3186 poterant,

37 3201 59 3262 si
81 3203 120 3265 iis
144 3199 328 3267 obnoxium
352 3212 514 3268 noverant
532 3201 896 3292 praevaricationibus?
919 3199 1034 3285 Neque
1058 3209 1145 3264 certe

37 3321 88 3383 ego
121 3309 254 3364 tantum
277 3301 500 3366 Romanorum
532 3300 572 3365 de
604 3299 730 3364 Liberii
763 3299 871 3364 reditu
893 3297 1052 3384 gaudium
1076 3307 1145 3364 tau·

37 3411 168 3486 tumque
192 3419 305 3465 eorum
337 3399 483 3464 studium
516 3399 558 3464 ad
581 3397 810 3485 pontificatum
834 3396 893 3462 soli
917 3395 1050 3463 Liberio
1075 3399 1145 3462 vin-

37 3495 222 3579 dicandum,
247 3498 417 3562 verisimili
441 3499 567 3562 ratione
591 3517 785 3584 componere
817 3515 948 3582 possum
974 3516 1048 3560 cum
1073 3495 1146 3560 sub·

37 3597 209 3681 scriptione
232 3595 431 3660 Asianorum
454 3596 623 3678 formulae,
656 3616 731 3659 cum
755 3593 965 3658 damnatione
988 3591 1021 3658 S.
1045 3591 1146 3657 Atha-

36 3695 124 3774 nasii,
150 3715 227 3758 cum
250 3693 377 3759 Liberii
402 3695 700 3759 communicatione
724 3713 801 3756 cum
824 3689 1023 3780 Arianis“⁹).

120 3792 176 3856 72.
199 3791 326 3857 Revera
365 3794 448 3858 miro
482 3797 578 3856 modo
608 3793 693 3856 varii
726 3800 886 3871 auctores,
929 3791 985 3876 qui
1018 3787 1145 3854 Liberii

36 3887 160 3974 lapsum
193 3901 402 3980 propugnant
433 3889 516 3955 haee
551 3887 728 3976 explicant.
766 3927 808 3934 —
846 3887 1008 3952 Barouius
1033 3895 1145 3952 contra

37 3990 183 4054 omnium
203 3991 414 4078 antiquorum
442 3991 670 4054 auctoritatem
694 3985 849 4072 nulloque
886 3996 1013 4050 vetusto
1046 3987 1146 4050 nixus

105 4215 124 4270 't
144 4209 200 4345 (ἔτ.
219 4213 243 4268 S.
262 4213 393 4267 Athenas.
413 4211 483 4266 Hiat.
503 4204 641 4269 'Ariana
661 4209 702 4264 75.
732 4219 769 4248 -·
791 4207 941 4262 Cassiodor.
959 4205 990 4260 L.
1010 4205 1042 4260 V.
1062 4224 1083 4262 c.
1106 4209 1145 4260 le.
1249 4225 1252 4232 ¹

105 4293 132 4362 ¹)
179 4309 224 4350 Α,
242 4293 267 4365 ξ.
285 4293 346 4347 VH.
