2924 4818
259 471 310 525 106
612 473 652 526 De
670 471 736 529 Sede
754 474 876 528 Romam
893 474 917 529 S.
936 474 1021 529 Petri.

258 621 415 684 biennium
446 622 482 684 iu
513 619 614 683 libera
646 642 774 683 monens
806 620 948 684 cuncta
981 620 1131 684 aduersus
1162 621 1309 685 thmueos
1342 623 1386 685 ds

258 719 393 783 incentu
424 715 541 783 Cleristi
576 718 716 804 quotidie
752 719 936 803 dispectooit.
993 717 1160 783 Sciendum
1192 731 1309 798 autem,
1346 723 1384 784 in

254 819 362 904 priona
393 817 621 903 satisfactione,
645 817 775 880 necdum
804 818 943 882 Neronis
974 819 1105 903 inpono
1137 818 1297 896 roborato,
1321 843 1386 883 uec

256 918 292 980 iu
310 928 401 981 tanta
419 939 454 980 cc
477 927 654 1001 etumpontc
669 915 796 993 scelera,
811 925 930 1001 quanta
944 915 983 980 da
1006 938 1041 979 so
1064 927 1200 981 nunaut
1212 918 1383 987 lister-iac,

258 1016 391 1081 Paulum
423 1039 443 1080 a
477 1015 604 1080 Nerone
636 1015 798 1078 dimissum
830 1037 904 1093 esse,
929 1025 959 1078 ct
985 1014 1191 1101 Euan-pelium
1223 1018 1322 1078 ctiam
1347 1020 1382 1079 in

261 1115 438 1180 Occidentis
455 1113 606 1200 pccrtibus
623 1113 838 1199 praedicasse.
886 1112 938 1178 De
961 1113 1073 1176 Marco
1098 1112 1235 1179 dicits.
1259 1113 1383 1177 Hiero·

256 1235 377 1298 nymus
401 1213 487 1277 inter
508 1211 590 1276 alia:
614 1212 761 1275 Mortuus
784 1222 830 1277 cst
852 1221 955 1274 antem
978 1222 1085 1274 octcoo
1111 1211 1251 1275 Neronis
1280 1235 1383 1285 anno,

258 1323 287 1375 et
316 1310 456 1398 sepultus
478 1308 708 1387 Alexandnnn,
733 1310 911 1372 succedente
935 1309 997 1373 sibi
1019 1310 1157 1374 Anione.
1208 1301 1383 1374 Eusebius

258 1411 292 1472 in
303 1407 467 1474 Chronico
478 1406 596 1472 iisdem
620 1407 688 1471 fere
711 1408 808 1472 annis
831 1408 978 1490 assignat
1000 1406 1135 1472 vincula
1144 1407 1240 1472 Pauli
1255 1409 1381 1493 prima,

258 1507 383 1572 scilicet
405 1506 463 1571 fini
487 1507 580 1590 regni
592 1504 723 1570 Claudii
747 1515 780 1569 et
789 1506 884 1570 initio
907 1507 1001 1589 regni
1011 1504 1161 1587 Neronis,
1186 1505 1382 1570 nullatenus

258 1626 347 1686 vero,
362 1605 410 1669 uti
434 1602 673 1668 recentioribus
696 1602 830 1689 placuit,
854 1605 952 1667 annis
975 1603 1212 1688 posterioribus
1221 1603 1381 1668 Neronis.

238 1741 302 1784 ς-
325 1702 449 1768 Scribit
461 1700 619 1766 videlicet
632 1701 676 1767 ad
689 1724 815 1766 annum
829 1701 981 1766 [ultimum
1006 1699 1077 1788 (14)
1094 1699 1241 1766 Claudii:
1264 1702 1382 1764 Festus
1458 1739 1459 1770 t

259 1801 395 1866 nncedit
412 1800 521 1878 Felici,
541 1801 629 1887 opud
651 1824 748 1886 quem,
775 1810 945 1887 praesente
968 1799 1114 1886 Apsippo
1145 1825 1225 1886 rape,
1254 1800 1381 1866 Paulus

259 1899 430 1986 Apostolus
461 1898 625 1986 sclipionis
652 1922 727 1964 suos
753 1900 908 1963 radonem
931 1920 1099 1984 exponens,
1132 1900 1266 1964 Romam
1292 1901 1380 1965 vtuc·
1458 1901 1459 1920 ¹

260 2008 309 2063 tus
331 1998 476 2063 mittitur.
485 1995 510 2083 ¹)

347 2096 400 2160 97.
423 2093 626 2160 Perdifficile
639 2095 774 2180 quidem
790 2103 848 2175 est,
872 2101 1061 2158 accinctam
1077 2101 1109 2157 et
1123 2103 1246 2158 certam
1261 2103 1379 2160 texere

258 2192 504 2276 chronologiam
518 2194 676 2278 temporis
690 2191 941 2278 Apostolorum,
957 2212 1129 2257 censemus
1152 2201 1265 2256 tamen
1290 2215 1377 2274 eam,

257 2313 357 2378 quam
385 2291 485 2376 juxta
517 2287 557 2354 cl.
589 2291 720 2355 Patritii
752 2289 957 2375 aliorumque
989 2298 1161 2354 auctorum
1194 2293 1378 2356 sententias

257 2390 498 2476 proposuimus,
509 2386 622 2452 solidis
636 2389 697 2452 niti
712 2389 924 2472 argumentis,
939 2395 1117 2472 aptamque
1132 2409 1213 2470 esse,
1227 2398 1265 2452 ut
1289 2391 1377 2454 varii

258 2497 396 2552 eventus
419 2488 454 2551 in
476 2486 547 2550 vita
562 2485 619 2552 SS.
634 2485 867 2572 Apostolorum
889 2486 978 2550 Petri
990 2495 1022 2550 et
1034 2483 1129 2549 Pauli
1155 2486 1376 2572 explicentur,

257 2595 290 2652 et
312 2583 524 2650 difficultates
554 2584 718 2670 quaedam
752 2593 865 2650 contra
882 2585 951 2649 'iter
980 2594 1012 2648 ct
1035 2585 1262 2669 episcopatum
1285 2585 1377 2648 Petri

256 2685 441 2750 Romanum
464 2681 642 2748 diluantur.
690 2682 775 2747 Cum
802 2681 1013 2766 chronologia
1040 2683 1250 2767 antiquorum
1276 2685 1376 2768 scrip·

256 2794 373 2866 torum,
398 2804 437 2848 aa
459 2803 560 2869 quam
583 2783 813 2867 proposuimus
836 2782 1002 2846 convenit.
1026 2817 1070 2828 -
1097 2781 1273 2844 Praeterea
1296 2802 1376 2844 vero

256 2883 291 2947 id
314 2883 413 2946 etiam
436 2879 650 2961 intendimus,
675 2887 711 2944 ut
736 2888 904 2965 appareat,
928 2879 1041 2943 inania
1070 2899 1141 2942 esse
1168 2887 1375 2962 argumenta,

256 3001 341 3068 quae
364 3003 384 3044 a
407 2976 607 3064 quibusdam
630 2976 831 3043 adversariis
851 2977 996 3042 exseris
1019 2975 1252 3060 chronologica
1277 2999 1376 3041 even·

254 3089 348 3144 tuum
382 3086 415 3142 ct
445 3085 581 3141 actuum
603 3076 693 3140 Petri
717 3085 883 3162 petuntur,
908 3084 945 3140 ut
968 3073 1155 3155 ostendant,
1181 3073 1213 3140 S.
1238 3074 1375 3138 Petrum

254 3179 379 3242 Romae
402 3173 493 3239 haud
522 3173 633 3239 fuisse.
679 3175 877 3240 Praesertim
913 3172 1032 3257 Darby
1061 3194 1138 3236 cum
1168 3173 1203 3235 vi
1226 3171 1376 3257 quadam

255 3274 333 3338 huic
342 3272 620 3356 argumentationi
631 3273 769 3354 insistit,
782 3281 814 3336 et
828 3293 949 3356 magna
959 3293 1036 3336 cum
1046 3270 1241 3336 eruditionis
1251 3272 1375 3356 specie,

255 3393 349 3437 suam
373 3370 621 3455 dispositionem
645 3370 911 3454 chronologicam
944 3378 1125 3434 eventuum
1152 3368 1375 3454 peremptorio

255 3470 351 3535 modo
362 3469 516 3555 proponit
530 3477 562 3532 et
577 3478 691 3534 contra
708 3470 770 3533 iter
780 3469 967 3532 Romanum
977 3467 1066 3531 Petri
1082 3475 1187 3551 urget.
1216 3465 1284 3531 Sed
1296 3468 1375 3532 inde

254 3568 296 3633 ab
307 3568 402 3633 initio
416 3566 470 3630 vir
484 3565 632 3632 eruditus
644 3568 681 3631 in
691 3567 924 3653 supputatione
941 3574 1122 3629 eventuum
1135 3585 1273 3649 gravem
1289 3587 1375 3630 com-

254 3667 355 3730 mittit
377 3685 530 3731 errorem.
561 3663 653 3730 Sauli
678 3665 927 3730 conversionem
950 3662 1112 3728 accidisse
1136 3663 1262 3726 censeri
1293 3662 1376 3727 dicit
1456 3695 1457 3711 κ

253 3785 340 3830 anno
364 3763 417 3846 35,
441 3760 495 3826 vel
519 3761 639 3826 dnolm
662 3765 757 3828 annis
775 3773 851 3848 poet
868 3763 1052 3848 passionem
1075 3761 1215 3824 Domini.
1264 3759 1320 3847 (L.
1346 3783 1373 3824 c.

329 4019 349 4090 ι)
367 4017 500 4086 Pleraque
524 4015 554 4070 in
572 4016 622 4073 hec
654 4018 843 4089 chronologica
871 4021 1019 4073 eventuum
1044 4015 1213 4085 expositione
1231 4015 1370 4085 depromo

254 4099 337 4154 simus
356 4115 389 4153 ex
407 4096 633 4166 praelectionibus
652 4099 868 4153 Introductions's
894 4101 925 4152 in
953 4099 981 4154 S.
1002 4098 1183 4165 Scriptorum,
1203 4109 1271 4161 quas
1290 4111 1371 4162 qnon-

254 4179 316 4234 dam
335 4177 431 4233 habuit
448 4178 588 4234 Eminent.
618 4178 770 4234 Certinslis
788 4178 944 4246 Frmzelim
972 4183 1038 4234 tunc
1059 4177 1089 4232 in
1108 4175 1230 4245 collegm
1249 4175 1369 4230 &manc

253 4259 280 4317 S.
299 4257 463 4330 Theologiee
480 4257 622 4330 professor.
660 4259 733 4331 Opus
751 4258 821 4314 illud
838 4259 955 4314 nondum
973 4257 1048 4328 typis
1066 4256 1211 4327 vulgatum
1230 4261 1280 4311 est
