2806 4848
399 515 439 570 De
457 515 611 583 presbytero
629 515 844 583 poenitentiario.
1122 518 1174 573 149

72 657 356 740 animadvertitur,
376 656 503 743 judicio
528 681 638 723 comm
664 662 720 746 qni
744 662 966 746 poenitentiae
988 671 1172 748 praeerant,

71 779 160 842 opera
185 754 383 820 difficillima
406 757 649 842 poenitentibus
673 759 826 844 imposita
849 760 993 843 mitigari
1018 762 1171 845 potuisse,

71 865 99 916 nt
126 853 271 919 faciliori
302 854 398 919 modo
427 855 700 941 persolverentur.
752 857 822 921 Imo
856 857 932 943 jure
969 858 1037 922 fere
1072 862 1172 923 asseri

69 955 172 1038 possit,
198 973 314 1016 severa
338 951 393 1016 ills
416 975 500 1039 qnae
530 956 817 1040 apoenitentibus
840 977 879 1020 ea
902 965 1008 1020 aetate
1031 957 1171 1042 postula·

69 1050 198 1134 bantur,
223 1053 345 1137 passim
369 1053 478 1137 potins
501 1053 634 1116 canalia
670 1055 770 1118 fnisse
807 1054 1050 1139 poenitentibus
1084 1055 1170 1122 data.

69 1148 260 1235 Plerumque
292 1152 495 1234 poenitentes
527 1172 593 1214 non
628 1152 837 1236 urgebantur,
871 1162 908 1216 ut
939 1153 982 1216 ad
1014 1156 1170 1218 amussim

68 1250 171 1312 omnia
196 1246 432 1334 perficerent¹).

149 1347 203 1412 15.
227 1347 282 1412 Ex
305 1347 401 1410 dictis
425 1347 634 1414 manifestum
657 1359 713 1430 est,
728 1349 800 1435 jam
824 1349 901 1413 inde
924 1373 944 1414 a
966 1352 1081 1436 primis
1105 1373 1338 1426 sae-rneunpoc

66 1445 139 1510 culis
164 1445 485 1509 administrationem
500 1446 694 1533 disciplinae
708 1448 951 1533 poenitentialis
970 1449 1081 1532 magni
1105 1470 1170 1513 mo·
1206 1438 1318 1480 ”imm

4 1590 7 1630 ,
66 1545 160 1608 menti
195 1543 295 1608 fnisse
327 1551 360 1610 et
391 1566 457 1609 non
489 1545 688 1609 mediocrem
718 1545 972 1611 sollicitudinem
1012 1549 1168 1631 exegisse.

4 1642 7 1655 ‘
66 1641 129 1706 Tati
157 1652 270 1706 autem
298 1646 427 1728 negotio
460 1653 610 1730 praeerat
634 1646 815 1731 episcopua·
845 1645 952 1730 ipsum
976 1667 1055 1709 vero
1079 1645 1169 1731 adju·

65 1739 161 1804 rabat
184 1739 358 1826 collegium
391 1741 607 1824 sacerdotnm,
641 1763 683 1806 ex
707 1741 827 1828 quibus
850 1763 979 1806 sacrum
1003 1746 1169 1829 poeniten·

65 1840 119 1901 tiae
142 1838 294 1903 tribunal
318 1842 534 1926 compositum
565 1849 643 1906 erat.
689 1841 759 1905 lmo
785 1842 916 1926 passim,
941 1842 1072 1926 quando
1097 1863 1170 1926 age·

65 1935 155 2000 bstnr
189 1937 232 2002 de
263 1939 528 2002 reconciliatione
560 1938 726 2024 lapsorum
759 1949 791 2003 et
823 1939 863 2003 dc
895 1941 1098 2025 poenitentia
1130 1942 1170 2004 iis

63 2037 270 2121 imponenda,
295 2038 395 2100 etiam
419 2037 475 2101 alii
499 2039 533 2101 in
558 2037 731 2100 consilinm
758 2036 973 2103 vocabantur.
1019 2037 1059 2101 Id
1083 2037 1169 2102 colli-

62 2137 143 2217 gitur
179 2156 223 2198 ex
255 2135 287 2201 S.
322 2133 482 2221 Cypriani
506 2134 650 2221 epistolis
684 2157 769 2221 quae
792 2135 956 2221 lapsorum
980 2134 1168 2199 reconcilia-

63 2235 179 2296 tionem
205 2243 364 2318 spectant.
411 2233 466 2298 Sic
490 2257 517 2299 e.
541 2257 572 2318 g.
597 2255 647 2320 ep.
674 2235 731 2297 19:
761 2234 830 2298 Hoc
853 2235 944 2312 enim,
969 2233 1103 2315 scribit,
1142 2245 1171 2297 et

62 2333 260 2396 ceremoniae
284 2344 314 2396 et
336 2331 524 2420 disciplinae
548 2344 576 2397 et
594 2335 676 2397 vitae
695 2333 760 2418 ipsi
783 2333 917 2396 omniurn
939 2343 1079 2396 nostrnm
1102 2355 1170 2397 eon·

62 2431 147 2512 serait,
171 2443 209 2495 at
226 2434 409 2518 praepositi
431 2456 497 2496 cam
528 2431 610 2496 clero
643 2433 865 2514 convenientes,
884 2442 1053 2518 praesente
1077 2433 1171 2496 enam

61 2533 209 2594 santiam
226 2529 330 2616 plebe,
354 2531 464 2616 quibas
487 2543 517 2595 ct
537 2533 619 2617 ipsis
635 2552 698 2616 pro
718 2529 787 2614 fide
811 2539 841 2593 et
865 2532 972 2593 timore
995 2551 1050 2594 sno
1073 2530 1171 2593 bonor

61 2629 218 2692 inmane
250 2639 311 2707 est,
344 2629 509 2716 disponere
537 2631 642 2692 omnia
673 2629 799 2693 consilii
828 2629 994 2692 commanis
1020 2627 1170 2712 relipione

60 2730 222 2812 pessimas.
256 2766 299 2774 —
334 2727 379 2791 Et
403 2727 517 2792 Clerae
541 2729 708 2792 Romanus
731 2749 782 2813 ep.
807 2727 850 2791 30
874 2727 1005 2790 scribit:
1056 2725 1168 2801 stern-

62 2850 148 2910 paam
170 2827 265 2892 nobis
287 2828 321 2890 in
345 2838 409 2890 tam
431 2828 551 2914 inperiti
581 2829 703 2912 nepotio
726 2823 865 2912 placeat,
889 2825 971 2912 qaod
994 2836 1023 2888 et
1047 2836 1080 2888 tn
1102 2826 1169 2910 ipse

1 2959 2 3006 4
60 2927 204 2990 tractasti
221 2927 325 3011 prins,
350 2926 497 2989 eeclesiae
515 2949 626 3012 pacem
649 2924 879 3004 snsanendnm
906 2924 1018 2988 deinde
1042 2926 1087 2988 sic
1109 2923 1169 2988 eol-

1 3013 2 3016 *
60 3021 174 3088 latiam
198 3021 400 3087 consiliatam
423 3047 490 3087 cnm
513 3025 676 3110 episcopis,
695 3023 898 3109 presbyteris,
923 3023 1076 3102 diaconis,
1100 3043 1157 3086 eon

2 3118 3 3200 l
52 3120 231 3202 fessos-ibas
261 3145 297 3184 ae
324 3123 451 3208 pariter
482 3121 636 3185 stantibus
665 3121 757 3185 laicis
771 3121 877 3207 faeta,
907 3118 1067 3206 lapsorum
1091 3131 1168 3184 nae-

2 3221 3 3290 }
60 3229 121 3282 tare
145 3221 313 3283 rationem.
352 3258 395 3266 —
431 3219 470 3283 In
496 3218 643 3284 Concilio
667 3227 777 3282 autem
801 3219 1003 3283 Eliberitano
1029 3241 1101 3282 ean.
1127 3218 1169 3281 74

2 3311 3 3378 ss
58 3315 197 3380 dicitnr:
223 3316 337 3381 Falsas
360 3319 553 3404 testisproat
576 3327 622 3381 est
635 3318 750 3382 crimen
766 3317 991 3397 abstinebitnr;
1014 3318 1042 3380 si
1066 3327 1168 3380 tamen

2 3461 3 3474 2
60 3437 117 3478 acm
132 3414 244 3502 faerit
266 3415 397 3478 mortale
420 3415 502 3501 qnod
525 3415 646 3504 objecit,
667 3425 696 3478 et
714 3415 907 3501 probaverit,
931 3415 1013 3499 qaod
1035 3436 1098 3478 non
1123 3427 1167 3479 tc·

57 3514 164 3592 orarit,
188 3512 309 3576 &ennii
333 3524 466 3598 tempore
491 3513 715 3593 abstinebitnr;
737 3515 767 3576 si
780 3523 882 3576 antem
903 3535 967 3575 non
985 3512 1169 3598 probaverit

57 3621 203 3673 manento
233 3609 314 3673 clero
338 3611 386 3698 (in
411 3620 576 3675 conventu
607 3608 823 3696 elericorum),
846 3608 973 3696 placnit
996 3633 1058 3696 per
1080 3613 1168 3696 qain-

57 3709 225 3792 preaninm
252 3709 418 3772 abstinere.
452 3747 495 3757 -
528 3709 594 3773 Hic
626 3710 758 3773 nomine
792 3719 958 3772 conventas
992 3708 1093 3771 oleras
1116 3707 1168 3771 de·

57 3807 208 3891 signatur
229 3806 375 3870 tribunal
395 3806 662 3890 ecclesiasticum,
681 3806 769 3892 quod
793 3805 1006 3870 examinabat
1028 3807 1167 3870 crimina

56 3904 94 3969 ob
119 3925 208 3990 quae
231 3906 434 3990 poenitentia
457 3905 658 3991 imponenda
682 3913 761 3970 erat.

145 4001 199 4067 16.
222 4003 262 4066 ln
287 4003 387 4067 variis
410 4025 506 4088 porro
540 4003 694 4086 ecclesiis,
728 4001 919 4089 praesertim
953 4002 986 4065 in
1020 4002 1166 4085 Oriente,

57 4101 220 4188 Presbyter
231 4102 494 4188 poenitentiarius
508 4104 567 4166 toti
582 4103 712 4187 negotio
727 4100 947 4189 poenitentiae
963 4101 1167 4187 praepositus

128 4306 152 4374 ¹)
172 4301 227 4360 cre.
244 4304 345 4372 henli,
362 4303 381 4358 l.
400 4321 421 4360 c.
440 4321 467 4374 p.
485 4305 545 4360 683.
