2900 4800
99 974 167 1026 scisti
182 975 226 1026 epi·

130 1035 192 1077 stols.

632 435 670 488 lte
688 448 770 490 causa
787 433 901 488 Honorii
919 434 951 488 R,
971 433 1002 488 P.

780 689 840 752 11.

354 821 424 886 Dc
444 820 601 902 Beryti
628 823 771 897 atque
794 817 1005 884 Hoaortt
1026 818 1269 902 epistolia.

337 953 390 1018 22.
415 951 549 1040 Sergius
573 953 607 1015 in
632 973 692 1016 sua
708 949 846 1038 epistola
868 960 1043 1037 postquam
1059 951 1169 1016 dolose
1193 955 1374 1030 enarravit,

248 1051 412 1138 quomodo
446 1052 593 1138 quaestio
626 1049 666 1114 de
699 1071 766 1114 nna
801 1049 993 1134 operatione
1018 1047 1140 1114 Christi
1171 1059 1294 1115 exorta
1328 1053 1373 1121 sit,

249 1171 315 1214 non
340 1151 449 1212 minus
472 1147 649 1212 artificiose
673 1146 841 1229 describit,
876 1169 961 1232 quae
986 1143 1093 1230 Cyrus
1123 1148 1249 1213 fecerat
1274 1159 1314 1213 ut
1336 1149 1375 1214 ad

249 1248 406 1322 unionem
439 1244 690 1332 Monophysitas
725 1245 874 1330 Aegypti
907 1243 1096 1328 adduceret,
1130 1255 1231 1333 atque
1264 1247 1377 1312 multis

249 1354 428 1432 exaggerat
450 1343 537 1410 bona
561 1343 602 1408 ab
634 1365 672 1408 eo
696 1342 842 1424 obtenta,
875 1351 913 1405 ut
935 1341 1121 1408 Honorium
1152 1367 1190 1408 eo
1216 1367 1284 1431 quo
1311 1357 1377 1410 ten-

250 1443 350 1509 debat
382 1442 585 1529 perduceret.
635 1442 732 1522 ,Post
765 1439 884 1504 multas
916 1439 1165 1526 disputationes,
1190 1443 1322 1524 scribit,
1347 1453 1378 1506 et

248 1541 386 1624 labores,
412 1563 493 1626 quos
518 1561 592 1604 cum
617 1541 721 1604 nimia
744 1537 921 1624 prudentia
945 1549 977 1602 et
1000 1537 1218 1603 saluberrima
1243 1540 1376 1628 dispen-

250 1640 376 1704 satione
409 1640 443 1702 in
477 1637 541 1702 hac
574 1659 673 1700 causa
705 1635 878 1722 impendit,
912 1636 975 1702 hoc
999 1636 1088 1722 quod
1111 1637 1296 1702 festinabat
1319 1662 1378 1726 per

250 1759 426 1822 supernam
458 1737 599 1820 gratiam
631 1735 809 1800 ordinavit.
855 1735 961 1800 Facta
990 1745 1067 1800 sunt
1099 1736 1186 1800 inter
1216 1745 1376 1823 utrasque

249 1845 358 1922 partes
382 1836 569 1919 dogmatica
583 1833 747 1919 quaedam
763 1834 917 1919 capitula,
938 1835 972 1898 in
996 1833 1119 1919 quibus
1143 1855 1277 1915 omnes,
1304 1835 1375 1921 (qui

250 1944 347 1998 antea
371 1932 504 2020 quidem
526 1934 560 1996 in
583 1931 732 1996 diversas
745 1933 912 2018 portiones
929 1931 1028 1998 divisi
1052 1931 1193 2012 fuerant,
1217 1955 1374 2018 proavos·

251 2053 315 2117 que
346 2031 408 2096 sibi
432 2031 630 2094 Dioscorum
663 2039 762 2116 atque
786 2029 948 2096 Severum
981 2028 1154 2096 sceleratos
1186 2029 1373 2096 haereticos

251 2127 502 2214 inscribebant)
530 2127 706 2192 coadunati
731 2137 807 2191 sunt
831 2149 907 2192 cum
931 2129 1138 2194 sanctissima
1161 2151 1201 2192 ac
1225 2129 1372 2194 solaEc-

251 2226 351 2292 olesia
374 2225 546 2306 catholica,
572 2236 604 2290 et
626 2247 712 2290 unus
735 2247 816 2310 grex
841 2225 964 2292 Christi
988 2228 1058 2290 veri
1074 2227 1138 2291 Dei
1163 2229 1281 2310 nostri,
1307 2249 1371 2292 om-

251 2328 302 2391 nis
325 2325 397 2390 Deo
422 2323 574 2390 amabilis
599 2323 823 2388 Alexandriae
856 2323 997 2410 populus
1029 2325 1138 2390 factus
1161 2335 1210 2388 est
1235 2334 1271 2388 et
1294 2347 1377 2412 pene

251 2425 427 2490 universus
451 2423 633 2507 Aegyptus,
659 2421 804 2486 Thebais
829 2433 860 2486 et
874 2422 997 2507 Libya,
1022 2433 1054 2488 et
1078 2431 1228 2486 caeterae
1244 2423 1376 2508 Aegyp-

251 2525 357 2588 tiacae
382 2521 607 2606 dispositionis
640 2521 802 2604 regiones,
827 2543 910 2605 quas
943 2520 1021 2585 olim
1050 2518 1319 2601 considerabant,
1343 2533 1376 2584 ut

253 2621 408 2700 diximus,
433 2620 468 2683 in
493 2617 770 2684 innumerabilem
789 2617 967 2684 haereseon
992 2616 1241 2682 multitudinem
1267 2617 1375 2682 discis·

253 2743 323 2800 sas3
347 2739 437 2784 nunc
461 2725 571 2782 autem
595 2714 801 2800 beneplacito
823 2717 887 2780 Dei
912 2727 944 2780 et
967 2716 1074 2782 studio
1098 2713 1262 2803 praedicti
1288 2739 1375 2781 sanc-

253 2819 371 2886 tissimi
400 2813 703 2880 Alexandrinorum
727 2813 897 2880 Antistitis
920 2837 1024 2880 unum
1047 2815 1171 2884 labium
1196 2817 1280 2886 faeti
1304 2834 1377 2886 sunt

255 2938 377 2997 omnes,
402 2937 468 2978 una
491 2933 568 2994 vox,
594 2915 674 2976 etin
693 2913 821 2976 unitate
845 2915 979 2998 spiritus
993 2923 1084 2978 recta
1103 2909 1277 2984 Ecclesiae
1302 2921 1375 3004 dog·

254 3023 344 3080 mata
368 3012 575 3076 confitentur.
621 3010 676 3074 Ex
708 3009 760 3074 his
792 3020 901 3074 autern
936 3033 1021 3096 quae
1045 3011 1134 3078 dicta
1165 3027 1244 3082 sunt
1278 3029 1377 3106 atque

256 3111 410 3192 stabilita,
431 3131 535 3174 unum
552 3110 664 3174 existit
687 3107 868 3195 capitulum
889 3109 930 3174 de
954 3131 1021 3174 una
1045 3113 1236 3195 operatione
1255 3113 1375 3180 Christi

256 3210 369 3294 magni
392 3207 457 3274 Dei
482 3217 514 3271 et
537 3206 718 3274 Salvatoris
741 3208 875 3272 nostri.“

346 3316 399 3380 23.
422 3313 504 3398 Agit
532 3314 610 3380 dein
635 3312 675 3378 de
699 3311 876 3398 Sophronii
910 3316 1133 3400 oppositione,
1158 3317 1206 3380 its
1240 3319 1378 3404 quidem

257 3423 295 3478 ut
318 3413 478 3478 indirecte
502 3413 686 3476 doctrinam
711 3411 752 3475 de
768 3433 835 3476 una
859 3413 1048 3498 operatione
1064 3412 1187 3479 Christi
1213 3437 1377 3482 commen·

259 3513 323 3594 det,
349 3509 515 3576 scribens:
542 3509 625 3592 „His
649 3510 694 3574 ita
718 3509 991 3594 provenientibus
1014 3509 1220 3598 Sophronias
1245 3533 1376 3580 venera·

259 3610 335 3676 bilis
359 3608 551 3690 monachus,
576 3608 633 3693 qui
657 3605 708 3694 (ut
730 3629 820 3672 nunc
843 3629 886 3672 ex
908 3607 1026 3675 auditu
1048 3609 1244 3696 didicimus)
1266 3611 1377 3678 Hiero

260 3707 462 3792 solymorum
485 3705 617 3793 praesul
641 3715 690 3770 est
713 3703 898 3789 ordinatus,
923 3705 1080 3794 (necdum
1103 3708 1193 3772 enim
1219 3707 1378 3776 hactenns

260 3806 331 3892 ejus
346 3827 388 3869 ex
402 3825 492 3868 more
507 3802 675 3887 Synodica
690 3802 922 3890 suscepimus),
943 3804 1033 3890 apud
1047 3803 1292 3872 Alexandriam
1302 3820 1377 3872 tnnc

260 3902 417 3988 temporis
440 3903 581 3989 positus,
606 3923 681 3966 cum
706 3902 854 3986 praefato
879 3903 1083 3966 sanctissimo
1106 3903 1209 3990 Papa,
1235 3905 1376 3992 quaudo,

261 4003 347 4065 sicut
370 3999 534 4082 diximus,
563 3997 793 4064 admirabilem
828 3999 916 4064 illam
950 4002 1038 4064 eirca
1068 4022 1136 4082 eos,
1169 4003 1227 4088 qui
1254 4003 1376 4068 dudum

261 4098 420 4163 haeretici
442 4097 583 4180 fuerant,
612 4097 678 4164 Dei
708 4097 916 4183 beneplacito
928 4149 936 4184 ,
965 4099 1125 4164 unitatem
1149 4101 1375 4188 componebat,

262 4203 360 4278 atque
385 4215 460 4256 cum
485 4217 522 4258 eo
547 4195 588 4259 de
611 4194 736 4258 eisdem
760 4195 914 4281 capitulis
927 4197 1158 4282 pertractabat,
1183 4197 1376 4264 adversatus
