2836 4804
431 479 558 534 Fornula
575 477 734 534 Hormisdee
751 481 784 534 R.
803 480 834 536 P.
1134 482 1187 535 323

71 623 144 708 qnia
166 623 202 686 in
226 619 306 686 Sede
338 621 515 710 apostolica
546 623 750 688 immaculata
782 634 827 688 est
851 647 971 712 semper
994 635 1119 690 seruata
1141 650 1189 690 rc·

72 721 152 806 lipia.
200 717 250 784 Ab
273 719 330 784 hoc
354 743 426 808 erqo
458 744 513 808 spe
538 732 579 797 yet
597 721 665 804 fide
698 723 845 810 separari
866 723 991 786 minime
1016 725 1188 810 capientes,

72 829 99 882 ct
114 829 248 906 patrum
269 829 429 904 sequentes
452 820 487 882 in
519 819 660 884 omnihus
683 821 862 898 constituta,
887 821 1188 886 anathematizamus

72 937 172 980 omnes
195 917 374 994 haereticos,
395 917 566 1004 praecipue
589 917 772 981 Nestorium
795 919 991 996 hoereticum,
1015 921 1070 1004 qui
1092 943 1186 1006 quon-

70 1014 143 1076 dam
178 1009 327 1079 CPtonae
351 1010 422 1100 fnit
453 1013 541 1078 urbis
574 1015 747 1105 episcopas,
780 1015 948 1080 damnatus
980 1017 1015 1080 in
1047 1015 1186 1082 Concilio

72 1111 226 1198 Ephesiae
259 1135 279 1174 a
310 1109 483 1176 Caelestino
508 1108 600 1198 Papa
631 1111 719 1176 urbis
741 1113 860 1177 Romae
893 1124 923 1177 et
952 1138 973 1177 o
996 1125 1103 1178 sumto
1130 1113 1188 1202 Cy-

70 1207 142 1273 rilla
167 1207 410 1272 Aleaeandrinae
433 1209 571 1273 civitatis
595 1211 745 1275 antistite.
784 1209 855 1274 Una
878 1214 1036 1300 cumipse
1061 1211 1188 1276 anatim

72 1307 254 1372 nmtizontes
266 1307 464 1394 Eutychetem
487 1318 517 1371 et
529 1305 715 1372 Dioscoonm
731 1307 995 1388 Alenandrinum,
1018 1311 1053 1374 in
1077 1321 1188 1374 sancta

72 1405 196 1492 Synodo
229 1428 322 1492 qnam
354 1407 510 1490 sequimur
533 1416 563 1468 et
591 1403 805 1492 amplectimur
832 1403 1080 1472 Chalcedonensi
1102 1405 1189 1470 dom-

71 1515 169 1568 natos.
218 1501 282 1568 His
303 1503 492 1566 Timotheum
515 1503 701 1594 adjicientes
718 1503 928 1592 parricidam,
950 1504 1101 1568 Aelurum
1123 1528 1189 1592 coq-

71 1613 222 1680 nomento,
247 1611 277 1664 et
300 1600 487 1686 discipulum
512 1624 628 1690 quoque
662 1607 728 1692 ejus
755 1613 846 1692 atque
870 1625 1029 1688 sequacem
1053 1603 1188 1681 Petrum,

70 1697 116 1764 rel
138 1697 289 1764 Acacium
313 1699 368 1786 qui
394 1701 429 1762 in
452 1721 556 1762 eorum
589 1700 812 1764 communionis
835 1700 981 1764 societate
1000 1701 1188 1786 permansit,

71 1801 142 1883 quia
166 1820 297 1884 quonam
319 1819 351 1859 se
375 1798 585 1860 communione
608 1800 741 1876 miscuit,
771 1795 899 1864 illorum
922 1796 1054 1861 similem
1076 1799 1189 1862 meruit

71 1899 102 1960 in
123 1893 330 1960 damnatione
354 1897 547 1959 sententiam.
595 1893 721 1960 Petrum
743 1896 945 1960 nihilominus
964 1895 1189 1960 Antiochenam

10 2053 11 2063 ,
72 1995 258 2058 damnantes
281 2016 347 2056 cum
371 1991 553 2080 sequacibus
580 1994 647 2056 sais
679 2003 708 2056 et
731 1996 867 2058 omniurn
890 1996 1184 2081 suprascriptorum.

75 2091 275 2180 Qscapropter
298 2091 482 2176 suscipimus
502 2101 532 2155 et
546 2089 757 2178 approbamus
771 2115 875 2156 omnes
898 2091 1050 2180 epistolas
1074 2091 1189 2156 Leom's

73 2191 176 2278 Papae
208 2191 389 2266 universas,
422 2212 500 2274 quas
532 2188 570 2253 de
602 2188 753 2276 reliqionc
785 2189 959 2253 christiana
991 2189 1189 2276 conscripsit.

75 2288 160 2352 Unde
166 2337 175 2367 ,
201 2289 282 2351 naut
299 2285 532 2374 praedinimua
556 2297 717 2372 sequentes
748 2289 783 2352 in
806 2287 946 2352 omnihus
969 2285 1186 2376 Apostolicam

72 2385 180 2450 Sedem
204 2395 233 2448 et
256 2383 482 2472 praedicantes
511 2387 581 2476 ejus
611 2385 717 2448 omnia
746 2386 934 2464 constituta,
966 2408 1056 2472 spero
1086 2397 1122 2450 ut
1154 2387 1187 2450 in

73 2507 133 2546 uno
165 2483 377 2547 communione
411 2481 565 2545 uobiscum
600 2506 691 2567 quom
723 2479 820 2546 Sedes
847 2481 1032 2568 Apostolica
1056 2484 1189 2570 praedi-

72 2589 119 2642 cat
142 2603 209 2644 esse
232 2603 362 2656 mereor,
386 2579 421 2642 in
444 2603 506 2666 qua
538 2589 583 2644 est
605 2581 729 2666 inteqra
756 2591 786 2644 ct
807 2603 906 2644 aaran
930 2581 1119 2645 christianae
1142 2606 1189 2644 re·

11 2682 15 2754 ,¹
72 2677 198 2761 liqionis
219 2667 378 2741 soliditas.
426 2677 614 2742 Promittens
638 2679 742 2760 etiam,
767 2689 976 2766 sequestratos
1008 2703 1029 2742 a
1058 2703 1186 2742 commu·

72 2778 160 2840 aione
175 2771 335 2840 Ecclesiae
359 2770 538 2855 catholicae,
563 2774 599 2839 id
622 2785 666 2839 est
689 2799 752 2839 non
775 2777 999 2840 consentientes
1016 2775 1093 2840 Sodi
1102 2775 1188 2862 Apo·

12 2924 16 2933 .
73 2873 216 2954 stolicae,
251 2895 355 2936 eorum
378 2873 506 2937 nomina
538 2875 621 2938 inter
644 2897 736 2937 sacra
759 2897 822 2938 non
849 2897 913 2938 esse
935 2874 1103 2940 recitanda
1125 2897 1188 2960 my·

13 2978 16 2989 '
74 2975 176 3036 steria.
226 2971 320 3036 Hanc
343 2983 446 3035 autem
464 2969 695 3058 professionem
722 2995 821 3036 meam
844 2996 940 3036 manu
958 2974 1096 3058 proprio
1119 2973 1188 3036 suh-

74 3071 199 3158 scripsi,
229 3079 259 3132 et
283 3069 341 3132 tihi
364 3069 554 3134 Hormisdoe
572 3091 682 3156 popae
714 3069 801 3134 urbis
833 3071 953 3135 Romae
978 3069 1119 3155 obtata).
1144 3109 1187 3116 —

75 3168 165 3248 Quae
189 3165 355 3232 habentur
377 3189 397 3230 a
419 3163 548 3230 verbis:
578 3165 664 3230 Unde
689 3166 768 3230 sicut
785 3169 1024 3256 praediscimus,
1058 3165 1109 3230 vel
1134 3190 1188 3254 po·

74 3268 144 3347 tius,
170 3288 261 3353 spero
285 3275 320 3328 nt
343 3265 379 3328 in
402 3287 477 3344 una,
501 3273 577 3328 sunt
594 3261 695 3328 verba
718 3265 849 3352 adjecta
872 3263 1041 3348 formulae,
1065 3267 1185 3351 partim

74 3361 235 3429 aJoanne
252 3359 402 3444 CPtsno3
427 3384 466 3425 ac
488 3359 653 3426 similibus
677 3362 787 3426 verbis
811 3365 910 3427 etiam
933 3360 1049 3447 reliqui
1073 3361 1187 3427 Orien·

75 3465 113 3525 tis
135 3463 282 3548 episcopi
307 3482 400 3524 suam
429 3455 676 3524 consensionem
700 3460 947 3547 profitebantur.
994 3459 1188 3546 Subscriptn

75 3567 181 3623 autem
205 3559 269 3623 fuit
292 3557 432 3622 formula
456 3581 475 3621 a
498 3558 549 3622 bis
573 3559 661 3622 mille
685 3569 717 3622 et
745 3561 934 3646 quingentis
959 3557 1130 3644 episcopis,
1156 3567 1188 3621 et

75 3657 120 3720 uti
144 3655 299 3740 diximus,
323 3664 435 3744 postea
459 3653 648 3742 frequenter
670 3655 800 3720 firmata
815 3665 872 3722 est.
918 3655 1016 3720 Unde
1040 3653 1093 3718 vel
1117 3653 1188 3740 ipse

75 3755 266 3820 Bossuetus:
292 3753 409 3838 „Hanc
433 3753 668 3840 professionem
701 3753 816 3818 eodem
842 3753 945 3837 initio,
972 3751 1087 3817 eadem
1113 3774 1187 3816 con-

76 3853 227 3938 clusione,
252 3851 375 3918 additis
399 3850 539 3918 subinde
568 3849 762 3916 haeresibus
794 3861 893 3938 atque
917 3851 1102 3936 haereticis,
1128 3851 1185 3938 qui

146 4093 231 4164 ¹)1ta
253 4093 324 4161 apud
350 4091 506 4160 Denainger
532 4089 667 4144 sachius
692 4106 718 4144 n.
743 4089 802 4144 XX,
831 4121 864 4130 -
890 4089 968 4158 Apud
986 4089 1133 4144 Beronium
1153 4093 1181 4144 et

10 4200 14 4211 ·
77 4173 137 4228 alibi
162 4173 292 4228 lectiones
319 4177 462 4227 occurrunt
488 4170 682 4242 aliquantisper
710 4169 861 4235 variantes,
880 4169 927 4226 sed
954 4170 1024 4226 idem
1043 4171 1122 4240 plane
1142 4177 1184 4223 est

77 4267 172 4308 sensus

1026 4339 1079 4395 21*
