2810 4846
255 431 309 485 226
340 455 342 458 ·
553 465 557 472 ·
645 435 687 489 De
703 435 819 496 Concide
838 434 979 504 Ephesino.

257 576 431 640 conciones
455 597 530 640 suas
562 579 835 644 accommodaret.
881 575 1075 642 Accedebat
1095 577 1243 642 affectata
1263 597 1344 660 quae·

257 673 334 736 dam
357 675 541 741 sanctitatis
569 677 708 760 species,
740 697 839 762 quam
872 684 903 738 et
935 673 1026 761 pulla
1048 674 1149 738 uestis
1171 671 1345 744 ostentabat,

257 780 290 834 et
312 771 423 836 vultus
446 772 488 836 sd
513 773 679 839 tristitiam
698 773 962 860 gravitatemque
977 773 1185 860 compositus,
1209 781 1240 834 et
1261 769 1346 834 index

257 870 388 934 inediae
412 893 451 934 ec
474 871 696 935 continentiae
719 870 833 956 pallor,
859 892 933 934 cum
957 869 1065 934 forum
1090 872 1222 955 insuper
1242 867 1312 930 acl
1340 903 1348 914 ·

210 1013 213 1018 ,
256 969 425 1055 quentiam
458 969 610 1032 devitans
642 968 738 1039 domo
771 991 804 1032 se
835 970 1026 1050 contineret,
1059 967 1117 1032 ubi
1150 967 1235 1031 inter
1262 963 1347 1030 libros

258 1087 386 1130 summa
409 1068 443 1129 in
467 1067 576 1151 quiete
599 1067 704 1130 vitam
728 1065 878 1150 degebat.

123 1255 168 1296 100
185 1267 241 1295 sus.
345 1235 399 1300 49.
424 1235 486 1301 His
509 1235 635 1300 artibus
664 1234 757 1298 brevi
788 1233 832 1300 ad
856 1233 1175 1298 commendationem
1198 1231 1348 1296 hominum

257 1356 297 1398 ac
320 1333 452 1414 famam,
477 1331 697 1398 multitudinis
720 1353 797 1395 vero
823 1333 1030 1417 potissimum
1053 1331 1299 1396 admirationem
1318 1350 1349 1390 ac

257 1432 397 1514 gratiam
430 1429 583 1516 obrepsit.
630 1430 681 1494 Ac
712 1429 771 1493 diu
801 1431 836 1493 in
859 1428 923 1494 hoc
947 1429 1084 1494 vivendi
1108 1430 1256 1494 instituto
1278 1445 1351 1508 mag·

258 1549 399 1613 namque
437 1537 564 1613 partem
599 1528 826 1613 perseveravit
862 1528 997 1609 aetatis,
1032 1547 1135 1614 usque
1169 1525 1212 1590 ad
1243 1543 1350 1588 annum

259 1625 380 1692 Christi
404 1626 764 1711 quadringentesimum
788 1627 986 1710 vigesimum
1009 1635 1176 1705 octavum,
1200 1644 1262 1708 quo
1284 1619 1353 1684 Con·

257 1723 503 1809 stentinopolim
532 1723 584 1798 ad.
608 1725 834 1810 episcopatum
858 1733 995 1787 voc-etus
1019 1732 1078 1788 est.
1126 1721 1225 1802 Quod
1248 1723 1291 1786 sic
1311 1737 1353 1803 ge·
1389 1729 1390 1802 j

258 1832 344 1886 stum
377 1843 445 1886 esse
478 1823 655 1886 memoriae
687 1821 834 1907 prodidit
867 1818 1062 1906 Socrates¹).
1117 1821 1197 1886 Post
1234 1815 1352 1882 Sisinnii
1389 1819 1390 1914 J

258 1927 395 1984 mortem
418 1920 474 2004 qui
498 1917 608 1984 Attico
633 1917 676 2006 (a.
692 1919 757 1984 425
781 1919 834 1984 vel
850 1918 930 2005 426)
946 1927 1157 1998 successerat,
1183 1916 1353 1998 obieratque

259 2017 381 2084 Christi
403 2039 491 2082 enno
513 2017 579 2082 427
602 2015 798 2082 Decembris
822 2017 876 2080 dic
900 2017 973 2097 24⁰,
998 2036 1073 2079 cum
1098 2016 1139 2080 de
1164 2009 1353 2096 subrogando

259 2115 422 2182 inlocum
446 2113 532 2178 illius
558 2117 710 2200 episcopo
734 2123 894 2198 ageretur,
919 2115 1027 2178 visum
1052 2107 1353 2199 estImperatoribus

258 2214 430 2299 peregrino
453 2213 562 2297 potius
586 2233 685 2298 quam
715 2212 892 2296 indigenae
916 2233 987 2276 eam
1013 2210 1142 2278 deferre
1167 2209 1352 2294 dignitatem.
1389 2239 1390 2268 2

258 2321 291 2374 et
313 2311 355 2375 ab
385 2332 424 2374 ea
447 2309 729 2382 urbePraesulem
752 2319 874 2395 petere,
906 2331 990 2394 quae
1014 2321 1083 2374 tam
1105 2308 1198 2374 felici
1221 2321 1352 2370 successu
1389 2309 1390 2384 ζ

257 2417 356 2474 antea
379 2406 516 2472 dederet
538 2405 703 2474 Joannem
727 2405 1008 2491 Chrysostomum.
1054 2407 1158 2470 Venit
1190 2425 1265 2488 ergo
1288 2401 1353 2464 Con·
1389 2403 1390 2476 ἶ

257 2505 502 2590 stautinopnlim
526 2507 651 2572 accitus
674 2504 854 2572 Antiochii
876 2505 1056 2587 Nestorius,
1081 2513 1114 2568 et
1136 2505 1210 2590 pari
1234 2496 1352 2588 gntus·

258 2606 348 2677 tione
371 2604 519 2668 omnium
543 2625 583 2666 ac
602 2624 658 2687 spe
674 2603 849 2688 episcopus
864 2613 914 2668 est
935 2601 1115 2668 ordinatus.
1164 2601 1211 2666 Ut
1233 2600 1351 2686 primum
1389 2677 1390 2682 ἵ

259 2723 337 2766 uero
362 2702 587 2786 episcopatum
609 2701 762 2786 suscepit,
781 2699 960 2764 vehemens
976 2701 1011 2764 in
1026 2699 1227 2764 catholicam
1249 2693 1353 2776 religie-

259 2821 336 2869 nem
360 2797 505 2865 studium
529 2820 625 2862 suum
659 2807 692 2862 et
715 2799 759 2889 in
778 2796 960 2864 haereticos
992 2798 1106 2862 odium
1129 2819 1212 2882 pree
1235 2817 1266 2858 se
1287 2789 1352 2854 tulit.

258 2906 358 2982 atque
390 2895 453 2962 hoc
485 2896 676 2981 praesertim
710 2895 834 2961 indicio
866 2895 1029 2981 probavit.
1088 2895 1201 2976 Quam
1235 2891 1352 2978 primun

257 2995 450 3062 concionem
464 2992 581 3059 habuit
595 3015 705 3059 coram
716 2993 918 3080 Imperatore
931 2993 1116 3059 Theodosio
1132 2993 1179 3074 Π,
1196 2994 1232 3057 in
1245 3011 1281 3053 ea
1301 3005 1352 3048 me·

259 3090 450 3156 morabilem
483 3091 569 3156 hauc
601 3113 717 3158 vocem
741 3101 773 3156 et
803 3091 927 3177 ubique
950 3090 1148 3156 celebratam
1174 3087 1291 3156 edidit:
1311 3081 1353 3146 Dc

258 3191 344 3267 mitt,
367 3189 553 3275 Imperator,
571 3213 690 3276 puram
713 3187 752 3254 ab
784 3191 947 3254 haereticis
971 3200 1102 3270 terram,
1126 3201 1157 3252 et
1182 3211 1235 3274 epo
1258 3181 1353 3248 coelun

259 3287 318 3350 tibi
348 3288 485 3352 vicissim
517 3287 618 3352 dabo:
657 3299 755 3354 everto
786 3311 902 3352 mecam
933 3288 1121 3366 haereticos,
1146 3298 1178 3352 ot
1202 3307 1254 3372 epo
1276 3291 1352 3344 tectu

260 3385 374 3450 Persas
406 3396 550 3450 evertam.
599 3385 693 3466 Quae
725 3407 792 3449 vox
824 3397 861 3448 ut
893 3381 1063 3450 catholicis
1095 3384 1259 3471 plerisque
1279 3389 1353 3462 grets
1389 3377 1390 3382 ’

258 3484 332 3564 fuit,
357 3485 403 3548 ita
433 3505 499 3550 non
531 3505 654 3568 paucos
686 3482 861 3564 alienavit,
887 3493 923 3547 ut
947 3483 1062 3574 scribit
1085 3469 1354 3564 secrantes..)

260 3583 317 3667 qui
341 3581 404 3645 hoo
428 3581 492 3646 illis
516 3581 722 3666 displicuisse
745 3581 853 3663 refert,
879 3579 968 3666 quod
991 3579 1089 3644 homo
1114 3589 1278 3652 externus,
1299 3571 1354 3632 Vix·

260 3679 340 3744 dum
370 3679 454 3764 pede
487 3681 522 3744 in
554 3679 670 3744 urbem
703 3681 818 3765 posito,
843 3689 912 3743 tam
935 3701 1091 3764 arrogans
1116 3677 1242 3742 dictum
1264 3665 1353 3752 eloqui

261 3778 397 3842 minime
421 3776 613 3845 dubitasset.
660 3776 725 3843 Sed
757 3777 835 3842 dum
865 3776 1047 3842 haereticos
1077 3776 1248 3840 Nestorius
1273 3765 1354 3852 repri-

261 3876 331 3957 mit,
364 3875 458 3940 hrevi
491 3876 562 3959 ipse
594 3875 794 3940 architectus
825 3885 857 3938 et
890 3876 1043 3960 princeps
1075 3895 1182 3940 norae
1206 3871 1356 3938 haeresees

260 3973 367 4038 sactus
391 3971 479 4040 estet.

433 4129 471 4137 -v

336 4203 355 4272 ι)
374 4203 408 4256 Η·
428 4204 466 4266 E*
485 4203 516 4257 L·
535 4203 597 4256 VH·
617 4219 638 4256 ⁰·
659 4205 701 4256 9⁸·
859 4191 1354 4270 ¹)0n.1²ersv.ne1nern.n1.sr.
