2900 4800
517 419 786 490 suauissimus.
1156 424 1211 480 sss

93 559 240 646 parvulis
264 562 429 647 exquisita
452 560 633 629 derivando
657 565 791 633 nomine
814 565 997 631 venditare.
1029 567 1097 632 Nos
1121 569 1209 634 enim

93 679 158 722 non
172 657 356 723 secundum
368 681 468 724 unam
481 661 705 746 operationem
728 660 781 726 vel
804 661 887 728 dues
898 663 1081 730 Dominum
1092 666 1115 731 J
1118 687 1210 732 esum

94 753 279 838 Christum,
304 755 440 844 ejusque
463 755 622 826 Sanctum
645 756 806 846 Spiritum
839 762 940 826 saeris
963 761 1078 828 litteris
1101 785 1211 848 perse·

93 855 222 938 pimus,
247 853 304 918 sed
324 855 568 920 multiformiter
586 859 802 940 eognovimus
817 867 997 942 operatum.
1044 859 1211 948 Scriptum

94 961 142 1014 est
166 952 275 1016 enim:
307 949 345 1016 si
367 953 435 1040 quis
459 955 605 1040 spiritum
632 951 749 1018 Christi
771 977 835 1022 non
854 955 963 1036 hahet,
986 958 1035 1022 tte
1058 963 1125 1048 ejus
1147 981 1212 1024 non

93 1060 139 1112 est
163 1049 272 1136 (Rom.
296 1047 390 1114 Vm.
415 1049 460 1138 9).
497 1051 541 1116 Et
563 1049 662 1117 alibi:
688 1051 789 1118 Nemo
806 1063 913 1140 potest
936 1053 1039 1120 diuers
1055 1056 1212 1124 Dominus

92 1145 199 1226 Jesus,
223 1148 288 1210 nisi
308 1149 344 1212 in
359 1146 483 1236 Spiritu
493 1147 618 1214 Sancte.
657 1150 840 1216 Divisionss
853 1174 924 1216 uero
938 1153 1115 1240 prunorum
1130 1165 1211 1233 sunt,

95 1245 176 1308 idem
201 1256 305 1308 autem
318 1243 469 1332 Spiritus,
493 1258 524 1313 st
546 1246 716 1314 divisiones
738 1249 1007 1314 ministrationum
1020 1261 1106 1332 sunt,
1130 1251 1213 1318 idom

9 1417 10 1426 χ
95 1353 200 1406 antem
222 1343 395 1424 Dominus,
426 1355 455 1408 st
484 1343 655 1410 divisiones
685 1347 903 1434 operationum
925 1357 1012 1428 sunt,
1037 1347 1120 1415 idem
1141 1371 1212 1414 uero

94 1439 193 1520 Dens,
208 1442 263 1526 qni
275 1452 424 1528 operatur
447 1444 552 1508 omnio
571 1443 617 1511 in.
630 1442 772 1509 omnibns
794 1443 826 1531 (1
846 1443 921 1513 Cor.
935 1444 1014 1510 ΧΗ.
1031 1446 1052 1510 3
1069 1455 1102 1509 et
1116 1445 1212 1532 sqq.).

9 1571 10 1630 j
95 1538 128 1604 Si
154 1539 245 1610 enirn
279 1538 459 1604 divisiones
491 1550 568 1605 sunt
590 1540 732 1624 multae,
763 1550 797 1606 et
828 1541 888 1606 has
919 1564 1034 1608 omnes
1056 1543 1149 1608 Dens
1178 1546 1213 1609 in

9 1631 10 1652 ¹
96 1636 254 1701 membris
288 1637 441 1702 omnibus
464 1637 554 1724 pleni
588 1639 732 1726 eorporis
755 1649 927 1726 operatur,
961 1649 1083 1728 quanto
1108 1644 1213 1726 magis

9 1725 11 1784 l
95 1735 198 1821 capiti
222 1742 331 1798 nostro
348 1733 477 1800 Christo
493 1735 637 1801 Domino
653 1735 737 1800 haee
755 1746 894 1822 possunt
916 1735 1104 1824 plenissime
1118 1759 1212 1826 soap-

9 1909 10 1916 ἵ
94 1831 182 1896 tari?
207 1833 253 1897 Ut
277 1842 376 1918 eaput
400 1841 432 1898 et
456 1854 574 1920 eorpus
598 1856 701 1898 unum
724 1834 767 1898 sit
789 1833 983 1920 perfeetum,
1007 1845 1044 1898 ut
1066 1836 1212 1922 profesto

9 1997 10 2000 ,
94 1939 266 2014 occurrat,
292 1931 377 1994 siout
400 1932 643 2016 scriptumest,
668 1933 702 1996 in
720 1933 826 1996 virum
850 1931 1043 2018 perfeetum,
1067 1935 1102 1998 in
1126 1955 1213 1998 men·

9 2025 10 2048 l
95 2049 208 2092 suram
240 2029 358 2092 aetatis
390 2027 605 2114 plenitudinis
630 2028 762 2094 Christi.
808 2027 844 2092 Si
877 2030 963 2094 enim
998 2031 1033 2094 in
1048 2029 1153 2114 eliis,
1178 2031 1213 2097 id

95 2137 159 2208 est,
185 2125 221 2189 in
244 2125 400 2190 membris
424 2127 507 2206 suis,
531 2128 665 2212 spiritus
689 2125 812 2191 Christi
837 2125 1081 2193 multiformiter
1103 2149 1214 2214 opera·

9 2251 10 2310 j
94 2234 159 2306 tur,
185 2225 220 2287 in
243 2245 307 2309 quo
332 2225 461 2306 vivunt,
486 2235 673 2306 moventur,
698 2235 731 2288 et
753 2235 850 2306 sunt,
881 2235 1004 2310 quanto
1028 2226 1133 2311 magis
1157 2247 1216 2312 per

9 2363 10 2416 p
96 2324 313 2408 semetipsum
345 2321 560 2388 mediatorem
583 2323 648 2388 Dei
681 2333 713 2386 et
744 2321 936 2404 hominum,
965 2322 1060 2408 plene
1083 2345 1123 2388 ao
1146 2345 1215 2408 per·

9 2417 10 2444 ³
96 2421 202 2501 feste,
227 2418 403 2506 multisque
427 2419 549 2500 modis,
574 2430 606 2484 et
629 2420 853 2486 ineffabilibus
877 2420 1024 2486 confiteri
1047 2442 1108 2486 nos
1131 2443 1217 2486 oom-

96 2519 256 2582 munione
280 2518 450 2603 utriusque
473 2527 610 2582 naturae
634 2518 793 2584 condecet
816 2519 1030 2605 operatum?“

187 2615 241 2680 35.
268 2615 332 2700 ,Et
354 2637 414 2680 nos
446 2614 581 2702 quidem
605 2616 786 2680 seeundum
816 2618 1003 2681 sanctiones
1026 2616 1214 2682 divinorum

97 2693 306 2800 eloquiorum¹
328 2723 455 2800 oportet
485 2735 599 2800 sapere
631 2713 684 2777 vel
708 2714 850 2800 spirare,
875 2713 931 2778 illa
955 2713 1111 2778 videlieet
1132 2714 1217 2778 refu·

98 2821 216 2894 tentes,
251 2834 336 2898 quae
367 2809 501 2898 quidem
535 2832 641 2876 novae
675 2833 773 2876 voees
795 2821 977 2878 noscuntur
1006 2813 1128 2876 sanetis
1151 2811 1216 2876 Dei

99 2907 247 2974 ecclesiis
271 2907 464 2974 scandalum
487 2930 661 2994 generare,
685 2919 722 2974 ut
743 2907 875 2994 parvuli
898 2917 957 2972 aut
979 2908 1121 2974 duarum
1144 2930 1217 2994 ope·
1266 2929 1269 2934 “

99 3009 265 3072 rationum
296 3005 458 3072 vocabulo
491 3008 627 3088 offensi,
661 3016 823 3072 sectantes
846 3007 1058 3070 Nestorianos
1080 3027 1140 3070 nos
1164 3027 1217 3070 ve·

99 3127 180 3170 sana
205 3128 318 3192 sapere
342 3103 560 3186 arbitrentur3
595 3114 653 3170 aut
683 3113 770 3168 certe
793 3107 821 3168 si
844 3126 956 3168 rursus
980 3125 1081 3170 unam
1105 3125 1216 3189 opera·

99 3205 222 3266 tionem
247 3203 383 3268 Domini
406 3203 516 3266 Nostri
540 3203 623 3268 Jesu
647 3202 769 3268 Christi
800 3201 969 3268 fatendam
993 3223 1063 3267 esse
1086 3223 1217 3267 censue·

98 3303 212 3382 rimus,
237 3300 371 3364 stultam
393 3299 724 3384 Eutychianistarum
753 3300 902 3364 attonitis
929 3298 1065 3363 auribus
1088 3297 1218 3362 demen-

99 3399 180 3462 tiam
205 3398 299 3462 fateri
323 3410 495 3484 putemur;
519 3409 774 3484 praecaventes,
789 3420 831 3462 ne
847 3417 985 3483 quorum
999 3397 1114 3460 inania
1127 3417 1218 3458 arma

99 3496 273 3561 combusta
297 3507 391 3578 sunt,
426 3518 538 3562 eorum
570 3497 696 3560 eineres
728 3495 898 3560 redivivos
922 3495 1015 3578 ignes
1038 3493 1218 3559 flammivo-

99 3617 229 3660 marum
255 3594 363 3660 denuo
379 3603 539 3660 renovent
554 3595 803 3680 quaestionum,
828 3591 1022 3678 simpliciter
1044 3600 1142 3676 atque
1167 3613 1219 3654 ve-

98 3693 221 3757 raciter
248 3693 441 3758 confitentes
463 3692 647 3758 Dominum
670 3692 787 3757 Jesum
812 3690 980 3756 Christum
1010 3709 1113 3752 unum
1145 3709 1219 3772 ope-

98 3799 242 3855 ratorem
276 3789 410 3855 divinae
442 3800 541 3876 atque
572 3788 737 3854 humanae
779 3799 932 3869 naturae,
966 3784 1101 3850 eleotius
1136 3785 1220 3850 arbi·

98 3899 240 3970 trantes,
266 3898 301 3953 ut
325 3890 403 3952 vani
432 3897 625 3953 naturarum
652 3885 897 3974 ponderatores,
927 3885 1029 3948 otiose
1053 3883 1220 3966 negotian-

99 3999 163 4070 tes,
200 3996 232 4050 et
264 3985 404 4070 turgidis
436 3985 596 4050 adversus
629 4006 687 4048 nos
716 3985 869 4047 insonent
899 3980 1037 4046 vocibus
1065 4002 1220 4044 ranarum

99 4082 309 4170 philosophi,
343 4106 441 4170 quam
475 4091 511 4147 nt
543 4081 709 4168 simplices
739 4091 772 4144 et
803 4078 938 4144 humilis
966 4079 1083 4165 spiritu
1106 4077 1219 4163 populi

101 4183 272 4247 christiani
303 4183 430 4270 possint
462 4202 631 4246 remanere
650 4179 769 4266 jejuni.
815 4176 934 4242 Nullus
964 4177 1052 4240 enim
1077 4175 1222 4260 decipiet
