2836 4804
229 435 283 488 era
642 435 681 488 ne
699 433 786 488 inin
808 433 948 503 capitulis.

231 576 292 640 sub
326 597 431 660 [soona
463 575 555 641 exilii
590 579 809 663 praescripsit,
844 589 880 641 ut
902 578 1059 664 epistolae
1091 579 1125 644 S.
1158 581 1277 644 Leonis
1298 578 1336 642 ad

232 673 430 738 Flavianum
463 685 496 738 et
524 672 672 740 Concilio
697 674 957 740 Chalcedonensi
988 676 1164 742 anathema
1187 677 1337 742 dicerent

231 771 388 856 Episcopi
413 793 532 854 magno
556 794 703 850 numero,
728 783 816 836 metu
841 772 942 853 ducti,
966 774 1118 839 Basilisci
1142 775 1249 840 edicto
1272 775 1337 839 suh

232 870 449 953 scripserunt3
474 867 618 934 Aeacius
640 873 813 956 episcoqus
835 869 987 936 OPtanus
1010 874 1104 937 initio
1128 895 1251 958 anceps
1272 872 1338 934 hac

232 967 283 1048 sit,
311 965 369 1030 sed
396 988 498 1051 quum
527 966 674 1032 fidelium
697 967 871 1032 multitudo
901 968 1043 1034 ducibus
1064 970 1207 1036 Daniele
1230 970 1337 1054 stylita
1400 985 1401 1048 l

232 1063 369 1149 aliisque
393 1063 562 1129 monachis
586 1087 705 1150 magno
722 1087 798 1130 oum
809 1067 941 1131 fervore
955 1089 1014 1152 pro
1038 1067 1103 1132 fide
1127 1079 1217 1133 recta
1241 1068 1339 1132 decer-

232 1171 351 1240 tarent,
385 1172 417 1225 et
451 1163 520 1246 ipse
551 1185 624 1228 cum
661 1163 747 1228 clero
772 1163 901 1248 Optano
929 1167 1041 1249 pravis
1063 1166 1276 1252 Imperatoris
1297 1187 1340 1228 co-

233 1260 365 1324 natibus
380 1269 567 1324 constanter
580 1263 708 1325 restitit.
741 1260 920 1326 Basiliscus
939 1265 1123 1329 resistentia
1139 1263 1338 1329 OPtanorum

233 1369 266 1421 et
288 1357 434 1422 adventu
458 1357 610 1438 Zenonis,
640 1361 697 1444 qui
726 1379 802 1423 cum
832 1362 977 1424 exercitu
1011 1361 1054 1426 ad
1086 1360 1204 1426 urbem
1237 1381 1341 1448 appro-

233 1454 431 1541 pinquabat,
464 1457 674 1541 perterritus,
708 1456 910 1522 haereticum
947 1481 1043 1522 suum
1077 1459 1226 1523 edictum
1264 1479 1342 1523 noro

234 1553 374 1632 decreto,
388 1552 477 1637 quod
486 1553 784 1637 Anti-Bncyclicon
800 1555 926 1620 dictum
942 1567 999 1638 est,
1012 1559 1195 1639 revocavit,
1209 1567 1242 1622 et
1256 1557 1340 1621 brevi

234 1661 308 1736 post
330 1675 358 1716 a.
383 1651 447 1714 477
472 1651 639 1716 aZenone
663 1663 834 1737 superatus
859 1655 1033 1739 imperium
1057 1657 1178 1720 amisit.

97 1879 135 1908 eno
169 1881 208 1909 m.
323 1847 353 1912 8.
378 1845 476 1926 Zeno,
507 1857 698 1931 recuperato
729 1849 877 1933 imperio,
912 1848 1093 1912 secundum
1126 1849 1159 1914 S.
1186 1847 1343 1934 Simplicii

235 1945 273 2009 R.
297 1943 466 2007 Pontificis
498 1943 653 2008 mandata
685 1953 718 2009 et
744 1944 860 2010 Aeacii
886 1945 1011 2010 OPtani
1039 1947 1176 2012 consilia
1203 1945 1344 2011 Basilisci

234 2053 308 2107 aeta
332 2040 513 2124 abrogavit,
536 2042 670 2107 Petrum
695 2042 867 2108 Fullonem
900 2065 918 2106 e
947 2043 1024 2108 sede
1047 2045 1270 2126 Antiocheae,
1292 2044 1343 2107 Pc-

235 2149 321 2204 trum
336 2138 502 2222 llongum,
527 2139 569 2202 ab
594 2139 812 2223 Eutychianis
845 2142 879 2204 in
912 2139 1020 2204 locum
1044 2141 1212 2207 Timothei
1237 2141 1341 2206 Aeluri

236 2237 356 2302 mortui
378 2237 550 2318 intrusum,
582 2259 624 2300 ex
655 2236 892 2319 Alexandrina,
925 2237 1007 2302 alios
1038 2240 1184 2305 intrusos
1214 2261 1258 2304 ex
1277 2237 1342 2302 aliis

236 2334 370 2400 sedibus
392 2333 528 2419 pepulit,
553 2343 584 2396 et
607 2357 662 2398 eas
685 2335 855 2399 catholicis
887 2334 1041 2401 reddidit.
1087 2337 1185 2401 Tunc
1210 2336 1343 2402 Alexan·

236 2432 366 2496 drinam
390 2431 501 2496 sedem
524 2434 648 2516 recepit
671 2432 862 2497 Timotheus
887 2432 1146 2518 Salophaciolus,
1172 2435 1215 2500 ad
1240 2433 1343 2498 Antio-

237 2528 376 2594 ahenam
400 2528 570 2593 ordinatus
593 2529 655 2592 fuit
677 2528 874 2614 Stephanus,
903 2540 936 2593 et
959 2532 1015 2616 qui
1039 2530 1195 2596 Basilisci
1222 2529 1342 2595 decreto
1401 2557 1402 2579 i

236 2635 444 2692 assenserant
484 2627 645 2712 episcopi,
693 2627 967 2711 subscriptionem
1009 2649 1102 2692 suam
1142 2635 1345 2694 revocarunt.

238 2725 362 2790 Verum
378 2723 513 2788 Acastus
530 2722 691 2807 CPtanus,
716 2727 773 2810 qui
792 2725 832 2788 de
856 2725 1037 2790 catholicae
1060 2725 1137 2790 fidei
1164 2727 1345 2792 defensioue

237 2833 271 2888 et
294 2820 532 2886 ecclesiasticae
565 2824 656 2907 pacis
687 2824 891 2887 restitutione
923 2823 1008 2888 hene
1039 2837 1216 2903 meruerat,
1241 2833 1343 2910 postea

237 2921 429 2986 ambitionis
452 2929 545 2984 aestu
575 2919 780 2985 incalescens
809 2943 928 3005 gravas
958 2921 1072 2986 turbas
1096 2933 1128 2985 et
1151 2922 1296 2986 schisma
1316 2921 1343 2982 in

239 3018 389 3084 Ecclesia
412 3019 580 3084 excitavit.
626 3019 704 3082 Post
727 3028 864 3084 mortem
897 3018 1053 3084 videlicet
1076 3019 1244 3084 Timothei
1267 3017 1345 3082 Salo·

240 3116 383 3202 phacioli
418 3115 625 3201 patriarchae
656 3116 876 3181 Alexandrini
909 3138 996 3182 anuo
1028 3117 1091 3181 481
1126 3117 1181 3182 vel
1214 3117 1288 3189 482,
1310 3113 1345 3178 ab

241 3215 419 3299 episcopis,
460 3212 607 3292 clericis,
641 3223 673 3276 et
714 3214 884 3278 monachis
929 3212 1099 3278 catholicis
1139 3213 1264 3278 electus
1293 3212 1345 3276 luit

240 3313 386 3376 Joaanes
409 3311 536 3377 Talaia.
560 3311 704 3376 Aeacius
726 3321 847 3392 autem,
872 3313 924 3375 vir
947 3310 1117 3396 superbus,
1141 3333 1278 3390 exosum
1300 3309 1345 3372 ha-

241 3407 342 3474 bebat
370 3409 534 3490 Talaiam‚
565 3431 585 3472 a
618 3431 681 3494 quo
715 3409 891 3495 aliquando
922 3409 1079 3476 honorem
1103 3410 1344 3474 convenientem

242 3506 306 3570 sibi
331 3517 486 3591 negatum
509 3506 737 3588 existimabat3
771 3507 858 3572 unde
881 3517 973 3572 tanta
997 3507 1135 3572 incaluit
1156 3505 1294 3584 invidia,
1316 3516 1345 3564 ut

243 3605 409 3670 Zenonem
432 3605 666 3690 Imperatorem
700 3606 916 3669 commoverit
944 3604 987 3668 ad
1017 3604 1236 3690 rejiciendum
1258 3601 1344 3667 Jour-

243 3725 319 3768 nem
343 3702 502 3784 Talaiam‚
534 3723 632 3788 quem
665 3701 809 3786 plurium
839 3704 1015 3768 criminum
1046 3701 1235 3782 accusabat,
1258 3695 1345 3764 etad

243 3800 482 3866 restituendum
506 3799 641 3864 Petrum
660 3800 829 3884 Mongum,
854 3821 951 3886 quem
976 3808 1073 3864 antea
1096 3809 1132 3864 ut
1155 3797 1346 3862 haereticum

244 3898 444 3984 ejiciendum
470 3907 652 3962 curaverat.
698 3897 798 3962 Brevi
823 3907 946 3984 posta.
970 3897 1037 3962 482
1061 3917 1126 3961 non
1150 3893 1346 3960 obstantibus

243 3996 406 4082 Simplicii
430 4017 536 4082 papae
550 3994 841 4076 admonitionibus,
856 3994 1001 4060 Aeacius
1023 4003 1195 4080 praetextu
1220 3987 1344 4056 uniendi

245 4093 495 4180 Mouophysitas
519 4115 596 4158 cum
620 4091 799 4158 Catholicis
821 4093 947 4158 Zanom
981 4101 1095 4156 auctor
1116 4090 1187 4170 fuit,
1212 4099 1248 4152 ut
1269 4089 1344 4152 stan·

245 4190 417 4256 didentum
441 4191 482 4256 de
504 4191 571 4257 fide
603 4191 758 4272 edietum,
784 4191 960 4256 Henotiooa
982 4187 1192 4274 appellatum,
1214 4181 1344 4274 promul·
