2806 4848
396 466 439 522 SS.
458 466 635 536 Hieronymus
653 471 682 522 et
698 465 823 521 Basilius
1115 464 1165 518 169

62 625 93 676 at
115 613 249 676 babeam
271 611 355 698 qood
386 612 531 688 noreiam,
564 631 656 695 mom
686 631 751 674 aare
775 608 904 672 labeum
925 608 1008 693 quad
1030 609 1166 686 veodam

62 711 114 774 rod
146 711 230 774 sicut
261 709 354 774 semel
386 720 496 774 ascuto
517 709 784 793 rorliateyraatnr,
817 708 866 770 ita
880 707 1064 793 frequenter
1094 715 1167 770 eota

61 808 233 872 solvuntur.

146 906 203 970 43.
229 903 262 970 S.
288 905 497 989 Hieronymus
528 905 562 966 in
595 901 710 968 lllotth.
742 903 781 966 16
814 902 975 968 disserens
998 901 1039 966 de
1063 921 1165 964 sacer·
1187 909 1208 952 ⁸-
1221 909 1323 958 metony-

62 1003 196 1066 dotibus
228 1003 370 1068 leviticis
393 1000 656 1066 discernentibus
691 1001 775 1064 inter
811 1000 935 1086 lepram
967 1010 999 1062 et
1031 998 1164 1083 lepram,
1228 981 1280 1010 Μ’

60 1103 122 1164 ait:
156 1097 215 1164 Sic
247 1112 276 1164 et
306 1101 355 1164 bic
387 1097 435 1186 (in
468 1099 508 1164 N.
541 1095 594 1184 Τ.)
625 1097 738 1183 alliqot
768 1097 817 1162 vel
839 1096 931 1162 solvit
952 1099 1113 1183 episcopua
1137 1106 1166 1160 et

56 1199 222 1284 presbyter
243 1220 307 1262 mou
330 1219 381 1262 eos
403 1197 458 1282 qai
479 1198 616 1260 iecorum
633 1195 682 1258 vel
704 1197 804 1273 eonii,
828 1195 883 1260 aed
898 1217 962 1280 pro
985 1193 1088 1280 officio
1112 1215 1166 1261 atto

59 1319 123 1358 eunt
141 1307 347 1380 peccatorum
378 1293 517 1360 audierit
547 1294 724 1371 uarietates,
755 1295 813 1358 scit
835 1295 889 1378 qai
910 1291 1055 1378 ti9mdm
1079 1292 1166 1376 quive

60 1392 238 1456 adtendas.
284 1392 406 1458 Notatu
439 1391 576 1476 dignum
605 1401 654 1454 est
686 1392 930 1456 commemorari
954 1410 974 1454 a
998 1389 1031 1456 S.
1054 1389 1166 1452 Hiero-

60 1512 160 1572 nymo
187 1511 255 1554 non
284 1487 367 1554 solos
394 1490 572 1574 episcopos,
597 1488 654 1552 sed
682 1491 781 1554 etiam
803 1487 1010 1574 presbyteros
1033 1490 1089 1573 qui
1112 1507 1166 1550 eu-

60 1588 156 1652 diunt
171 1597 383 1672 peccatorum
398 1589 573 1652 varietates
587 1609 627 1650 ao
641 1586 772 1652 solvunt
786 1586 838 1651 vel
853 1586 967 1671 ligant.
989 1623 1033 1634 --
1051 1586 1167 1650 Neces-

60 1689 191 1750 sitatem
227 1685 438 1750 confessionis
461 1683 684 1748 sacerdotibus
712 1684 882 1748 faciendae
921 1694 1029 1769 urget,
1046 1684 1167 1769 pariter

60 1781 306 1848 Commentario
331 1785 365 1846 in
389 1781 609 1846 Ecclesiasten
633 1781 675 1846 ad
699 1781 754 1848 illa
777 1781 879 1848 verba
892 1781 1017 1848 Eccles.
1043 1782 1094 1862 10,
1111 1783 1165 1846 11:

61 1882 111 1947 „Si
139 1880 356 1944 momorderit
378 1901 510 1966 serpens
533 1880 566 1944 in
591 1878 747 1944 occulto.“
781 1877 819 1943 Si
840 1903 927 1966 quem
949 1901 1076 1965 serpeus
1098 1878 1167 1942 dia·

59 1977 162 2053 bolue,
189 1975 319 2058 scribit,
345 1975 458 2042 occulte
473 1978 684 2054 momorderit,
705 1988 734 2040 ot
755 1977 843 2042 mallo
866 1979 986 2042 conscio
1010 1999 1077 2044 cum
1095 2000 1166 2061 pec-

58 2079 120 2139 cati
145 2098 266 2140 veneno
288 2075 451 2162 infecerit:
484 2076 512 2140 ei
544 2076 675 2138 tacuerit
707 2077 761 2158 qui
786 2097 954 2160 percussus
986 2085 1031 2140 est
1054 2085 1083 2138 et
1104 2096 1168 2138 aon

59 2175 158 2258 cuerit
176 2174 417 2260 poeaitentiam,
448 2195 505 2236 aec
527 2171 638 2238 votnm
667 2195 754 2236 msam
769 2173 875 2259 fratri
897 2185 927 2236 et
948 2174 1094 2258 maciaco
1118 2194 1166 2236 vo-

58 2271 155 2335 luerit
189 2270 339 2354 confiteri,
372 2271 520 2355 mactator
551 2273 604 2354 qui
636 2269 774 2354 linquam
806 2271 896 2336 babet
920 2271 963 2334 ud
985 2270 1166 2348 coroadam,

51 2370 155 2454 ,focile
182 2369 214 2430 ei
231 2367 380 2453 prodesse
402 2385 475 2432 'oca
493 2369 624 2452 poterit.
671 2365 708 2432 St
737 2369 820 2432 caim
846 2367 1003 2432 enitescat
1026 2379 1169 2456 oeyrotoe

58 2468 173 2531 mlum
196 2465 314 2528 medico
338 2466 486 2550 confiteri,
511 2465 592 2550 qood
618 2467 743 2550 iynorct
765 2466 929 2543 medicum,
952 2489 1014 2530 aona
1039 2464 1167 2552 coram).

145 2565 204 2628 44.
230 2563 270 2628 In
293 2563 446 2648 operibus
465 2562 630 2628 S..Basilii
655 2562 757 2628 multa
779 2574 963 2646 occurmnt,
988 2585 1071 2649 quae
1095 2585 1168 2627 con·
1188 2577 1210 2618 ⁸·
1226 2574 1324 2617 &aliua

57 2664 214 2728 fessionis
238 2662 463 2726 necessitatem
492 2669 649 2745 spectant,
683 2669 715 2724 et
746 2661 958 2726 confessionis
981 2683 1075 2726 usum
1099 2661 1168 2726 illu·

58 2771 175 2824 strant
203 2757 349 2823 Homilia
372 2761 406 2822 in
428 2757 481 2822 Ps.
506 2757 642 2822 XXXII
656 2759 723 2822 n.3
747 2757 791 2822 ad
812 2757 868 2822 illo
890 2759 1005 2824 verba:
1032 2759 1170 2843 „Diligit

57 2856 321 2922 misericordiam
345 2865 376 2920 et
394 2855 559 2942 judicium
575 2855 769 2936 Dominusr,
785 2856 925 2920 Basilius
940 2856 1066 2922 scribit:
1097 2857 1170 2922 Vult

57 2959 101 3020 tui
123 2955 276 3019 misereri
291 2953 404 3043 jude&
435 2964 521 3040 teque
552 2954 785 3016 miserationum
812 2978 939 3018 maurum
961 2955 1073 3040 fucere
1090 2978 1165 3039 pur·

2 3103 3 3140 3
57 3057 194 3140 ticipem,
215 3051 246 3114 st
263 3051 353 3114 modo
367 3063 443 3137 post
451 3061 614 3136 peccatu-m
631 3053 748 3137 reperit
769 3063 796 3114 te
818 3051 969 3130 tetradem,
994 3052 1168 3128 contritum,

53 3175 161 3235 paea
196 3171 295 3236 tmere
326 3147 452 3212 malama
485 3147 716 3232 deplorantem,
750 3173 787 3213 ac
810 3149 854 3214 ec‘
879 3173 956 3234 quoe
979 3147 1060 3212 olam
1074 3149 1170 3234 factu

1 3246 3 3261 ’
55 3260 126 3312 mut
162 3245 359 3330 euulyaatem
391 3247 470 3310 dtru
496 3246 664 3331 pudorem,
696 3258 855 3333 rogantem
878 3249 1013 3334 fratrea,
1047 3246 1104 3310 tibi
1134 3257 1170 3310 at

2 3403 3 3438 ,
54 3349 118 3409 sint
142 3343 327 3433 adjumento
351 3343 394 3408 ad
417 3343 632 3428 accipiendam
662 3343 820 3408 modelam.
853 3379 897 3392 -
925 3345 1052 3410 Pluries
1073 3366 1169 3429 porro

2 3497 3 3512 ,
55 3446 86 3508 in
111 3440 242 3528 regulis
266 3461 324 3526 pro
349 3440 518 3504 monachis
542 3450 573 3504 et
593 3439 790 3506 monialibus
814 3441 855 3506 de
879 3442 1081 3506 confessione
1103 3443 1169 3524 agi-

56 3595 269 3608 -.—-----

128 3693 150 3758 ¹)
173 3687 339 3756 Magistrum
357 3687 433 3740 illum
452 3686 496 3753 qni
515 3687 636 3756 lingnam
655 3688 735 3741 habet
754 3689 787 3742 od
807 3689 951 3742 curandum
964 3688 988 3742 S.
1007 3687 1168 3754 Hieronymo

53 3787 109 3826 eme
127 3767 308 3832 sacerdotem
318 3767 421 3821 nullum
430 3767 538 3822 dubium
550 3771 598 3822 est.
620 3767 747 3836 Magistri
758 3783 853 3822 nomen
863 3767 933 3822 enim
943 3767 999 3836 ipse
1012 3767 1076 3822 alibi
1089 3768 1130 3834 (in
1140 3767 1169 3821 11

54 3851 112 3918 iteg
142 3851 194 3903 aot
211 3848 251 3902 sic
278 3847 487 3914 interpretatur:
520 3847 581 3914 ,Ira
608 3855 700 3902 antem
725 3849 837 3902 Jnirites
856 3855 916 3902 eret
933 3849 1054 3902 sacerdos
1074 3849 1167 3908 David

53 3931 79 3984 id
96 3937 142 3984 est
163 3927 314 3996 maginem
333 3927 413 3982 sicuti
433 3927 498 3982 alibi
516 3929 645 3996 scriptum
658 3935 715 3982 est:
735 3928 798 3982 Filii
816 3935 907 3983 eutem
925 3929 1012 3982 David
1031 3935 1110 3984 eraut
1127 3945 1168 3982 sa·

54 4011 187 4072 remotes,
215 4008 243 4062 id
268 4013 310 4062 est
335 4006 460 4075 magistri
485 4007 600 4062 fratrum
627 4012 757 4062 surorum“
802 4009 929 4063 Advertit
955 4015 1046 4062 autern
1073 4008 1168 4064 merito

56 4089 157 4152 Frank,
180 4087 300 4156 apprime
318 4087 342 4140 S.
363 4086 555 4154 Hieronymum
568 4103 644 4142 usum
658 4087 780 4153 loquendi
800 4087 977 4142 Orientalium
995 4090 1108 4152 novisse,
1128 4093 1167 4141 at·

55 4185 102 4235 que
124 4169 280 4224 etiamnum
299 4167 369 4234 apud
387 4175 474 4220 sectas
493 4167 636 4220 orientales
649 4167 832 4236 presbyterum
850 4167 988 4236 speciatim
1007 4169 1049 4222 nti
1068 4168 1167 4223 conses-

55 4249 144 4302 sarius
165 4253 208 4304 est
227 4245 388 4315 magistrum
406 4247 543 4314 appellari.
562 4247 594 4300 V.
613 4241 704 4302 Frank
723 4249 739 4302 l.
759 4265 779 4302 c
799 4265 823 4317 p.
843 4251 903 4304 ¹³32.
