2810 4846
258 479 306 532 184
670 479 710 532 De
727 479 799 533 lacto
818 479 947 536 Nectarii.

255 633 300 684 est
322 622 489 699 Ecclesiae,
513 622 550 684 dc
581 623 775 708 promeritam
801 625 941 710 pcccatis
973 623 1186 687 sacerdotibus
1210 645 1353 710 perperos
1387 643 1388 706 ι

254 721 389 782 hominos
411 721 478 783 Deo
501 720 745 785 reconciliantur
758 722 981 808 confessionem
994 720 1126 806 socom
1148 722 1188 785 de
1212 721 1353 806 pentadio·
1387 749 1388 800 i

255 818 305 880 ais
329 839 399 880 nero
424 827 453 879 et
475 817 592 881 levidus
616 819 792 906 potibusque,
811 820 943 906 perrari
974 829 1046 882 suat
1069 821 1123 904 qui
1144 821 1275 884 inuicem
1294 841 1354 881 con-
1387 807 1388 894 l

246 913 420 999 sessionem
434 915 575 1001 fociant,
600 919 736 1004 exceptis
758 918 915 981 monachis
939 916 1050 1002 quiid
1073 917 1212 1002 quotidie
1228 917 1353 1004 fociant.

256 1051 299 1059 —
323 1013 414 1077 Haec
438 1021 545 1077 autem
572 1015 741 1096 confessio,
765 1037 849 1100 quae
864 1015 995 1079 fiebat
986 1016 1131 1078 invicem
1156 1023 1190 1077 et
1213 1035 1388 1099 coaequa·

256 1110 398 1176 libuset
421 1111 468 1175 illi
493 1113 669 1197 opponitur
692 1135 777 1198 quae
801 1112 1026 1177 sacerdotibus
1050 1111 1161 1194 fiebat,
1187 1133 1355 1176 sacramen·
1387 1105 1388 1186 l

256 1209 330 1273 talis
353 1230 422 1272 esse
446 1231 510 1273 non
534 1209 745 1297 potuis)...
772 1211 960 1276 Attamen
983 1209 1065 1274 haec
1089 1209 1270 1275 venialium
1292 1231 1355 1273 eon·

257 1307 353 1370 fessio
377 1329 396 1369 a
419 1307 589 1370 monachis
613 1307 713 1372 fiebat
736 1308 934 1394 quandoque
966 1307 1041 1372 solis
1065 1308 1299 1389 sacerdotibus,
1321 1306 1388 1370 ab

257 1406 297 1468 iis
329 1402 462 1486 scilieet,
495 1427 634 1490 quorum
658 1406 759 1470 dubia
791 1415 848 1469 aut
879 1406 976 1471 valde
1008 1407 1161 1470 timorata
1195 1417 1266 1472 erat
1295 1427 1356 1468 con·

258 1502 410 1565 seientia:
434 1513 595 1566 noverant
624 1505 722 1585 enim,
752 1503 957 1568 absolutione
984 1503 1163 1570 sacerdotis
1187 1505 1354 1591 pleniorem

216 1611 217 1615 ’
259 1598 523 1685 quotidianorum
561 1601 695 1664 istorum
733 1602 804 1665 fieri
841 1603 1076 1666 remissionem.
1131 1602 1165 1668 S.
1200 1601 1355 1686 Segolena,

258 1719 357 1783 quam
381 1697 496 1762 dicunt
519 1698 647 1762 saeculo
681 1702 817 1784 septimo
841 1708 899 1763 aut
926 1707 1041 1763 octavo
1065 1699 1259 1787 floruisse¹),
1282 1719 1355 1784 pres·

258 1796 373 1881 bytero
398 1795 557 1860 monacho
585 1821 693 1883 porco
715 1799 902 1882 minimoque
919 1809 1053 1883 peccota
1079 1799 1147 1861 sinc
1172 1797 1282 1885 φιίὸιιι
1302 1816 1357 1856 esre

258 1917 321 1957 noa
339 1915 514 1980 possumus,
539 1917 606 1957 cum
627 1897 740 1978 pronao
771 1895 919 1974 deessent,
944 1895 1120 1981 loo‘ymoas
1148 1896 1291 1982 consessa
1311 1903 1355 1955 cst.

260 1993 314 2056 Sic
338 1991 518 2055 venialium
542 1992 700 2056 confessio
716 1991 963 2056 sacramentalis
983 1991 1025 2056 ab
1040 1993 1270 2078 antiquissimo
1291 2003 1357 2053 tem-

260 2111 337 2174 pore
361 2090 480 2153 sensim
505 2089 668 2154 introduci
691 2091 827 2175 potuit.“

348 2188 400 2251 64.
427 2185 616 2271 „Confessio
641 2187 884 2252 sacramentalis
897 2186 1026 2252 saeculo
1043 2187 1103 2268 XI,
1129 2187 1195 2277 (uti
1211 2183 1355 2250 Mabillon

260 2283 424 2398 ostendit),
436 2295 471 2348 ut
487 2283 661 2371 plaerimcna
676 2285 784 2349 adhuc
808 2284 884 2349 solis
898 2285 1105 2369 gravioribus
1128 2283 1354 2362 reservabatur

134 2415 178 2456 ο..
179 2413 244 2455 snm
260 2393 367 2468 prouti
343 2383 441 2447 tide
474 2383 603 2447 saeculo
637 2391 752 2447 octavo
785 2391 921 2447 testatus
954 2390 1001 2446 est
1024 2383 1126 2464 Beda,
1161 2393 1195 2447 et
1219 2382 1259 2446 de
1281 2399 1353 2443 nono

119 2475 228 2576 ⁰21⁰⁰⁰¹⁰⁰
259 2483 363 2548 Jonas
391 2481 647 2546 Aurelianensis.
693 2481 815 2547 Scribit
802 2489 922 2544 tvero
955 2482 1135 2545 universim
1166 2481 1200 2546 S.
1226 2477 1353 2563 Alphen-

260 2603 315 2646 sus
338 2579 379 2643 de
402 2579 534 2664 Ligerio
558 2588 631 2664 post
653 2577 780 2665 ali0s⁸)
813 2601 909 2642 usum
933 2579 1110 2643 confitendi
1134 2575 1279 2642 venialis
1299 2595 1352 2638 non

262 2678 424 2741 exstitisse
448 2685 523 2740 ante
492 2674 713 2740 tsaeculum
737 2684 933 2741 octavum..
960 2676 1023 2740 ,Α
1038 2676 1169 2740 saeculo
1195 2685 1298 2739 autem
1313 2669 1352 2735 XI

262 2785 294 2837 ct
317 2772 472 2859 deinceps
510 2773 668 2838 confessio
709 2773 911 2858 singularum
948 2771 1248 2855 hebdomadarum,
1284 2789 1352 2856 quac

261 2871 361 2936 fiebat
392 2871 543 2936 multis'
535 2893 568 2934 ιιι
602 2873 815 2954 monasteriis,
848 2873 883 2937 in
916 2869 1058 2956 capitulo
1098 2891 1234 2956 nempe,
1268 2857 1388 2932 multo

261 2969 421 3055 frequent
414 2991 463 3032 rus
487 2968 731 3032 sacramentalis
761 2990 831 3033 esse
855 2970 971 3053 coepit.
1017 2967 1175 3032 Attamen
1201 2967 1388 3032 duruerat

262 3066 517 3146 sacramentalis,
543 3088 645 3152 usque
669 3067 712 3131 ad
736 3066 902 3130 saeculum
926 3067 1099 3130 minimum
1123 3065 1211 3129 XIII
1233 3043 1388 3150 plerum·

262 3187 326 3251 que
349 3164 449 3228 fiebat
471 3164 512 3228 ad
535 3163 676 3228 libitum.
723 3163 824 3230 Senot
811 3173 863 3228 tus
886 3165 974 3228 enim
999 3163 1230 3228 Franciscus
1222 3185 1254 3226 m
1275 3180 1351 3242 regu·

261 3263 301 3327 lis
325 3261 477 3325 Fratrum
502 3261 627 3326 nullum
643 3270 772 3348 tempus
786 3261 988 3348 praescribit,
1005 3283 1077 3324 eam
1100 3261 1244 3326 suadens
1265 3257 1350 3322 solum

262 3363 297 3424 in
320 3361 522 3425 necessitate.
567 3360 607 3424 In
639 3361 764 3446 Regula
796 3359 989 3425 Monialium
1022 3359 1054 3425 S.
1080 3358 1198 3424 Clarae
1234 3353 1350 3440 singulis
1387 3423 1388 3434 ἶ

263 3457 430 3522 mensibus
453 3457 688 3522 instituendam
705 3479 775 3522 esse
792 3457 882 3541 dicit,
898 3467 930 3521 et
945 3459 1052 3521 sexies
1076 3459 1110 3522 in
1133 3479 1221 3522 anno
1244 3471 1349 3520 maram

263 3556 543 3636 communionem
575 3556 610 3619 in
633 3554 759 3639 Regula
783 3555 924 3642 denique
957 3555 1192 3619 Tertiariorurn
1224 3575 1277 3619 seu
1298 3551 1349 3635 pio

337 3776 356 3848 ¹)
376 3775 425 3830 His
444 3781 534 3832 tamen
553 3776 712 3830 conferenda
730 3779 794 3830 sunt
822 3791 855 3830 sa
873 3791 941 3842 quae
959 3791 992 3830 ex
1004 3775 1029 3830 S.
1048 3775 1151 3830 Basilio
1169 3773 1310 3832 crunnus,
1325 3782 1349 3820 0¹

263 3856 358 3924 quibus
377 3855 471 3910 inferri
490 3871 566 3923 posse
584 3855 700 3921 videtur,
715 3855 761 3910 illo
774 3861 893 3923 tempore
911 3855 1007 3910 saltem
1026 3856 1096 3924 apud
1113 3853 1252 3910 monachos
1269 3857 1294 3906 et
1309 3863 1349 3902 nc

263 3935 348 3990 nieles
367 3935 395 3989 in
413 3949 464 3989 usn
482 3935 572 3999 fiisse,
591 3941 623 3989 ut
640 3941 810 4002 peccatorum
828 3935 996 3991 internorum
1013 3939 1042 3991 st
1059 3935 1228 4000 occultorum,
1246 3927 1349 4000 quemvis

266 4014 420 4079 venialium,
440 4015 622 4069 sacerdotibus
641 4014 718 4070 fieret
736 4015 872 4070 confusio.

337 4096 359 4164 ¹)
378 4096 447 4148 Acte
464 4093 515 4160 SS„
534 4095 603 4149 Julii
621 4101 684 4149 tom.
703 4094 736 4149 V.
755 4111 779 4164 p.
799 4097 859 4153 628.

337 4175 360 4243 ⁸)
377 4174 452 4228 Sulla
478 4174 592 4228 materia
619 4175 689 4230 della
715 4175 897 4230 communione
915 4175 1063 4243 frequente.
1086 4172 1222 4244 Apologia,
1238 4169 1304 4223 Tou.
1319 4161 1347 4216 ll

264 4269 289 4322 p.
310 4253 370 4308 ma
389 4253 485 4306 uonna
505 4254 581 4308 rasa.
