2936 4814
279 465 315 526 tt
633 443 674 526 Ile
692 467 760 528 Sede
776 465 897 526 mne
915 465 942 530 S.
959 466 1045 528 Petri.

280 617 394 698 nibus3
427 625 497 680 tum
530 615 571 679 de
603 616 699 679 Petro
732 623 765 679 et
786 613 889 679 Paulo
913 615 1012 678 etism
1040 614 1131 679 loeus
1154 637 1218 702 quo
1242 615 1402 682 obierunt

280 716 437 779 innuitur.
485 713 597 794 Quum
620 733 699 776 vero
724 713 805 776 dicit
828 708 864 788 ὃς
886 710 939 775 καὶ
954 709 1010 775 ἐπὶ
1032 711 1116 776 τέλει
1140 712 1174 777 ἐν
1195 712 1295 801 Ῥώμῃ
1308 713 1401 797 γενό-

278 833 382 892 μενος,
406 833 473 874 non
505 811 629 892 asserit,
662 819 742 874 tunc
774 812 918 895 primum
950 809 1145 895 Apostolum
1168 811 1310 875 Romam
1344 835 1401 876 ve·

280 911 376 990 nisse,
401 908 458 972 sed
477 919 552 994 post
580 931 619 971 eo
647 931 726 993 quae
750 910 846 994 prius
874 909 961 971 <licta
990 921 1062 972 suut
1091 933 1159 972 eum
1188 913 1309 974 Romae
1331 934 1401 974 uer-

279 1018 399 1070 santem
435 1007 630 1089 martyrium
667 1005 815 1070 subiisse.
871 1005 927 1070 Sic
966 1005 1080 1069 saltem
1123 1007 1206 1070 nihil
1239 1009 1321 1070 certi
1356 1030 1400 1070 ex

281 1103 424 1186 Origene
447 1104 544 1166 stetui
568 1113 684 1188 potest.

368 1203 422 1265 52.
446 1199 592 1263 Facilius
615 1203 714 1264 etiam
739 1201 947 1285 componitur
979 1223 1054 1264 oum
1079 1201 1207 1285 vulgari
1232 1205 1400 1267 sententio

280 1299 370 1362 locus
402 1298 435 1362 S.
468 1298 557 1362 Petri
590 1296 828 1362 Alexandrini:
879 1298 990 1360 Petrus
1023 1299 1243 1383 Apostolorum
1270 1303 1401 1386 primus

281 1420 372 1482 saepe
396 1395 629 1480 comprehensus
652 1407 682 1458 et
705 1396 865 1458 mistorliee
886 1395 1025 1458 traditus
1047 1397 1279 1482 ipuomiuiaque
1304 1397 1400 1483 offer·
1453 1425 1454 1440 ¹

281 1506 330 1556 tus
347 1504 506 1580 postremo
530 1493 650 1556 Romae
674 1492 840 1574 crucifixus
862 1491 948 1578 est')
976 1493 1102 1577 Scopus
1127 1494 1158 1558 S.
1183 1495 1272 1558 Petri
1298 1495 1399 1560 Alex.

280 1600 338 1672 cst,
362 1601 400 1654 ut
422 1597 554 1653 monost
576 1588 699 1669 fideles,
715 1591 910 1672 martyrium
925 1589 1060 1675 quidem
1084 1611 1159 1653 oum
1182 1591 1305 1674 gaudio
1331 1615 1399 1656 sus-

281 1688 482 1774 cipiendum,
498 1684 554 1750 sed
570 1707 636 1749 non
660 1685 744 1749 ultro
768 1685 992 1770 quaerendum
1018 1709 1101 1768 esoo3
1122 1696 1220 1773 atque
1235 1689 1400 1774 exemplis
1453 1725 1454 1732 κ

280 1785 415 1872 prolatis
443 1807 498 1848 eoo
522 1783 627 1848 docet.
673 1782 763 1846 Hinc
794 1784 944 1846 intexto
973 1782 1070 1848 allato
1095 1785 1136 1848 de
1159 1794 1307 1870 temporo
1332 1809 1399 1872 quo
1453 1785 1454 1816 ²

280 1887 424 1970 primum
447 1883 485 1947 B.
510 1882 626 1945 Petrus
636 1879 774 1943 Romam
800 1882 936 1962 venerit,
961 1879 1050 1944 nullo
1074 1882 1171 1946 modo
1195 1884 1314 1966 egitur,
1340 1885 1398 1947 srrl

220 2003 222 2007 ’
280 1993 408 2048 tuntum
433 1980 584 2060 edicitur,
615 1985 688 2062 post
718 1976 820 2040 multa
850 1975 915 2040 sliu
944 1999 1003 2063 pro
1027 1978 1158 2042 Christo
1182 1979 1320 2044 tolerata
1338 2007 1398 2068 po-

281 2092 391 2144 stremo
417 2099 492 2142 eum
515 2077 639 2139 Romae
663 2085 799 2138 mortem
824 2075 972 2140 subiisse.
1453 2133 1454 2160 ἶ

368 2177 422 2240 53.
446 2173 686 2238 Difficultatem
724 2193 801 2236 sane
845 2174 1002 2257 majorem
1040 2175 1176 2260 praebet
1211 2176 1267 2240 ille
1304 2176 1398 2240 locus
1453 2165 1454 2246 J

281 2274 457 2352 Luctantii,
488 2293 552 2356 quo
583 2271 727 2333 maxime
751 2269 875 2334 Herbst
901 2272 1031 2352 insistit,
1063 2281 1099 2334 ut
1129 2274 1278 2337 vindicet
1302 2297 1397 2338 suam

281 2371 477 2436 sententiam
501 2389 568 2453 qua
589 2377 688 2450 tenet,
712 2369 750 2432 Β.
774 2369 909 2431 Petrum
939 2369 999 2433 sub
1023 2369 1154 2433 Nerone
1178 2372 1319 2436 Romam
1344 2395 1398 2436 ve·
1453 2415 1454 2442 1

207 2534 210 2543 ,
282 2471 377 2551 nisse,
403 2467 514 2552 ibique
544 2475 620 2530 ente
650 2467 845 2549 martyrium
875 2464 917 2529 sd
941 2487 1105 2530 summum
1134 2489 1344 2553 perannum
1369 2481 1401 2533 et
1453 2505 1454 2580 ,

281 2566 406 2652 aliquot
438 2585 566 2628 menses
597 2561 790 2627 substitisse.
846 2562 970 2627 Scribit
1001 2565 1103 2647 igitur
1135 2565 1334 2630 Lactantius
1359 2569 1398 2630 de

282 2673 375 2728 mort.
399 2684 523 2748 perseo.
546 2660 585 2724 L.
609 2661 635 2725 1.
661 2681 688 2725 c.
713 2662 750 2723 2:
774 2661 934 2724 Extremo
959 2663 1146 2747 temporibus
1175 2663 1296 2727 Tiberii
1323 2662 1397 2728 Coo-

281 2764 373 2842 saris,
396 2771 432 2824 ut
454 2762 603 2845 cereptum
626 2757 763 2844 lepimus,
785 2758 940 2821 Dominus
962 2770 1068 2822 uester
1090 2760 1186 2825 Jesus
1212 2756 1358 2824 Christus
1380 2785 1397 2822 o

280 2860 418 2924 Judaeis
432 2858 588 2920 meriatur
609 2866 654 2918 cst
667 2865 743 2940 post
766 2855 848 2918 diem
864 2855 1014 2918 decimum
1029 2857 1247 2920 Koleudamuu
1261 2858 1398 2943 Aprilis,

280 2958 399 3022 duobus
422 2954 563 3018 Geminis
586 2953 781 3032 canalium,-
803 2976 871 3016 oum
892 2957 1115 3017 resurrexisset
1137 2953 1188 3016 clio
1212 2956 1304 3016 tertio
1329 2979 1398 3018 cou-

279 3055 420 3142 prepuuit
433 3051 606 3137 discipulos
629 3072 705 3136 quos
726 3061 824 3113 metus
839 3051 1119 3136 comprehensionis
1141 3055 1209 3140 ejus
1231 3051 1267 3112 iu
1280 3050 1398 3138 fraqam.

281 3161 434 3230 uerterat,·
457 3161 486 3213 et
508 3148 618 3212 diebus
641 3148 854 3234 quadraginta
884 3171 951 3210 cum
973 3149 1020 3212 uu
1043 3157 1247 3212 commoratus
1271 3151 1398 3234 operuit

281 3249 378 3312 corda
400 3270 504 3311 eorum
533 3257 563 3309 et
591 3247 766 3332 scripturas
788 3247 1014 3330 interpretat-us
1044 3258 1099 3324 est,
1132 3269 1211 3332 quoe
1234 3269 1330 3332 usque
1357 3247 1398 3310 od

281 3346 316 3410 id
341 3356 462 3431 tempus
484 3344 631 3408 obseruas
661 3354 692 3406 et
714 3343 872 3406 involutae
887 3343 1024 3428 fisemuut
1053 3344 1108 3430 (al.
1133 3342 1287 3429 fuerunt),
1313 3345 1396 3407 orrli·

280 3444 427 3528 statuitque
465 3463 516 3504 eos
549 3453 578 3505 et
609 3443 763 3504 iustruxit
795 3441 839 3504 ad
872 3439 1140 3526 praedicationem
1172 3443 1329 3528 dopmatis
1363 3467 1398 3506 or

281 3541 443 3604 doctrinae
467 3561 552 3617 uuae,
576 3540 746 3624 disponeris
770 3540 946 3602 testamenti
973 3541 1046 3602 aovi
1068 3539 1232 3602 solemnem
1255 3535 1396 3624 discipli·

280 3662 363 3702 riam.
417 3635 486 3708 Quo
515 3635 617 3724 officio
650 3635 768 3722 repleto
801 3637 1012 3700 circumvolvit
1041 3661 1109 3700 eum
1126 3635 1272 3722 procella
1296 3637 1395 3701 uubis.

283 3749 313 3800 et
339 3735 531 3800 uebtractum
554 3734 652 3798 occulis
665 3735 820 3797 homiuum
837 3735 948 3818 rapuit
961 3737 995 3796 iu
1019 3735 1144 3796 coelium.
1170 3734 1213 3796 Et
1235 3733 1311 3796 iuole
1335 3733 1395 3795 ‹lis-

281 3833 380 3920 eipuli
411 3834 465 3918 qui
497 3841 569 3896 tuuc
601 3843 692 3895 eruut
723 3831 876 3909 undecim,
910 3833 1079 3915 assumptis
1108 3833 1141 3893 iu
1166 3830 1266 3893 lomim
1289 3829 1395 3893 ,sulae

275 3932 453 4018 proditoris
467 3931 606 3996 Maeuia
629 3940 659 3994 et
669 3929 780 4006 Paulo,
805 3929 942 4014 dispersi
964 3939 1037 3992 eunt
1053 3951 1115 4015 per
1138 3949 1257 3992 omrem
1281 3939 1395 3991 ter-rom

281 4030 324 4094 ad
347 4029 539 4116 eouopelium
565 4027 829 4115 praedicundum,
862 4029 942 4091 sicut
972 4026 1041 4089 illis
1072 4027 1220 4112 mapister
1242 4027 1395 4090 Domiuus

279 4175 324 4184 ‹nn-
330 4173 492 4184 -na-u--ou--a

357 4243 377 4310 ¹)
397 4241 478 4298 Seno.
498 4241 531 4296 de
561 4239 661 4310 poenit.
692 4255 749 4294 mn.
769 4237 817 4294 IX.
836 4256 877 4308 sp.
898 4237 1019 4293 Harduin
1043 4239 1108 4296 Goll.
1129 4239 1207 4296 Cone.
1227 4237 1249 4292 1.
1269 4239 1318 4302 col.
1337 4240 1392 4292 230.
