2790 4812
208 501 260 557 398
485 504 525 559 De
543 503 696 562 Arianismo
714 519 745 560 ao
763 503 796 561 de
815 505 892 560 Oonc
911 503 1035 559 Nicaeno.

207 647 355 735 centum)
385 650 612 735 episcoporum
644 659 840 732 convocato,
865 649 983 714 Arium
1006 659 1040 712 et
1063 649 1135 736 ejus
1157 650 1336 736 opinionis

206 748 349 811 fautores
363 745 546 832 presbyteri
557 748 662 832 gradu
687 745 899 834 abdicavit1).
924 748 1000 812 Hac
1022 746 1063 812 de
1086 767 1122 811 re
1145 747 1224 812 dein
1251 745 1334 810 Ale-

206 843 335 909 xander
357 843 449 908 dedit
480 843 524 908 ad
548 847 719 911 universos
752 847 922 932 episcopos
945 843 1127 932 epistolam,
1152 866 1220 931 qua
1245 846 1335 930 ipsis

208 943 279 1006 Arii
312 951 345 1005 et
377 941 514 1006 Eusebii
547 945 750 1030 impietatem
784 943 967 1008 inauditam
1001 943 1185 1007 denuntiat.
1234 941 1336 1006 luter

207 1039 272 1104 alia
295 1038 424 1104 scribit:
451 1039 522 1122 ,Ac
545 1040 627 1104 mibi
652 1051 740 1105 carto
754 1043 790 1106 in
804 1043 915 1106 animo
939 1050 1009 1105 erat
1031 1040 1073 1104 de
1095 1039 1151 1104 illo
1175 1039 1333 1103 facinore

206 1139 338 1224 penitus
361 1139 545 1216 reticuisse,
570 1149 606 1202 ut
620 1139 691 1225 ejus
704 1137 796 1203 labes
815 1141 840 1202 si
856 1161 921 1225 quo
937 1139 1034 1203 modo
1058 1137 1127 1201 fieri
1152 1137 1333 1223 potuisset.

207 1239 292 1300 inter
324 1235 395 1300 illos
425 1235 530 1300 solum
564 1239 619 1322 qui
644 1236 687 1302 ab
712 1235 862 1301 Ecclesia
894 1237 1104 1301 desciverant
1126 1234 1230 1300 deleri
1255 1237 1334 1320 qui-

206 1337 317 1418 visset,
350 1353 392 1398 ne
425 1335 460 1398 in
492 1333 558 1426 alia
588 1333 661 1398 loca
693 1343 844 1420 evagata,
877 1334 1078 1421 simplicium
1102 1333 1334 1420 quorumdam

206 1455 302 1497 aures
332 1433 399 1496 suis
432 1431 584 1496 sordibus
616 1432 774 1497 inficeret.
822 1432 945 1496 Verum
977 1434 1133 1518 quoniam
1158 1429 1335 1495 Eusebius

206 1531 262 1616 qui
286 1551 375 1594 nuuc
397 1529 612 1594 Nicomediae
641 1532 817 1616 episcopua
839 1541 897 1614 est,
929 1533 1052 1617 quique
1082 1539 1186 1593 totum
1211 1526 1333 1592 Eccle-

206 1631 274 1694 siae
297 1635 417 1692 statum
442 1629 476 1691 in
501 1649 560 1692 sua
584 1649 684 1693 manu
721 1629 863 1714 positum
888 1629 1075 1710 arbitratur,
1100 1649 1202 1714 quum
1229 1651 1251 1691 a
1277 1649 1334 1691 ne·

206 1728 305 1809 mine,
330 1725 417 1812 quod
450 1723 622 1790 ecclesiam
656 1726 767 1810 Beryti
802 1725 992 1810 deseruerit,
1025 1726 1179 1812 quodque
1212 1725 1334 1790 oculos

206 1824 398 1910 cupiditatis
416 1833 449 1886 et
471 1823 662 1888 ambitionis
686 1841 764 1886 suae
778 1823 820 1888 ad
845 1825 1072 1910 episcopatum
1095 1822 1259 1887 ecclesiae
1274 1823 1333 1886 Ni·

207 1921 424 1986 comediensia
463 1920 682 1985 obtinendum
710 1921 877 2008 adjecerit,
918 1923 952 1986 in
986 1931 1020 1986 s'e
1053 1921 1332 1986 animadversum

206 2042 275 2085 esse
301 2018 433 2100 videat,
447 2021 583 2084 istorum
609 2021 707 2083 etiam
741 2021 798 2106 qui
825 2019 867 2084 ab
892 2019 1032 2084 ecclesia
1054 2018 1252 2084 defecerunt
1274 2041 1333 2106 pa·

206 2119 381 2182 trooinium
406 2117 559 2202 suscipit:
586 2127 622 2180 et
643 2117 685 2181 sd
709 2120 903 2204 omnesqui
927 2127 1004 2182 sunt
1026 2117 1151 2203 ubique
1175 2119 1331 2201 gentium

206 2215 330 2280 litteras
353 2214 496 2278 scribere
519 2224 666 2298 conatur,
681 2237 801 2300 eosque
817 2211 851 2280 in
873 2215 997 2280 eisdem
1021 2213 1238 2279 commendet
1261 2213 1332 2300 plu-

206 2315 336 2394 rimum,
361 2333 425 2398 quo
450 2313 618 2398 imperitos
650 2313 811 2399 quosdam
844 2314 878 2378 in
906 2314 1137 2398 gravissimam
1161 2311 1330 2376 baeresim

205 2410 402 2496 Christoque
426 2412 557 2496 penitus
580 2410 805 2475 adversariam
828 2411 954 2497 rapiat:
982 2431 1115 2475 necesse
1140 2410 1251 2474 habeo

206 2509 372 2572 silentium
406 2530 577 2594 rumpere,
602 2531 737 2595 remque
769 2509 865 2574 vobis
887 2509 1042 2574 omnibus
1075 2509 1331 2594 iudicareque

205 2629 272 2671 non
306 2607 402 2672 modo
435 2628 491 2670 eos
524 2608 580 2693 qui
614 2607 806 2671 defecerunt
838 2607 1023 2690 aChristo,
1057 2605 1332 2693 execrabiliaque

206 2705 309 2770 verba
342 2725 427 2790 quae
459 2725 572 2768 eorum
604 2704 749 2770 haeresis
781 2715 919 2792 usurpat
951 2706 1175 2790 cognoscatis,
1211 2727 1330 2768 verum

206 2805 305 2866 etiam
330 2803 357 2865 si
380 2803 463 2866 forte
486 2801 650 2866 Eusebius
682 2802 807 2867 litteras
840 2805 1016 2890 scripserit,
1050 2803 1093 2867 ad
1116 2823 1172 2866 eas
1197 2804 1332 2866 animos

206 2901 343 2964 minime
365 2899 553 2966 attendatis.
590 2899 676 2964 Nam
700 2902 917 2966 inveteratam
941 2923 1034 2966 suam
1057 2897 1330 2964 malevolentiam

205 2998 335 3063 silentio
359 2997 402 3061 ad
426 3007 555 3084 tempus
578 2995 729 3062 obrutam
748 2999 820 3085 jam
835 3021 895 3086 per
917 3002 996 3064 istos
1020 3019 1180 3064 renovare
1205 2997 1331 3072 studet,

206 3105 239 3160 et
269 3095 347 3160 licet
378 3095 587 3160 simulatione
618 3095 763 3181 quadam
794 3119 875 3184 prae
907 3119 941 3162 se
974 3097 1058 3161 ferat
1086 3115 1201 3160 sorum
1226 3117 1331 3160 cause
1393 3087 1394 3106 ¹

205 3194 330 3258 litteras
362 3192 515 3276 scribere,
549 3215 584 3256 re
615 3203 726 3258 tamen
749 3196 821 3280 ipsa
853 3194 1000 3260 declarat
1021 3195 1208 3281 perspicue,
1233 3215 1271 3256 se
1296 3193 1331 3256 in

205 3315 275 3356 rem
298 3313 391 3356 suam
415 3292 499 3356 serio
523 3290 611 3354 istud
633 3293 761 3376 agere.“
786 3329 830 3340 -
853 3293 1002 3380 Exponit
1024 3293 1102 3357 dein
1117 3291 1190 3355 Arii
1216 3290 1331 3354 baete

206 3392 282 3472 sim,
307 3410 515 3475 erroremque
542 3411 654 3453 nouum
677 3411 761 3473 esse,
785 3401 831 3474 et,
856 3391 945 3478 quod
968 3400 1083 3456 notare
1101 3389 1211 3477 juvat,
1236 3391 1330 3454 teca-

206 3489 307 3552 ditum
329 3489 364 3552 ia
387 3487 530 3552 Ecciada
552 3485 728 3552 luculentis
742 3489 855 3554 verbis
878 3491 1004 3556 asserit.
1027 3527 1072 3536 -
1098 3487 1199 3573 „Ario
1216 3489 1330 3572 igitur,

206 3585 330 3669 scribit,
355 3595 388 3649 et
419 3585 490 3671 ejus
523 3584 716 3668 fautoribus,
740 3587 797 3672 qui
822 3589 883 3652 ista
913 3595 1064 3652 asserunt
1086 3596 1120 3650 et
1141 3584 1184 3650 de
1208 3584 1329 3650 iisdem

206 3693 274 3748 tam
298 3683 483 3768 impudenti
507 3704 562 3746 ore
584 3681 773 3768 loquuntur,
805 3707 872 3750 una
896 3684 1060 3750 cumillis
1083 3685 1141 3771 qui
1165 3684 1239 3770 ejus
1261 3684 1330 3768 opi·
1392 3749 1393 3752 ,

206 3781 299 3846 nioni
322 3781 554 3863 assentiuntur,
578 3802 639 3844 nos
671 3801 748 3846 cum
771 3781 846 3848 aliie
874 3782 943 3848 fere
967 3792 1100 3848 centum
1124 3779 1273 3866 Aegypti
1298 3789 1331 3842 et
1392 3801 1393 3820 ¹

207 3879 335 3963 Libyae
359 3878 522 3964 episcopis
546 3879 580 3942 iu
610 3899 714 3943 unum
738 3882 974 3946 convenientes
1001 3877 1179 3945 anathema
1202 3877 1329 3943 denun-

206 3977 336 4041 tiamus.
371 4027 378 4040 .
413 4027 420 4041 .
446 3975 530 4056 Quis
552 3997 700 4062 unquam
722 3976 803 4042 talia
826 3978 980 4043 audivit?
1008 3987 1066 4042 aut
1088 3979 1164 4064 quis
1186 3985 1246 4058 est,
1271 3977 1328 4062 qui

208 4075 234 4136 si
253 4073 325 4160 jam
349 4072 489 4156 audiret,
512 4096 578 4138 non
611 4097 651 4138 ea
672 4083 832 4162 tanquam
863 4075 996 4141 insolita
1019 4085 1053 4140 et
1074 4073 1250 4161 peregrina
1274 4073 1328 4138 ob·

282 4277 302 4347 ¹)
320 4275 391 4330 eoo.
410 4275 426 4331 1.
446 4277 468 4331 1.
485 4291 508 4329 c.
527 4279 551 4330 6.
