2790 4812
456 509 632 568 'Constantini
650 510 772 570 victoria.
1122 517 1175 572 385

145 657 197 722 at.
219 654 353 720 Interea
384 665 489 721 status
521 655 675 742 politicus
707 678 816 722 rerum
845 656 1005 743 paulatim
1030 669 1174 727 mutatus

71 765 119 818 est
160 753 259 820 Anno
283 753 349 820 305
377 751 528 818 Calatinos
550 754 670 836 effecit,
694 763 732 818 ut
754 753 981 822 Diocletianus
1004 767 1037 822 et
1051 757 1174 824 Hereu-

71 851 123 916 lios
144 875 176 917 aa
199 853 339 938 imperio
362 849 569 933 abdicarent,
602 851 722 936 hicque
750 853 785 916 in
810 849 1037 938 Campaniam,
1061 855 1116 920 ille
1140 859 1173 921 in

72 949 258 1016 desuam
274 971 309 1014 se
323 948 367 1014 sd
383 950 486 1013 vitam
500 950 666 1034 privatam
680 947 861 1033 gerendam
875 951 1070 1019 conferrent.
1101 953 1174 1034 Quo

71 1047 153 1130 luto,
180 1047 333 1113 Galerius
355 1057 386 1110 et
412 1043 616 1111 Corratante'us
637 1043 770 1114 Chionen
792 1045 986 1131 proclamati
1009 1061 1085 1116 sunt
1107 1051 1174 1116 Au-

70 1147 154 1228 gusti.
199 1143 287 1210 Cum
319 1143 533 1209 Constantius
566 1153 682 1228 sponte
715 1166 775 1208 sua
803 1141 921 1228 Gallia,
945 1147 1120 1214 Britannia
1143 1155 1175 1214 et

72 1241 219 1328 Hispania
243 1252 329 1308 esset
352 1249 544 1322 conantia,
569 1239 722 1306 Galerius
746 1239 829 1306 duos
857 1247 983 1308 creavit
1006 1244 1173 1336 Caesares,

70 1361 174 1426 nempe
197 1338 346 1405 Menam
369 1339 424 1402 oui
445 1337 579 1403 Italiam
602 1347 634 1404 et
653 1337 813 1422 Africam,
837 1349 870 1404 et
883 1341 1098 1408 Mocimiaam
1120 1344 1174 1408 eui

71 1437 227 1504 Orientem
251 1436 619 1521 commisit3111yricum
643 1457 721 1501 vero
737 1436 914 1503 Thraciam
938 1448 971 1504 et
983 1439 1100 1506 Asiam
1117 1443 1171 1507 mi·

69 1557 169 1602 norem
200 1535 266 1600 sibi
297 1535 491 1600 reservavit.
537 1533 636 1600 Anao
670 1533 736 1600 306
760 1533 952 1601 Constantio
978 1535 1097 1604 Chloro
1121 1539 1174 1604 de-

68 1632 179 1716 functo,
206 1631 435 1698 Quanam
457 1633 528 1718 ejus
551 1653 594 1696 ex
617 1630 746 1696 Helena
769 1631 872 1716 lilius,
896 1657 1050 1721 suprema
1072 1640 1175 1723 patris
1184 1663 1338 1704 comarum

69 1730 226 1796 volontate
248 1741 282 1796 et
305 1729 459 1797 militium
489 1731 646 1815 suffragio
669 1729 842 1816 Augustus
865 1732 1024 1799 salutatus
1047 1745 1105 1818 est,
1129 1745 1174 1800 at·
1247 1723 1274 1765 ¹⁴

68 1851 125 1914 qne
144 1827 221 1895 inde
244 1828 288 1894 ab
312 1830 407 1894 initio
432 1827 574 1892 subditis
589 1828 742 1892 eamdem
765 1850 865 1915 quam
888 1839 983 1915 pater
1005 1831 1174 1918 religionis

67 1925 240 1992 libertatem
273 1927 445 1992 concessit.
489 1923 618 1990 Eodem
650 1947 738 1990 anno
763 1926 951 1992 Maxentius
982 1927 1070 1993 filins
1093 1929 1174 1994 Her·

68 2023 137 2088 eslii
158 2023 327 2112 quondam
349 2023 493 2109 Augusti
525 2023 650 2090 Romae
678 2023 863 2109 Imperator
884 2028 1091 2092 renuntiatus
1115 2037 1173 2110 est,

68 2124 116 2208 qni
138 2123 259 2190 Severo
283 2121 415 2187 devicto
447 2131 548 2208 atque
580 2123 687 2186 occiso
720 2129 754 2186 et
776 2119 909 2186 Galerio
937 2123 1035 2190 Italia
1058 2125 1173 2210 ejecto,

68 2219 187 2286 ltaliam
218 2229 253 2286 ct
284 2219 435 2285 Africam
467 2219 532 2285 sibi
564 2219 715 2306 subjecit.
769 2219 960 2286 Maxentius
990 2223 1174 2290 rationibus

69 2318 198 2404 politicis
231 2328 359 2401 motus,
382 2319 498 2404 primis
530 2319 661 2404 imperii
693 2317 744 2382 sui
777 2319 872 2383 annis
902 2320 1173 2406 tranquillitatem

69 2438 125 2502 qna
146 2417 327 2484 Christiani
352 2418 386 2482 in
404 2415 502 2482 Italis
525 2425 559 2481 et
571 2415 688 2480 Africa
705 2417 778 2502 jam
801 2415 997 2482 fruebantur
1019 2440 1086 2484 non
1109 2429 1174 2485 tnr-

69 2513 159 2598 bsvit,
182 2525 298 2603 postea
320 2536 398 2580 vero
422 2537 478 2580 eos
501 2513 790 2580 vehementissime
812 2525 1004 2600 persecutus
1026 2528 1085 2583 est.

144 2615 198 2680 38.
221 2613 322 2679 Anno
332 2611 597 2692 310Herculius,
608 2613 862 2698 conspirationis
872 2614 907 2678 in
919 2613 1172 2682 Constantinum

69 2713 239 2794 anricus,
255 2721 393 2776 mortem
408 2713 479 2797 ipse
502 2709 566 2776 sibi
589 2709 751 2794 adscivit3
780 2709 933 2777 Galerius
947 2712 1043 2778 foedo
1058 2714 1172 2779 morbo

69 2829 230 2890 prensans
253 2833 284 2874 a.
308 2810 372 2874 311
408 2808 541 2874 decreta
572 2817 686 2873 contm
710 2807 914 2874 Christianos
937 2813 1116 2894 revocavit,
1141 2821 1174 2876 et

68 2907 154 2988 paulo
176 2918 251 2994 post
273 2909 374 2972 etiam
398 2908 532 2992 propria
555 2927 657 2972 manu
680 2929 715 2970 se
738 2906 913 2972 interfecit.
943 2907 1173 2973 Diocletianus

69 3003 195 3088 ignobili
218 3015 323 3072 morte
347 3007 529 3070 exstinctus
552 3015 603 3069 est
623 3027 654 3069 a.
678 3005 754 3070 313.
778 3043 821 3052 -
835 3005 1025 3070 Maxentius
1048 3007 1173 3071 interea

70 3098 273 3170 Constantino
298 3102 422 3168 bellum
445 3101 577 3185 indixit,
611 3105 706 3189 quasi
729 3111 867 3168 mortem
889 3105 993 3189 patris
1016 3105 1068 3168 sui
1091 3103 1172 3170 Her-

69 3199 135 3264 oslii
167 3201 306 3266 ulturus.
352 3200 589 3266 Constantinus
621 3222 700 3264 voro
732 3211 770 3264 ut
800 3199 894 3264 illum
926 3203 1119 3287 reprimeret
1141 3213 1174 3266 et

69 3295 221 3364 Romanam
234 3299 277 3364 ab
301 3299 373 3386 ejus
397 3299 573 3384 tyrannide
592 3297 757 3380 liberaret,
781 3301 963 3363 exereitum
986 3301 1021 3364 in
1041 3297 1171 3364 Italiam

69 3391 162 3480 duxit,
185 3400 311 3484 primas
334 3397 518 3462 advenarii
533 3397 645 3483 copias
663 3396 707 3461 ad
721 3396 889 3460 Veronam
912 3397 1007 3481 fudit,
1031 3419 1071 3462 ac
1095 3397 1171 3462 dein

69 3515 134 3560 cum
147 3497 295 3560 axamito
309 3497 445 3581 propius
467 3495 607 3562 Romam
631 3495 797 3581 profectus
811 3505 860 3558 est
874 3494 918 3582 (a.
932 3495 1023 3583 312).
1047 3495 1171 3560 Verum

69 3596 201 3660 mouens
223 3595 406 3660 exereitum
429 3616 526 3659 suum
550 3616 621 3658 esse
647 3593 745 3678 longe
766 3593 954 3658 inferiorem
978 3595 1082 3678 copiis
1105 3593 1173 3658 Ma·

70 3693 170 3774 rentii,
196 3713 297 3778 seque
319 3691 427 3756 altiori
451 3691 575 3756 anxilio
608 3696 743 3756 omnino
767 3689 927 3776 indigere,
952 3715 986 3755 se
1011 3692 1174 3756 convertit

70 3787 105 3850 sd
124 3789 215 3854 illum
239 3791 376 3854 unicum
400 3810 515 3854 verum
538 3789 649 3854 Deum
682 3787 777 3873 cujus
800 3789 995 3873 protectioni
1018 3810 1174 3874 prospera

72 3889 159 3968 patris
190 3889 242 3952 sui
274 3887 343 3952 fata
373 3885 585 3952 attribuebat.
632 3883 773 3950 Coelesti
804 3887 931 3950 visione
955 3886 995 3950 de
1018 3908 1172 3973 prospero

72 3977 135 4046 belli
165 3986 259 4049 exitu
291 3985 471 4050 instructus
504 3985 677 4048 victoriam
711 3983 752 4047 de
776 3983 945 4047 Maxentio
973 3983 1016 4048 ad
1039 3993 1172 4069 pontem

73 4076 208 4146 llilvinrn
233 4082 354 4148 retulit.
391 4082 581 4148 Maxentius
605 4081 757 4146 devictus
780 4091 812 4144 et
835 4083 870 4145 in
892 4079 1050 4162 Tiberim,
1074 4102 1171 4166 quern

73 4178 207 4262 trajicere
231 4180 422 4264 conabatur,
446 4179 557 4267 lapsus
581 4181 695 4266 periit3
729 4177 965 4244 Constantinus
993 4199 1071 4242 vero
1096 4178 1173 4244 inde

73 4273 186 4342 abhoc
208 4289 355 4366 tempore
379 4278 592 4344 christianam
616 4277 808 4360 religionem
833 4278 998 4363 professus
1021 4286 1079 4342 est.

109 4393 229 4448 suf-2„
245 4398 418 4440 ommam
1032 4381 1068 4436 tt
