2806 4848
249 461 299 514 112
421 456 461 510 De
480 457 625 514 Arianismi
644 459 820 516 decrementa
838 478 870 516 ac
887 463 921 517 de
936 461 1018 520 Oonc.
1039 464 1187 520 CPtanoI.

248 603 327 688 quia
358 599 512 686 sperabat
543 600 612 665 fore
645 613 682 666 ut
713 604 913 670 orthodoxae
945 607 1022 672 fidei
1060 612 1282 675 consentirent
1302 649 1336 658 —

249 701 332 780 Quis
355 698 556 784 praesederit
579 699 657 764 huic
682 699 830 766 Concilio
853 702 943 768 baud
968 715 1055 769 certo
1079 717 1214 773 constat
1257 707 1337 770 llolti

247 807 381 866 censent
412 797 517 882 primo
550 798 753 882 praesedisse
785 801 974 883 Meletium3
1008 816 1081 888 post
1113 805 1183 890 ejus
1219 818 1337 870 mortem

246 895 449 982 praesedisse
465 893 660 979 Gregorium
681 898 928 963 Naziannenum
952 902 1009 985 qui
1033 901 1157 966 interea
1171 903 1340 967 solemniter

246 996 418 1080 episeopus
443 991 595 1058 OPtanus
619 997 815 1060 constitutus
838 1007 924 1079 erat3
948 997 1025 1062 dein
1048 1020 1127 1064 vero
1151 1023 1252 1087 quum
1273 999 1338 1064 Gre·
1382 1039 1383 1058 r

245 1094 357 1178 gorius
379 1090 477 1178 paulo
501 1103 575 1176 post
605 1093 675 1157 sedi
700 1092 777 1156 huie
800 1096 1028 1178 renuntiasset,
1060 1099 1260 1182 praesedisse
1281 1099 1340 1185 ejus

246 1211 466 1256 successorem
488 1189 690 1254 Nectarium.
736 1191 821 1258 Sunt
850 1195 949 1257 etiarn
979 1195 1035 1280 qni
1059 1197 1259 1278 existimant,
1280 1207 1340 1282 post

246 1289 442 1374 Gregorium
473 1287 675 1372 praesedisse
697 1288 908 1354 Timotheum
941 1291 1216 1376 Alexandrinum,
1239 1295 1283 1358 uti
1303 1315 1339 1356 rs·

246 1389 310 1454 fert
332 1390 532 1454 sozomenus
555 1385 645 1471 (VII.
672 1385 714 1472 7),
740 1387 976 1452 ethctarium
1001 1399 1128 1455 tantum
1152 1391 1339 1477 praesedisse
1382 1453 1383 1476 p

245 1497 320 1574 post
342 1507 427 1566 eum,
451 1483 505 1548 vel
519 1482 644 1568 aliquot
663 1484 972 1568 congregationibus
993 1485 1116 1552 babih's
1130 1488 1263 1573 Synodo
1280 1491 1338 1576 jam

247 1585 391 1652 dimissa.
415 1582 570 1646 Attamen
593 1581 776 1646 Concilium
793 1604 918 1646 canone
941 1585 981 1648 3⁰
995 1585 1209 1651 Patriarchae
1223 1586 1340 1652 OPtsno

247 1680 457 1768 privilegium
480 1679 612 1743 honoris
647 1690 720 1763 post
743 1680 937 1755 Pontificem
962 1681 1149 1748 Romanum
1184 1685 1339 1751 concessit.

247 1781 393 1865 adeoque
427 1776 524 1842 relde
556 1775 725 1862 probabile
758 1787 815 1859 est,
840 1788 912 1863 post
935 1779 1131 1865 Gregorium
1155 1782 1341 1867 praesedisse

248 1877 394 1943 Concilio
418 1877 489 1961 ejus
512 1895 733 1938 successorem
755 1875 957 1942 Nectarium.

151 2049 156 2058 Ι
212 1997 235 2027 ιε
333 1975 387 2041 40.
411 1974 522 2039 Prima
555 1971 680 2056 Synodi
711 1971 895 2038 sollicitudo
928 1975 1006 2056 fuit,
1037 1987 1076 2038 ut
1106 1977 1178 2042 sedi
1204 1977 1340 2042 OPtanse

151 2059 203 2089 ''⁸¹¹'‘
246 2077 418 2160 episeopus
442 2068 622 2135 catholicus
652 2073 912 2136 constitueretur.
958 2073 1097 2136 Maximi
1129 2073 1249 2159 Cynici
1271 2073 1341 2139 ordi-

246 2174 335 2238 natio
360 2171 452 2235 irrita
474 2167 641 2232 declarate
669 2179 735 2250 est3
769 2168 846 2234 dein
870 2191 948 2234 vero
972 2173 1070 2235 enixe
1093 2193 1209 2237 omnes
1232 2173 1340 2258 flagito

246 2278 365 2335 verunt
396 2290 416 2331 a
448 2266 481 2333 S.
505 2265 663 2350 Gregorio
695 2266 923 2348 Nazianzenm
957 2278 994 2332 ut
1025 2270 1096 2354 ipse
1129 2273 1340 2356 episcopatum

245 2368 333 2434 illius
371 2366 515 2429 civitatis
551 2365 724 2449 acciperet.
779 2363 958 2449 Gregorius
993 2375 1067 2452 post
1103 2367 1339 2433 haesitationem

244 2467 424 2551 longiorem
449 2463 545 2526 cessit
568 2461 719 2547 precibus
733 2462 879 2544 Petrum,
905 2465 1047 2528 maxime
1079 2463 1200 2530 ductos
1223 2489 1260 2530 ea
1281 2485 1338 2550 spe,

245 2563 313 2628 fore
338 2573 373 2626 ιιι
409 2560 551 2625 schisma
588 2558 833 2624 Antiochenam
871 2561 913 2624 ad
951 2562 1050 2626 linem
1088 2562 1254 2628 adducere
1281 2583 1338 2648 pos·

246 2675 304 2728 set.
327 2699 369 2709 --
392 2660 519 2724 Paucos
543 2667 616 2741 post
644 2657 714 2722 dies
738 2656 837 2723 GPoli
870 2669 1017 2723 mortuus
1041 2669 1091 2724 est
1111 2659 1265 2726 Meletius
1286 2659 1340 2724 Ao-

245 2760 426 2840 tiochenus,
457 2758 552 2842 eique
583 2763 619 2818 ut
650 2756 720 2818 viro
749 2766 861 2820 sancto
891 2756 1022 2822 ultimos
1054 2757 1197 2822 honores
1228 2759 1340 2841 magnis

246 2880 321 2923 cum
345 2856 502 2922 encomiis
533 2854 646 2918 Patres
678 2853 895 2939 perfecerunt.
941 2853 1120 2919 Insistebet
1148 2876 1246 2942 porro
1274 2853 1339 2918 Gre-

245 2957 370 3041 goriusp
389 2955 446 3040 qui
469 2963 548 3016 tanc
572 2951 705 3035 Synodo
729 2952 948 3036 praesidebat,
978 2963 1016 3016 ut
1037 2954 1071 3017 in
1094 2952 1207 3020 locum
1230 2953 1337 3018 hleletii

245 3054 335 3120 haud
358 3073 464 3118 novus
487 3049 660 3135 eligeretur
683 3051 865 3135 episcopus,
889 3051 957 3134 sed,
980 3061 1019 3115 ut
1040 3073 1115 3136 pars
1134 3051 1260 3116 Meletii
1281 3051 1338 3136 jam

244 3150 419 3216 Paulinum
454 3158 654 3234 agnosceret.
701 3146 746 3211 At
778 3149 924 3233 episcopi
950 3148 1100 3234 juniores
1130 3147 1270 3214 Consilii
1302 3167 1339 3210 re·

245 3251 405 3330 stiterunt,
430 3270 471 3311 ne
490 3243 770 3327 Occidentalibue,
794 3246 850 3330 qui
875 3269 949 3309 eum
973 3246 1111 3311 Penlino
1135 3245 1339 3312 communica·

245 3356 370 3426 verant,
388 3345 503 3409 cedere
518 3344 718 3408 viderentur.
754 3341 834 3406 Mox
848 3345 947 3408 etiam
971 3343 1057 3409 alios
1076 3343 1219 3409 Concilii
1240 3343 1339 3408 Patres

245 3445 287 3511 ad
319 3464 410 3509 suam
444 3443 631 3527 opinionem
663 3449 901 3526 pertraxerunt,
935 3451 1033 3528 atque
1056 3444 1103 3506 ita
1124 3441 1169 3506 ab
1192 3437 1339 3527 episeopis

246 3543 403 3608 dioecesis
439 3539 666 3604 Antiochense
705 3548 737 3602 et
769 3538 868 3603 Asiae
900 3537 1080 3604 Flavianus
1115 3538 1285 3624 presbyter
1312 3535 1337 3596 in

245 3659 464 3706 successorem
489 3636 613 3702 Meletii
638 3636 761 3701 clectus
784 3659 823 3700 ac
852 3635 995 3701 schisma
1019 3636 1100 3701 illud
1124 3638 1338 3701 continuatum

246 3749 303 3803 est.
349 3737 494 3802 Maxime
518 3735 580 3798 hac
604 3734 702 3798 dere
727 3733 830 3798 doluit
853 3733 887 3798 S.
910 3733 1089 3820 Gregorius
1111 3733 1338 3800 Nazianzenus

240 3838 377 3923 jamque
391 3833 511 3898 exinde
535 3832 708 3897 eonsilium
732 3833 820 3918 cepit
843 3831 1022 3896 abdicandi
1045 3831 1158 3896 sedern
1173 3831 1338 3898 GPtanem.

247 3933 357 4015 Quum
381 3952 458 3996 vero
482 3941 649 4015 praeterea
672 3931 817 4016 episcopi
843 3929 989 4016 Aegypti
1015 3929 1150 3994 CPolim
1174 3928 1336 3994 advenien-

243 4045 292 4097 tes
307 4027 517 4096 difficultates
540 4038 710 4092 moverent
733 4038 845 4093 contra
868 4027 938 4113 ejus
961 4026 1180 4092 elevationem
1201 4025 1242 4092 ob
1256 4023 1336 4088 ratio·

243 4153 302 4199 nes
340 4129 533 4208 canonicas,
573 4126 666 4190 brevi
708 4135 781 4211 post
823 4146 932 4190 coram
975 4123 1109 4209 Synodo
1147 4119 1335 4212 episcopatui

244 4229 377 4297 OPtsno
401 4225 611 4298 renuntiavit,

462 4445 476 4480 s
1382 4407 1383 4472 l
