2900 4800
516 457 630 514 Honorii
647 457 784 526 subulae
1155 458 1208 512 411

180 599 235 664 39.
260 598 365 664 Habet
388 609 491 664 autom
513 611 544 666 et
560 602 646 666 oireo
659 601 881 684 fiameodom
903 601 1039 688 epistole
1060 603 1122 666 eie:
1146 600 1214 684 ,Et

92 696 228 782 quidam
259 705 420 783 qnantum
452 696 496 764 ad
529 699 757 766 instruendam
784 699 937 766 notiam
959 699 1210 784 ambigentium,

92 795 319 865 oneratura
342 795 539 862 fraternitati
555 805 692 878 veebae,
709 819 856 883 peream
871 796 1105 862 insinuandam
1120 815 1212 882 prae-

92 892 250 960 vidimus.
285 889 439 961 Ceterum
462 903 623 978 quantum
645 895 690 960 ad
714 895 834 980 dogma
857 893 1117 960 eoelesiastionm
1140 915 1213 978 per·

92 991 192 1069 duat,
216 1011 302 1076 quaa
325 998 437 1058 tenere
459 991 514 1056 vel
536 991 727 1078 praedicare
750 991 911 1059 debemus
932 999 1067 1078 propter
1088 990 1213 1077 simpli-

93 1089 229 1155 eitatem
251 1085 434 1170 hominum,
458 1097 492 1156 et
526 1090 748 1176 amputandas
782 1088 1029 1156 inextricabiles
1050 1089 1212 1176 quaestio·

92 1205 174 1252 num
197 1184 364 1270 ambages,
388 1187 474 1252 siout
494 1189 645 1273 superius
667 1187 823 1271 diximus,
836 1209 903 1252 non
925 1208 1028 1254 unam
1050 1186 1105 1253 vel
1128 1186 1214 1252 duaa

93 1284 300 1369 operationes
331 1285 366 1348 in
398 1283 579 1350 mediatore
602 1285 667 1350 Dei
700 1295 734 1350 et
762 1285 933 1351 hominum
958 1283 1115 1366 definire3
1152 1283 1213 1350 sad

92 1384 456 1466 eoasqeeoaaeasto
488 1405 550 1450 arse
579 1381 702 1450 Christo
725 1386 847 1450 seiton
879 1383 1026 1449 oabeali
1047 1381 1215 1468 copadetoe
1308 1435 1312 1444 .

92 1503 161 1546 wat
184 1479 317 1544 alterim
340 1481 552 1546 οοιιιιιιιιιιίοιιι
566 1483 733 1568 operantes
748 1492 840 1567 neque
853 1481 1051 1567 operata-ires
1072 1479 1215 1564 ooofitm'

93 1578 260 1659 deboram
282 1589 313 1643 ot
336 1579 479 1646 divinem
500 1579 638 1664 quidem,
661 1601 741 1666 quoe
754 1580 819 1644 Dei
841 1589 930 1658 mat,
954 1585 1156 1664 operantem,⁸
1184 1586 1215 1640 et

7 1761 8 1770 ἵ
94 1678 284 1755 immonem,
305 1699 385 1761 pano
407 1677 516 1743 ramis
537 1688 625 1756 nuit,
646 1687 857 1762 rammam,
872 1697 939 1742 non
963 1675 1080 1755 divise,
1104 1694 1214 1758 neqrm

94 1774 252 1856 confuse,
276 1784 334 1840 ant
356 1773 616 1840 eonvertibiliter
638 1775 703 1842 Dei
736 1782 888 1840 naturam
912 1771 1155 1852 inhominem,
1179 1779 1215 1834 et

92 1871 276 1941 humanam
298 1873 333 1938 in
356 1873 466 1938 Deum
490 1890 682 1940 eonversam
706 1872 899 1954 edocentes,
936 1870 995 1936 sed
1017 1877 1212 1934 naturarum

93 1970 299 2037 differentias
327 1972 473 2056 integras
505 1969 707 2036 confitentes.
753 1969 848 2034 Unus
877 1971 967 2034 enim
997 1977 1097 2052 atque
1120 1965 1209 2032 idem

7 2067 8 2100 l
93 2079 142 2132 est
163 2067 301 2134 humilis
323 2076 357 2132 et
370 2066 537 2150 sublimis,
562 2066 814 2153 aequalisPatri
836 2077 869 2132 et
891 2067 1000 2132 minor
1011 2065 1119 2144 Patre,
1134 2065 1206 2149 ipse

7 2155 8 2182 ¹
93 2175 181 2234 sute-
194 2175 357 2252 tempora,
382 2174 479 2230 nanas
504 2167 538 2231 in
562 2175 710 2250 tempore
733 2174 800 2246 est3
823 2184 1005 2251 perquem
1027 2162 1115 2228 laeta
1138 2171 1217 2228 sunt

7 2345 8 2356 χ
95 2263 243 2348 saecula,
267 2263 374 2328 faetus
397 2263 432 2328 in
456 2261 586 2328 saeenlo
611 2272 678 2345 est,
702 2264 813 2348 etqui
845 2261 952 2347 legem
982 2259 1084 2344 dedit,
1107 2259 1217 2326 iaetus

7 2359 8 2420 ἶ
96 2363 158 2428 sub
173 2363 246 2447 loge
259 2369 326 2444 ost,
342 2371 378 2424 nt
392 2382 447 2426 eos
461 2361 517 2446 qui
532 2358 595 2426 sub
610 2359 683 2444 loge
697 2369 808 2442 erant,
832 2359 1026 2440 redimerem
1061 2361 1131 2444 ipse
1145 2381 1215 2424 oru-

96 2461 227 2542 eiiixus,
251 2461 322 2545 ipse
346 2456 612 2543 chirographum,
628 2457 717 2544 qnod
735 2468 806 2524 erat
819 2467 933 2524 onuba
955 2478 1025 2539 nos,
1049 2479 1218 2522 evaonans

96 2562 132 2625 in
156 2579 264 2638 eruce,
290 2556 330 2622 de
354 2555 571 2642 potestatibus
595 2565 629 2620 et
650 2555 892 2641 prinoipatibna
915 2553 1163 2640 triumphavit“

184 2656 240 2722 40.
266 2655 482 2738 ,Auserentes
505 2675 592 2738 ergo,
608 2655 693 2720 siout
709 2653 864 2736 diximus,
889 2651 1083 2718 scandalum
1106 2649 1216 2716 novel-

98 2754 148 2820 lae
160 2754 421 2833 adinventionis,
432 2773 499 2818 non
511 2773 571 2818 uos
585 2760 712 2837 oportet
724 2773 824 2828 unam
841 2749 895 2816 vel
910 2750 994 2816 duas
1009 2750 1218 2834 operationes

99 2849 507 2936 definientespraedioarer
520 2848 577 2914 sed
590 2870 648 2935 pro
659 2871 735 2930 rma,
749 2870 848 2934 quam
859 2847 994 2934 quidam
1004 2846 1130 2926 dieunt,
1141 2867 1216 2932 ope·

98 2953 238 3030 atione,
263 2957 391 3034 oportet
410 2969 470 3012 nos
494 2967 596 3012 unum
618 2957 821 3032 operatorem
847 2945 1015 3011 Christum
1034 2945 1215 3010 Dominum

100 3049 133 3114 in
157 3049 307 3132 utrisque
331 3046 457 3110 namne
480 3044 629 3110 veridioe
652 3043 819 3126 confiteri,
852 3052 886 3108 et
906 3065 965 3129 pro
990 3042 1120 3108 duabus
1142 3063 1218 3128 ope

99 3144 301 3227 rationibus,
326 3142 436 3208 ablato
459 3144 612 3228 geminae
632 3143 831 3228 operationis
846 3140 1027 3222 vocabulo,
1052 3141 1141 3227 ipses
1157 3163 1218 3226 po-

100 3246 161 3308 tins
184 3244 266 3308 daos
289 3253 434 3319 notares,
457 3241 493 3306 id
517 3251 563 3306 est
585 3241 767 3306 diuinitatis
789 3250 819 3303 et
840 3241 946 3306 came
971 3249 1158 3324 oseamptoe,
1182 3239 1219 3302 io

100 3367 163 3408 ιιιια
181 3363 323 3428 persono
350 3339 511 3423 Uoipeoiti
532 3339 596 3404 Dei
618 3340 745 3416 Putris,
777 3337 959 3424 ioeeofirea,
986 3336 1143 3412 inemo,
1171 3346 1217 3400 ot·

99 3463 155 3526 que
178 3437 460 3503 inomsoeetihiliter
485 3435 645 3501 nobiseum
666 3436 857 3522 praedicare
876 3435 1015 3522 proprio
1042 3443 1216 3520 operantes.

98 3538 143 3602 Et
174 3535 238 3600 hoo
271 3534 405 3620 quidem
437 3533 647 3599 beatissimae
679 3533 875 3599 fraternitati
899 3543 1027 3597 vestrae
1052 3532 1219 3596 insinuan-

100 3635 178 3700 dum
202 3631 445 3720 praevidimus,
470 3641 631 3718 quatenus
656 3632 754 3697 unius
778 3631 992 3696 confessionis
1014 3629 1218 3716 propositum

99 3731 312 3798 unanimitati
347 3739 476 3796 vestrae
513 3730 697 3798 mnetitatis
728 3739 966 3807 monstremus,
1003 3736 1041 3792 ut
1072 3725 1219 3812 proiecto

99 3833 134 3896 in
166 3851 234 3894 nno
256 3827 383 3913 Spiritu
415 3827 608 3895 anhelantes
631 3828 703 3912 pari
733 3827 811 3892 lidei
835 3825 1031 3890 documento
1055 3823 1220 3908 conspire-

99 3951 183 3993 mus.
235 3925 423 3993 Seribentes
460 3928 558 3991 etiam
602 3923 832 3990 communibus
873 3923 1030 3988 fratribus
1065 3921 1152 4006 Cyro
1187 3931 1221 3984 et

100 4025 284 4112 Sophronio
309 4022 538 4106 Antistitibus,
563 4046 605 4087 ne
633 4045 739 4088 novae
768 4021 874 4106 vocis,
899 4021 1019 4103 idest,
1044 4020 1141 4084 unius
1164 4015 1220 4082 vel

100 4126 252 4210 geminae
276 4122 476 4208 operationis
500 4119 661 4188 vocabulo
686 4119 836 4186 insistere
859 4118 913 4184 vel
936 4117 1104 4183 immorari
1128 4113 1218 4182 vide-

99 4233 215 4304 antur,
231 4222 288 4286 sed
303 4220 422 4286 abrasa
431 4219 620 4305 hujusmodi
637 4239 743 4284 novae
758 4218 850 4282 voeis
863 4215 1099 4302 appellatione,
1114 4235 1218 4280 unam
