2908 4828
498 475 699 532 Demonsnmio
718 480 793 534 facti.
1166 481 1202 531 88

140 619 173 684 a.
200 617 328 705 Atque
354 619 403 682 ad
426 621 679 706 primumquod
702 623 829 704 attinet,
853 645 897 684 ex
911 622 1047 687 historia
1075 622 1201 686 christi·

68 719 174 781 anismi
200 718 467 804 cujuscumque
497 721 624 801 aetatis,
649 719 710 782 loci
741 721 911 804 aegentia
933 717 1116 784 luculenter
1139 719 1202 783 col·
1220 748 1284 790 sos..
1302 749 1360 788 aar...

69 811 180 896 ligitur,
213 835 302 878 cum
334 835 411 880 esse
441 815 595 880 habitum
623 817 809 882 Romanum
839 819 924 880 inter
952 819 1146 882 Pontificem
1170 809 1371 911 οιᾝζᾞ

71 909 288 976 christianum
316 911 437 976 orbem
452 916 656 997 universum,
672 916 826 979 omnibus
840 915 981 979 saeculis
994 916 1200 995 existentem,

74 1023 104 1070 ut
135 1011 170 1072 l·
207 1012 247 1074 iu
286 1012 447 1074 usuum
484 1013 657 1077 desumo
693 1015 840 1092 historio,
866 1015 1028 1076 Romanus
1051 1011 1202 1097 Pontifex

75 1119 204 1170 emus
229 1109 278 1170 eit
316 1110 461 1172 meacm
498 1109 697 1174 ecclesiarum
733 1123 825 1195 etque
853 1109 1017 1193 fidelium,
1041 1117 1140 1194 atque
1163 1110 1202 1172 2⁰

77 1203 140 1266 tileo
162 1203 243 1268 tols'e
268 1205 317 1268 sit
340 1229 381 1270 ac
402 1205 563 1285 medetur,
587 1209 669 1293 quod
691 1231 811 1294 semper
832 1207 957 1271 habitus
979 1209 1021 1270 sit
1043 1229 1098 1270 cea
1115 1207 1202 1269 Peos·

77 1323 229 1365 mecm
252 1303 291 1365 iu
324 1300 406 1366 Sede
438 1305 595 1368 Roemnu.
641 1303 911 1370 Praescindimus
940 1301 1037 1368 modo
1061 1325 1082 1366 a
1104 1323 1200 1388 quae·

80 1399 191 1478 stione,
219 1420 266 1462 an
287 1399 368 1485 jure
392 1399 448 1464 vel
473 1401 595 1485 injurie
623 1403 700 1468 Sedi
726 1403 894 1468 Romanae
918 1401 974 1465 illa
997 1402 1201 1464 auctoritatis

80 1498 155 1559 ratio
188 1499 402 1580 convenerit,
437 1508 550 1562 utrum
589 1499 706 1564 eadem
738 1501 874 1565 divinae
906 1500 1114 1580 institutioni,
1156 1520 1200 1561 on

80 1591 241 1659 homae
272 1595 462 1660 industriae
492 1598 534 1659 sit
561 1597 748 1663 tribuenda.
793 1597 834 1662 Id
858 1618 962 1660 unum
986 1597 1200 1678 advertimus,

79 1715 114 1752 er
127 1693 408 1778 foetielss’ston'cis
432 1695 558 1758 invicte
580 1695 700 1779 colligi,
725 1696 909 1760 Romanam
928 1694 1048 1759 Sedsm
1073 1715 1202 1778 semper

80 1789 224 1854 habitam
249 1813 322 1856 esee
344 1801 384 1855 ut
407 1801 558 1856 nentrum
588 1795 688 1857 totius
711 1795 877 1858 societatis
905 1793 1113 1856 christianae.
1160 1789 1200 1853 Id

80 1887 213 1972 quidem
236 1891 439 1970 accuratius,
459 1891 636 1975 praecipue
651 1891 761 1976 quoad
775 1892 883 1976 prima
905 1887 1036 1953 saecula
1061 1887 1200 1951 decursu

81 1984 349 2050 dissentionum
374 1995 561 2050 nostrerum
593 1988 801 2074 probandum
825 1997 883 2068 est,
907 1996 1007 2072 atque
1029 2005 1200 2067 argumen·
1271 2015 1273 2020 2

80 2098 148 2144 tum
171 2083 261 2168 quod
285 2083 385 2148 modo
410 2083 598 2148 indicamus
615 2085 695 2150 inde
718 2087 781 2150 erit
803 2083 1046 2170 complendum.
1071 2079 1200 2165 Operae

81 2182 220 2262 pretium
241 2191 358 2246 tamen
383 2203 455 2245 esse
479 2181 621 2264 videtur,
645 2193 682 2246 ut
705 2205 745 2246 ea
768 2185 906 2246 citemus
931 2202 1015 2266 quae
1039 2179 1079 2244 do
1104 2177 1199 2244 Sedis

82 2275 247 2342 Romanae
268 2278 405 2343 influxu
435 2269 550 2344 scribit
578 2289 694 2344 auctor
722 2280 944 2365 Anglioanus,
974 2277 1197 2342 rationalismo

82 2373 229 2456 infectus,
259 2376 422 2441 videlicet
450 2376 495 2442 D.
525 2376 664 2443 lllilman
694 2379 728 2442 in
758 2401 817 2442 suo
845 2399 960 2463 opere:
1013 2377 1146 2461 Histosy
1165 2375 1205 2461 of

84 2469 163 2535 lutis
186 2471 845 2561 msifionity1).„0hristianitasLatine,
870 2475 988 2560 inquit,
1011 2495 1032 2536 a
1055 2475 1122 2538 suis
1145 2495 1198 2535 ex·

83 2567 190 2650 ordiis,
219 2573 255 2634 in
286 2593 349 2635 suo
381 2571 581 2654 charactere,
605 2575 640 2637 in
663 2573 831 2658 adjunctis
860 2571 1014 2636 omuibus
1044 2592 1122 2634 suae
1145 2591 1198 2632 ex-

86 2664 266 2748 plicationis
296 2668 546 2733 ineluctabilem
576 2691 654 2756 erga
677 2671 926 2735 monarchicum
956 2671 1103 2752 regimen
1127 2689 1197 2753 pro·

85 2766 272 2844 pensionem
304 2789 385 2852 prae
418 2787 453 2830 se
477 2766 589 2832 tulisse
622 2767 764 2833 dicenda
787 2777 846 2833 est.
892 2768 974 2854 Ejus
997 2766 1075 2830 urbs
1107 2787 1197 2850 prae·

83 2861 178 2944 cipes
208 2862 344 2950 (Roma)
377 2864 524 2950 plurium
546 2865 751 2930 saeculorum
781 2867 886 2951 spatio
910 2865 998 2929 orbis
1022 2869 1121 2949 caput
1143 2884 1197 2926 ex·

83 2959 214 3042 stiterat,
238 2971 272 3024 et
294 2961 408 3026 adhue
438 2963 592 3047 princeps
621 2963 699 3027 urbs
729 2965 850 3026 mansit
873 2960 1127 3026 occidentalium
1150 2982 1197 3022 re·

82 3057 214 3129 monum
238 3059 404 3145 Europae.
451 3059 545 3123 Haeo
575 3060 766 3124 monarchia
795 3061 964 3144 fastigium
995 3079 1089 3122 suum
1114 3080 1196 3120 asse·

82 3165 155 3219 suta
177 3167 227 3220 ost
249 3156 312 3220 sub
337 3156 567 3224 Hildebrando
591 3169 624 3221 et
645 3158 839 3222 Innocentio
863 3157 924 3222 III.
957 3157 1042 3220 Hinc
1064 3157 1198 3220 historia

82 3251 218 3317 Romani
233 3255 444 3340 pontificatue
466 3257 566 3318 euasit
588 3256 887 3320 contremuisse-iae
911 3255 1033 3318 latinae
1056 3255 1197 3317 christia-

81 3351 198 3415 nitatis.
247 3350 503 3416 Controversice
535 3373 620 3436 quae
653 3353 687 3416 in
720 3353 855 3417 Oriente
889 3361 1022 3415 exortae
1045 3360 1130 3432 sunt,
1162 3352 1196 3414 in

81 3445 198 3530 quibus
222 3447 453 3513 Occidentalis
488 3471 545 3512 seu
582 3449 685 3514 latina
722 3448 872 3514 Ecclesia
910 3451 1052 3534 potiores
1088 3459 1197 3532 partes

81 3541 234 3632 hsbuit¹),
260 3567 300 3610 ea
323 3548 589 3631 supereminente
610 3547 805 3612 auctoritate
824 3569 909 3632 qnae
933 3545 1076 3610 ostendit
1099 3547 1133 3609 in
1157 3547 1197 3610 iis

81 3650 233 3728 tanquam
265 3645 404 3708 unicum
434 3665 571 3728 scopum
601 3643 734 3708 sibimet
762 3645 986 3729 praestituisse
1013 3643 1196 3707 Romarm

82 3739 205 3824 dudem,
245 3753 284 3804 ut
322 3742 551 3826 principatum
588 3763 684 3806 suum
723 3741 850 3806 firmius
883 3763 986 3828 usque
1019 3739 1195 3824 stabiliret;

83 3845 144 3902 tum
167 3841 345 3904 conversio
368 3837 413 3902 ad
438 3837 537 3902 fidem
561 3838 766 3902 diversarum
796 3840 945 3922 gentium
969 3838 1194 3922 barbararum,

148 4072 166 4138 ¹)
183 4073 291 4125 Auctor
309 4067 445 4130 edisseret
468 4066 599 4122 meusdse
623 4067 764 4136 hypothesi
783 4067 994 4136 Anglicanorum
1018 4069 1051 4123 de
1074 4069 1195 4138 pluribus

85 4151 312 4208 emunitatibus
330 4145 491 4202 christianis
509 4162 524 4200 e
542 4147 638 4214 quibus
657 4147 759 4202 Christi
777 4153 909 4216 exsurgat
926 4147 1052 4202 Ecclesia

148 4235 164 4296 1)
184 4231 278 4286 Facile
298 4229 366 4282 hinc
383 4225 497 4280 deduces
509 4233 699 4295 argumentum
712 4227 844 4294 primatus
857 4226 890 4280 ab
896 4225 1080 4282 Orientalibus
1097 4227 1194 4294 agniti.

123 4331 249 4385 lm
266 4327 452 4374 ωσι..
1072 4315 1089 4365 3
