2806 4848
484 489 636 558 Explicatis
655 487 728 543 lacti
1109 493 1160 546 143

71 636 220 700 ccclesiae:
245 657 306 700 nec
328 633 486 698 mediocri
510 633 627 718 probro
652 634 792 718 expositi
810 643 903 696 erant
926 636 1009 698 sacri
1032 635 1157 699 ordinis

71 735 128 798 riri.
160 733 335 798 Nectarius
357 753 435 794 vero
452 753 526 794 cum
552 731 608 794 diu
623 730 828 816 multumque
852 729 1043 813 dubitasset,
1068 731 1160 817 quid·

71 853 130 894 uam
151 833 184 896 in
208 830 271 896 hoc
294 830 428 914 negotio
451 829 615 913 agendum
635 838 728 910 esset,
754 851 828 892 eum
853 831 909 914 qui
933 839 1081 914 stuprum
1105 829 1159 893 ad·

70 931 182 993 miserat
212 929 390 994 diaconatu
420 929 521 992 exuit.
569 925 719 1012 Cumque
748 926 898 991 nonnulli
932 926 1104 992 consilium
1128 929 1157 990 ei

68 1027 226 1108 dedissent,
250 1037 286 1108 ut
315 1027 493 1110 unicuique
527 1035 625 1110 prout
646 1024 709 1088 sibi
734 1026 885 1089 conscius
908 1035 993 1088 esset
1015 1047 1054 1088 ac
1078 1024 1158 1088 fidu·

68 1125 136 1188 ciam
167 1126 218 1188 sui
251 1123 389 1190 haberet
429 1123 471 1187 ad
503 1143 669 1186 sacrorum
699 1125 927 1206 mysteriorum
961 1123 1158 1186 communio·

67 1243 127 1285 nem
152 1222 331 1288 accedendi
366 1220 504 1285 liberam
539 1219 661 1284 faceret
696 1229 900 1305 potestatem,
931 1220 1158 1306 presbyterum

67 1321 109 1404 qui
130 1321 278 1405 agendae
301 1319 522 1405 poenitentiae
546 1320 749 1404 praepositus
772 1328 842 1382 erat
864 1318 1018 1383 abolevit.
1050 1318 1159 1404 Atque

66 1439 97 1479 ex
117 1441 151 1481 eo
174 1429 321 1505 tempore
346 1418 380 1481 id
404 1417 537 1480 firmum
561 1439 600 1480 ac
631 1415 746 1481 stabile
769 1418 970 1502 permansit,
999 1427 1160 1480 venustate

65 1516 144 1600 eique
165 1517 324 1603 adjuncta
347 1517 510 1599 gravitate
536 1515 607 1599 jam
639 1525 709 1578 tum
732 1524 769 1577 ut
791 1517 908 1600 opinor
931 1517 965 1578 in
987 1514 1097 1579 laxam
1122 1537 1161 1578 ac

66 1611 239 1680 dissolutam
254 1613 390 1678 vivendi
415 1613 574 1676 rationem
591 1610 750 1698 paulatim
775 1613 919 1698 delapsa.
944 1613 1029 1677 Nam
1053 1623 1160 1694 antea,

66 1719 91 1772 ot
110 1713 261 1799 equidem
285 1714 446 1793 existimo,
472 1712 600 1774 minora
623 1720 717 1774 erant
743 1722 888 1795 peccata,
912 1721 983 1775 tum
1006 1711 1048 1775 ob
1072 1731 1161 1774 vere·

64 1812 204 1876 cundiam
222 1833 333 1874 eorum
348 1811 405 1896 qui
424 1831 483 1872 sua
507 1808 627 1872 delicta
644 1809 860 1874 enuntiabant
875 1807 1159 1896 (ἐξαγγελλόντων),

64 1921 118 1974 tum
143 1910 185 1974 ob
211 1911 419 1973 severitatem
439 1907 591 1993 judicum
616 1909 673 1993 qui
697 1907 741 1971 ad
773 1906 808 1972 id
840 1917 933 1972 erant
961 1909 1157 1972 constituti.“

136 2011 165 2073 8.
191 2008 304 2088 Quum
342 2005 428 2070 hano
461 2007 683 2070 narrationem
721 2005 907 2090 expendere
940 2006 1159 2090 aggredimur,

63 2105 210 2190 imprimis
234 2127 304 2170 sese
329 2105 422 2169 offert
436 2105 593 2189 quaestio,
614 2125 656 2167 an
675 2102 759 2167 forte
782 2125 858 2167 cum
880 2103 1022 2168 Baronio
1046 2102 1159 2168 saltem

64 2223 198 2290 eaquae
223 2213 374 2290 spectant
396 2201 607 2266 abolitionem
636 2202 821 2287 presbyteri
849 2203 1092 2288 poenitentiarii
1115 2201 1160 2264 fa-

63 2299 135 2366 bulis
167 2303 358 2367 adscribere
387 2302 564 2386 possimus,
598 2322 635 2364 eo
666 2300 755 2386 quod
783 2300 933 2366 Socrates
956 2301 1160 2366 Novatianus

63 2397 147 2464 fuerit
170 2411 271 2487 atque
295 2399 468 2464 historiens
491 2397 602 2464 fallax.
640 2397 705 2464 Sed
730 2401 857 2462 etiamsi
882 2398 1031 2464 Socrates
1053 2399 1161 2462 Nova·

62 2497 157 2562 danus
163 2500 290 2580 fuisset,
300 2521 365 2562 non
374 2507 509 2583 apparet
517 2506 638 2575 tamen,
646 2495 767 2560 exinde
774 2518 867 2581 posse
876 2499 938 2581 ipsi
950 2497 1048 2562 fidem
1057 2496 1160 2561 inhoe

62 2609 170 2660 eventu
185 2596 368 2662 enarrando
385 2596 497 2679 negari
505 2593 540 2682 ι).
565 2595 738 2659 Praeterea
747 2617 825 2658 vero
843 2617 885 2658 ex
895 2594 958 2659 bac
972 2597 1160 2680 ipsanarra-

62 2693 136 2758 tone
160 2697 270 2781 potius
294 2693 466 2778 colligitur,
492 2714 567 2756 eum
588 2715 653 2756 non
669 2694 771 2756 fnisse
794 2693 1033 2776 Novatianum3
1058 2703 1161 2757 osten-

63 2788 102 2852 dit
120 2796 208 2856 enim
225 2793 288 2857 sibi
305 2791 487 2877 displicere,
504 2790 591 2876 quod
602 2812 722 2855 munus
736 2793 978 2877 poenitentiarii
1003 2791 1161 2856 abolitum

5 2903 11 2985 p
61 2885 157 2972 luerit,
182 2891 331 2976 adeoque
355 2911 421 2954 non
445 2888 669 2955 consentiebat
691 2890 887 2954 Novatianis
915 2891 970 2976 qui
995 2892 1161 2974 poeniten·

6 2991 11 3059 i,
61 2987 129 3051 uam
166 3011 226 3074 pro
251 2987 445 3052 criminibus
474 3009 516 3051 ex
544 2989 650 3072 rigore
673 2987 845 3052 admittere
873 2985 1071 3073 nolebant2).
1118 2988 1161 3051 Et

5 3083 10 3216 p
60 3087 203 3166 quamvis
226 3088 356 3173 saepius
379 3094 464 3148 erret
488 3084 638 3150 Socrates
668 3087 702 3148 in
731 3086 771 3148 iis
799 3107 883 3169 quae
906 3095 1026 3166 namet,
1050 3094 1160 3150 tamen

124 3305 141 3358 't
159 3299 294 3354 Baronius
312 3299 362 3352 hac
380 3299 412 3352 de
432 3313 460 3352 re
479 3297 541 3367 agit
559 3297 592 3351 ad
611 3313 635 3352 a.
655 3298 690 3349 56
708 3301 737 3350 et
755 3297 789 3350 sd
808 3313 832 3349 a.
852 3299 911 3351 390.

6 3387 7 3440 l
123 3382 148 3448 ¹)
167 3381 253 3436 Plura
271 3381 326 3434 alia
345 3369 506 3448 argumenta
529 3393 543 3432 e
562 3377 658 3444 quibus
682 3371 828 3445 colligitur,
847 3377 982 3432 Socratem
1001 3377 1108 3444 qtridem
1126 3378 1160 3432 ri.

59 3460 182 3520 citiorem
211 3462 295 3516 fuisse
319 3465 348 3514 et
365 3459 578 3514 Novatianorum
606 3457 691 3526 rigori
719 3457 799 3512 nimis
827 3457 939 3523 laruae,
959 3463 1081 3512 attamen
1099 3457 1161 3512 huic

60 3549 139 3596 »sue
164 3558 218 3598 non
243 3541 327 3596 luteae
353 3539 497 3604 addictum,
518 3537 597 3592 affert
615 3537 740 3592 Valesius
770 3537 797 3590 in
817 3537 883 3590 Vita
902 3537 1017 3592 Socratis
1038 3543 1066 3591 et
1085 3539 1160 3592 Sozo-

60 3623 120 3676 neni
139 3638 209 3690 quae
227 3621 338 3690 praevia
356 3627 399 3674 est
423 3619 456 3674 ad
481 3619 539 3687 ejus
566 3618 715 3672 versionem
739 3626 767 3672 et
786 3617 929 3672 editionem
947 3617 1052 3672 illorum
1071 3623 1161 3672 sueto

60 3717 116 3755 rum
153 3701 205 3756 Sed
223 3702 271 3755 boc
290 3699 368 3754 valde
397 3701 493 3754 mirum
518 3705 567 3766 est,
588 3697 652 3751 alibi
672 3697 791 3750 eumdem
809 3695 945 3751 Valesium
965 3699 992 3751 in
1011 3697 1090 3762 notis,
1109 3697 1160 3752 sibi

60 3795 104 3834 uon
122 3781 316 3846 cohaerentem,
335 3795 454 3834 asserere
472 3781 607 3834 Socratem
627 3777 808 3832 Novatianum
826 3776 918 3832 fuisse.
948 3777 1069 3832 Socrmes
1088 3777 1160 3832 vide·

59 3859 114 3916 lieet
125 3861 157 3916 L.
170 3861 217 3916 VI.
236 3877 257 3916 c
271 3863 304 3914 st
324 3860 495 3928 reprehendit
512 3859 561 3914 illa
579 3858 662 3912 verbs
681 3858 709 3912 in
728 3855 818 3925 alique
837 3858 961 3912 concione
980 3873 1003 3911 a.
1017 3859 1041 3912 S.
1055 3859 1161 3914 Joaune

58 3941 239 4008 chrysostomo
262 3941 351 3996 dicta:
385 3940 478 4008 „Licet
505 3939 601 3994 millies
624 3937 818 4006 poenitentiam
841 3938 939 4004 egeris,
964 3939 1081 3992 aceede‘⁴
1119 3939 1160 3992 Ad

59 4035 119 4084 ¹{ittae
148 4021 287 4076 Valesius:
313 4021 479 4088 „Caeterum
508 4019 603 4086 inquit.
633 4034 665 4071 ex
693 4017 742 4070 hoc
769 4017 825 4070 loco
844 4017 943 4071 certius
962 4034 1041 4086 quarn
1060 4019 1161 4072 exullo

59 4101 105 4154 alio
122 4101 214 4170 colligi
232 4107 331 4170 potest,
355 4101 490 4155 Socratem
508 4100 690 4154 Novatianum
717 4097 808 4152 uisse.
845 4096 913 4151 Nam
933 4104 961 4152 et
980 4097 1160 4166 chrysostomi

59 4181 215 4236 cosentiam
233 4197 372 4249 perperam
390 4181 592 4249 interpretatur,
621 4184 649 4234 et
668 4177 783 4231 Sisinnio
801 4177 971 4234 Novatianus
990 4179 1075 4246 partis
1093 4179 1161 4249 epis·

59 4276 116 4328 copo
134 4261 223 4329 palam
242 4261 317 4316 iavet
336 4261 463 4316 advenas
480 4260 612 4326 Joannem
631 4259 870 4324 cuqsostomuw
