2876 4814
262 453 316 507 226
597 451 638 506 De
654 450 741 518 Opere
758 449 1044 520 Philosopboumenon.

261 603 422 661 natusest
435 595 611 659 Dan-asin
629 617 689 658 sua
707 595 854 660 Historia
877 595 1143 684 ecclesiastica.¹)
1174 595 1244 662 Alii
1266 605 1368 662 tamen
1418 672 1419 700 1

262 693 323 762 lras
346 694 518 780 opiniones
541 715 608 758 non
631 703 855 779 acceptarunt

351 791 443 856 Bene
466 789 561 855 multi
584 801 748 876 postremo
772 793 973 874 existimant,
1003 801 1090 856 certo
1121 793 1249 857 auctori
1273 791 1369 858 Philo-

264 889 490 975 sophoumena
524 888 626 953 tribui
656 910 722 952 non
755 911 864 976 posse,
897 911 1001 975 quum
1032 890 1209 954 multorum
1248 892 1369 978 scripto·

264 1009 338 1052 ram
361 988 497 1052 nomina
520 986 563 1051 ad
586 1009 645 1050 nos
667 1009 736 1050 non
756 989 978 1074 pervenerint,
1003 997 1035 1052 et
1057 998 1255 1073 argumenta
1278 989 1371 1053 solida

265 1107 332 1150 non
355 1085 466 1149 adsint
488 1093 623 1170 propter
645 1107 730 1172 quae
744 1084 807 1149 hoc
822 1106 904 1170 opus
930 1085 1029 1150 alicui
1054 1108 1097 1150 ex
1120 1089 1161 1151 iis
1184 1108 1269 1174 quos
1291 1086 1372 1151 novi-
1419 1104 1420 1174 f

265 1205 339 1248 mus
352 1185 456 1269 possit
469 1181 623 1248 adscribi.
652 1182 705 1246 Ex
720 1182 772 1247 his
786 1182 939 1248 citandus
948 1183 1045 1248 nobis
1059 1193 1108 1248 est
1118 1185 1178 1249 Ee.
1185 1185 1228 1249 D.
1242 1183 1372 1270 Lesebce

266 1283 300 1344 in
315 1280 485 1367 praeclara
494 1301 554 1344 sua
564 1281 803 1346 Dissertatione
818 1303 918 1367 quam
934 1283 967 1345 in
978 1281 1149 1346 Periodico
1161 1285 1269 1348 Reoue
1283 1281 1372 1347 catio·

267 1379 349 1466 tique
373 1402 403 1443 a.
429 1379 512 1442 1871
530 1377 644 1442 edidit.
673 1417 717 1425 —
746 1379 814 1442 Em.
848 1376 942 1443 θανά.
967 1379 1137 1445 Frouzelt'a
1166 1380 1290 1444 diserte
1312 1399 1373 1465 pro-

267 1477 407 1558 nuntiat,
426 1475 458 1541 S.
478 1474 699 1562 Hippolytum
714 1475 1058 1563 Philosophoumenon
1078 1486 1249 1542 auctorem
1270 1475 1372 1542 haberi
1420 1534 1421 1573 ἢ

267 1595 333 1638 non
357 1571 495 1660 posse,²)
514 1571 668 1659 idemque
687 1575 787 1637 etiam
806 1575 874 1638 Em.
895 1571 989 1638 Cor-d.
1008 1575 1160 1639 Neraaaa
1174 1573 1374 1659 existimat.¹)
1420 1582 1421 1658 ξ

357 1671 533 1736 custode
566 1681 603 1734 ut
634 1672 670 1734 in
702 1673 916 1757 inquisitione
939 1681 1050 1736 nostra
1077 1682 1207 1736 servato
1232 1670 1374 1760 proceda·
1420 1703 1421 1706 ¹

150 1787 165 1816 ³
188 1773 221 1814 ⁰³·
269 1793 342 1834 mus
365 1769 491 1852 ordine,
515 1791 623 1855 panea
654 1770 818 1856 quaedam
851 1768 976 1834 indicia
1005 1778 1158 1834 notemus
1182 1770 1255 1856 ipso
1279 1769 1375 1854 Opere

209 1847 235 1876 'm
270 1877 433 1950 contenta,
458 1887 542 1953 quae
565 1888 645 1951 prae
668 1866 771 1931 oculis
788 1867 943 1932 habenda
957 1876 1042 1948 sunt,
1067 1866 1148 1931 dum
1172 1869 1249 1955 quis
1263 1866 1376 1931 Auctor

270 1967 369 2032 fuerit
391 1965 578 2048 indagatur.
627 1965 664 2028 1ο
700 1964 753 2028 Ex
776 1965 878 2030 variis
902 1963 1066 2051 capitibus
1089 1986 1175 2051 quae
1198 1987 1243 2028 ex
1266 1964 1375 2049 disqui-

271 2067 388 2129 sitione
416 2064 488 2149 jam
527 2063 678 2126 institute
709 2061 808 2126 facile
844 2063 954 2148 colligi
990 2071 1146 2148 possunt,
1179 2062 1377 2127 concluditur
1421 2087 1422 2118 l

271 2163 451 2226 Auctorem
482 2159 584 2224 fuisse
617 2181 734 2224 revera
771 2181 932 2224 coaevum
965 2160 1095 2224 illorum
1127 2170 1313 2246 temporam
1342 2157 1375 2221 de

271 2259 392 2346 quibus
415 2259 493 2342 agit.
524 2295 567 2304 -
600 2257 639 2321 2⁰
665 2257 807 2322 Videtur
830 2279 912 2344 opus
942 2260 1101 2343 scriptum
1124 2257 1166 2321 ab
1190 2256 1303 2344 aliquo
1324 2256 1375 2319 La·

271 2359 340 2421 tino
378 2357 435 2442 qui
472 2353 635 2419 Graecam
673 2353 822 2440 linguam
859 2355 1017 2435 callebat,·
1054 2376 1120 2419 non
1159 2364 1274 2420 temen
1310 2353 1376 2418 satis
1422 2398 1423 2478 p

271 2475 389 2540 graece
420 2475 483 2518 nec
516 2456 595 2518 satis
626 2455 787 2518 concinne
811 2455 970 2538 scriptum
1002 2461 1061 2534 est,
1093 2461 1131 2516 ut
1162 2451 1376 2518 Orientalibus
1422 2483 1423 2518 l

272 2553 402 2641 placere
434 2549 587 2638 posset4).
634 2549 728 2635 Opus
760 2550 917 2615 videlicet
948 2571 1056 2635 neque
1089 2549 1300 2635 aequabilem
1321 2569 1376 2612 ors·

272 2651 372 2715 tionis
395 2649 533 2730 fluxum,
567 2667 675 2732 neque
705 2668 896 2728 numerum,
929 2668 1037 2733 neque
1059 2657 1226 2712 texturam
1251 2645 1376 2712 Graeco-

271 2770 346 2814 rum
383 2748 550 2835 propriam
589 2744 734 2809 exhibet.
789 2744 947 2831 Amplam
980 2744 1116 2830 quidem
1148 2765 1228 2831 pree
1263 2767 1297 2810 se
1326 2743 1378 2807 fert

273 2845 400 2910 Auctor
423 2843 652 2924 eruditionem,
678 2842 735 2906 sed
760 2842 881 2926 mag'na
909 2864 951 2906 ex
973 2851 1067 2928 parte
1090 2841 1296 2907 elucubratio
1319 2841 1377 2926 ejus

274 2965 315 3008 ex
340 2941 554 3029 scriptoribus
576 2938 755 3026 gentilibus
785 2948 818 3002 et
845 2961 887 3003 ex
911 2939 944 3005 S.
967 2939 1105 3004 irenaeo
1130 2939 1307 3026 compilata
1329 2946 1377 3018 cst

273 3063 335 3106 nec
358 3039 560 3127 profundum
592 3059 632 3102 ac
664 3037 784 3102 subtile
807 3037 909 3102 fuisse
938 3039 1005 3101 viri
1039 3039 1221 3122 ingenium,
1256 3035 1378 3121 exejus

274 3161 373 3227 opere
387 3137 497 3222 colligi
511 3145 628 3223 potest.
652 3174 696 3184 -
719 3135 758 3200 3⁰
781 3135 904 3201 Scribit
919 3135 1046 3199 Auctor
1065 3137 1101 3200 in
1114 3135 1283 3221 prooemio
1298 3130 1378 3198 Libri

273 3239 389 3326 primi:
420 3237 489 3302 Nec
521 3259 559 3299 ea
590 3233 845 3322 (baereticorum
878 3231 1108 3318 deliramenta)
1140 3231 1267 3318 refellet
1297 3228 1378 3294 utu.

269 3347 495 3424 praeterquam
518 3331 654 3420 dissonae
679 3353 743 3420 per
765 3329 938 3395 Ecclesiam
961 3329 1104 3416 δρίήίιιο
1136 3329 1282 3406 Scaeua,
1305 3347 1380 3414 qum

184 3490 188 3498 .
270 3434 399 3520 priores
421 3429 571 3516 Apostoli
603 3429 714 3516 adepti
745 3427 883 3492 eamdem
909 3438 996 3492 recta
1009 3427 1079 3512 fide
1098 3427 1260 3516 praeite
1281 3427 1378 3510 {oper

351 3601 371 3669 ¹)
390 3597 463 3654 nist.
482 3600 545 3666 gen.
564 3597 597 3652 de
615 3595 734 3665 l'Eglise.
753 3599 773 3648 t.
791 3593 854 3648 VII.

349 3680 372 3749 ¹)
390 3679 480 3734 Trect.
492 3678 525 3732 de
534 3677 591 3732 Deo
603 3675 686 3732 Trino
696 3691 720 3743 p.
733 3676 784 3729 147
797 3679 864 3728 nota
873 3675 898 3727 2.
908 3672 1040 3728 —Verbe
1049 3673 1108 3743 ejus
1117 3673 1232 3728 inferius
1245 3670 1380 3726 meremus

350 3760 371 3831 ³)
389 3758 481 3814 Traits
500 3757 675 3826 theologicals
693 3754 746 3808 and
764 3752 972 3808 ecclesiasticisis
990 3769 1015 3822 p.
1034 3753 1096 3810 222.
1116 3753 1226 3808 London
1245 3753 1321 3806 1874.

349 3841 371 3910 ⁴)
389 3839 465 3892 Haec
491 3838 587 3891 merito
614 3851 668 3890 una
695 3833 809 3887 habetur
835 3848 870 3886 ex
888 3832 1047 3896 rationibus.
1078 3849 1126 3888 cnr
1153 3830 1283 3887 oblivioni
1300 3829 1381 3882 dean

277 3921 362 3975 fuerit
380 3920 430 3974 hoc
448 3934 521 3985 opus.
541 3917 675 3984 Scriptum
702 3913 806 3968 scilicet
833 3912 894 3976 fuit,
914 3927 947 3965 ea
974 3917 1139 3979 aetateque
1163 3911 1266 3964 latinae
1284 3907 1380 3962 littero

277 4003 350 4056 inter
364 3997 532 4054 Christianos
542 3994 692 4052 Occidentis
711 3992 907 4060 frequentiores
921 3999 980 4046 esse
988 3991 1155 4060 incipiebant
1174 4007 1252 4059 quam
1271 3997 1379 4060 gram

279 4081 366 4148 Quare
385 4093 438 4134 non
456 4075 541 4131 multo
560 4079 621 4144 post
638 4073 723 4129 minui
742 4072 830 4139 coepit
843 4071 1003 4126 Latinorum
1025 4084 1160 4136 numeros,
1178 4071 1226 4138 qui
1244 4083 1308 4138 opus
1324 4060 1380 4120 illud

278 4160 433 4228 intelligere
461 4163 579 4224 possent.
625 4151 807 4208 Orientalibus
834 4157 926 4206 autem
962 4166 1015 4206 non
1045 4151 1114 4206 satis
1141 4163 1239 4219 graece
1256 4145 1380 4215 'seriptum

279 4243 346 4293 eret
383 4235 524 4292 Armellini
543 4235 560 4290 t
580 4249 601 4290 a.
621 4249 677 4304 cap.
696 4233 743 4287 VI.
