2810 4846
263 459 315 514 194
649 455 689 511 De
707 455 823 512 Concilio
841 456 983 525 ltpbesino.

262 611 293 665 ct
314 602 368 687 qui
383 621 447 686 pro
470 597 655 685 Apostolica
677 598 822 662 doctina
852 599 932 662 nibil
954 619 1018 663 noa
1041 599 1143 664 diaeta
1165 611 1253 687 etipse
1271 625 1351 686 ¹<spere

256 709 394 785 paratae
427 707 513 762 esset.
559 696 605 760 Et
637 718 672 759 re
706 695 841 781 quidem
867 717 957 779 vera,
991 717 1110 782 magno
1143 719 1218 762 cum
1239 697 1352 762 fervore

262 798 329 881 egit
351 796 452 859 variis
484 793 619 878 synodis
651 793 783 874 habitis,
817 802 854 858 ut
885 803 956 858 tum
978 795 1014 859 in
1038 793 1219 859 Occidente
1239 803 1302 860 tum
1323 797 1351 857 in

181 959 187 970 ,
262 892 397 960 Oriente
426 891 570 956 haeresis
602 889 728 956 Ariana
759 893 891 977 penitus
928 892 1201 975 exstingueretur.
1257 891 1354 976 Atque

262 989 322 1054 sub
346 992 416 1075 ipso
439 991 616 1054 auotoritas
639 988 672 1054 S.
698 988 793 1054 Sedis
821 987 919 1053 valde
946 991 1078 1070 enituit,
1101 1011 1205 1074 quum
1227 989 1267 1054 ad
1288 1009 1351 1052 eum

262 1089 362 1152 etiam
377 1085 560 1152 Orientales
575 1086 764 1172 frequenter
786 1107 856 1150 sese
879 1088 914 1150 in
937 1087 1078 1170 negotiis
1097 1087 1166 1150 suis
1182 1086 1353 1169 dirigerent.

260 1184 375 1270 Ipsum
397 1205 474 1248 vero
498 1183 692 1249 Pontificem
723 1184 871 1248 floruisse
900 1184 1049 1249 doctrine
1072 1203 1167 1248 sacra
1196 1193 1230 1248 et
1253 1183 1355 1248 litteris

261 1282 425 1363 humanis,
460 1302 682 1366 magnumque
717 1282 787 1367 ejps
810 1281 933 1345 Romae
967 1281 1068 1345 fuisse
1090 1278 1249 1346 honorem
1271 1291 1355 1366 aune

261 1367 435 1460 induxum,
460 1399 502 1442 ex
525 1376 558 1443 S.
582 1378 787 1462 Hieronymo
818 1377 956 1463 aliisque
979 1377 1154 1464 colligitur.
1201 1379 1234 1446 S.
1257 1379 1355 1444 Hiero·

262 1499 382 1562 nymus
405 1475 561 1540 videlicet
582 1476 626 1540 ad
640 1497 725 1559 eum,
741 1497 843 1561 quum
863 1477 898 1540 in
914 1474 1050 1542 Oriente
1072 1485 1261 1540 versaretur
1281 1478 1355 1540 circa

261 1596 292 1640 a.
316 1574 390 1656 380,
416 1572 559 1638 celebres
582 1571 654 1637 illas
677 1573 799 1637 direxit
825 1572 979 1658 epistolas
1002 1571 1123 1658 quibus
1148 1576 1246 1640 enixe
1267 1582 1355 1658 roga

261 1680 299 1735 ut
321 1669 384 1736 sibi
407 1670 532 1735 indicet
543 1669 706 1751 Pontifex,
730 1691 805 1734 cum
830 1691 894 1756 quo
918 1672 1070 1757 episcopo
1093 1669 1291 1736 Antiochiae
1312 1669 1356 1732 de-

261 1768 339 1832 beat
361 1769 618 1848 communicare,
632 1789 740 1852 enque
754 1777 819 1831 tres
833 1765 1024 1853 hypostases
1045 1768 1099 1832 vel
1120 1791 1191 1834 una
1213 1767 1357 1833 dicendae

262 1868 336 1930 sint.
381 1866 470 1930 Dein
492 1867 580 1929 circa
597 1886 722 1929 annum
738 1865 803 1929 382
819 1864 1042 1950 Hieronymus
1053 1863 1194 1932 Romam
1216 1867 1311 1944 venit,
1331 1873 1358 1926 et

262 1964 415 2028 Pontifici
437 1961 657 2026 amicissimus
679 1971 778 2047 atque
800 1961 844 2026 ad
866 1983 983 2028 manus
1006 1962 1078 2042 fuit,
1102 1973 1174 2028 tum
1198 1967 1233 2028 in
1255 1961 1358 2027 studiis

261 2059 406 2142 biblicis,
430 2069 500 2123 tum
523 2061 558 2123 in
580 2058 697 2123 litteris
719 2059 902 2124 scribendis
924 2069 957 2123 et
978 2061 1119 2144 negotiis
1142 2059 1357 2126 ecclesiasticis

263 2155 543 2222 administrandis.
600 2157 701 2222 Jussu
729 2157 866 2221 Damasi
899 2157 1122 2242 Hieronymus
1154 2180 1278 2223 novum
1308 2157 1357 2221 Te
1384 2209 1385 2240 ἐ

263 2262 461 2319 stamentum
486 2273 623 2338 graecam
646 2253 724 2318 fidei
742 2253 906 2334 reddidit,·
928 2265 961 2318 et
983 2254 1093 2340 quoad
1115 2258 1250 2342 negotia
1271 2253 1357 2318 eccle·
1384 2311 1385 2338 ,

264 2352 394 2415 siastica
424 2351 459 2414 in
489 2350 625 2436 epistola
660 2350 752 2438 (123)
791 2350 834 2416 ad
867 2350 1107 2436 Agerruchiam
1140 2354 1213 2439 ipae
1244 2351 1356 2418 scribit:

267 2448 367 2522 Quum
388 2450 424 2510 ia
454 2449 570 2512 obortis
602 2447 819 2513 ecclesiasticis
843 2454 989 2538 ybeorem
1010 2451 1189 2514 Damasum
1211 2453 1356 2516 Romana

262 2545 560 2630 urbiaEpiacopnm‚
584 2556 613 2608 et
639 2546 778 2611 Orientis
805 2545 1038 2632 Occidentiapue
1069 2549 1232 2634 synodicis
1253 2545 1354 2612 wasul-

265 2641 436 2708 tatioailms
458 2642 684 2728 reapondercm.
731 2643 872 2728 Exque
896 2643 1004 2725 vides,
1028 2645 1122 2710 brevi
1146 2645 1203 2711 iIlo
1227 2657 1354 2730 tempore

265 2762 327 2826 quo
352 2761 427 2804 cum
450 2739 594 2804 Damaso
627 2740 660 2806 S.
684 2740 907 2825 Hieronymus
931 2741 1038 2826 degit,
1063 2743 1266 2810 consuluisse
1285 2742 1355 2806 Pou-

264 2838 386 2901 tificem
408 2858 476 2901 uon
499 2835 603 2901 solum
617 2837 781 2902 Romanos
804 2837 859 2902 vel
881 2838 990 2920 Italos,
1015 2839 1073 2904 sed
1095 2843 1276 2906 universim
1296 2849 1354 2902 tum

264 2933 493 2999 Occidentales
507 2943 576 2997 tum
591 2933 784 3017 Orientales,
799 2957 865 3000 uon
879 2945 1007 3000 tantum
1026 2937 1178 3003 indoctos
1203 2937 1242 3003 de
1265 2935 1354 3022 plebe,

264 3031 318 3095 vel
341 3033 510 3118 episcopos
532 3029 723 3116 singulares,
756 3033 813 3098 sed
841 3035 986 3118 integras
1010 3033 1163 3118 synodos.
1211 3033 1355 3100 Luculen-

265 3139 336 3192 tum
360 3151 438 3194 sane
468 3130 627 3214 primatus
651 3128 894 3196 documentum.
927 3167 971 3180 -·
1000 3131 1040 3196 In
1063 3131 1146 3196 libro
1172 3135 1212 3198 de
1235 3131 1355 3216 Sos-ipit
1383 3171 1384 3177 κ

265 3227 352 3290 ribus
366 3225 581 3290 ecclesiasticis
594 3251 618 3290 o.
630 3227 735 3293 1038.
746 3228 971 3312 Hieronymus
978 3229 1109 3294 scribit:
1133 3231 1289 3296 Damasus
1304 3229 1355 3290 llo-

265 3321 485 3386 mansoriis
508 3324 693 3410 Dpsacopus,
718 3325 841 3410 clepone
865 3327 900 3388 ia
920 3325 1058 3390 coraibus
1082 3327 1297 3414 componendis
1317 3325 1354 3384 io-

265 3421 388 3504 paaium
416 3420 532 3502 babuit,
564 3421 721 3507 multaque
749 3433 779 3486 et
805 3423 912 3486 brevia
942 3421 1093 3509 opusculo
1123 3425 1246 3488 heroico
1274 3431 1354 3486 neno

267 3517 376 3595 edidit,
412 3528 441 3582 et
468 3540 571 3604 prope
602 3522 815 3604 octoyenariue
847 3519 902 3584 cub
933 3521 1105 3586 Theodosio
1123 3523 1270 3607 principe
1290 3539 1354 3580 nor·

267 3625 336 3678 tuae
361 3625 414 3678 est.

97 3731 257 3776 aronensem
355 3712 385 3776 6.
410 3711 518 3796 Atque
542 3716 826 3799 operaepretium
859 3723 907 3778 est
934 3713 1207 3793 animadvertere,
1230 3735 1267 3778 eo
1289 3723 1354 3774 tem-

129 3791 233 3846 ’ΨΜ
267 3831 344 3895 pore
360 3811 581 3874 Romanorum
600 3811 799 3876 Pontificum
822 3833 978 3896 magnum
996 3811 1067 3896 jam
1091 3812 1190 3878 fuisse
1214 3812 1306 3876 etiam
1327 3809 1355 3868 in

266 3906 364 3970 rebus
387 3909 530 3971 externis
554 3906 775 3992 splendorem,
804 3910 850 3972 ita
879 3918 916 3972 ut
938 3908 1099 3973 invidiam
1123 3917 1289 3974 moverent
1309 3925 1354 3989 ps·
1382 3961 1383 3986 ,

266 4025 436 4088 ganorum,
460 4002 560 4090 hique
584 4005 719 4069 infensis
742 4007 860 4071 animis
889 4007 924 4070 in
948 4027 1002 4070 cos
1025 4006 1234 4072 oblatrarent.
1277 4003 1354 4068 Dum

268 4121 345 4164 vero
369 4123 407 4164 ea
430 4123 635 4166 semovemus
658 4125 742 4188 quae
768 4104 912 4169 ulcerata
936 4115 1054 4188 mentc,
1078 4107 1126 4170 uti
1148 4126 1238 4169 nunc
1259 4101 1354 4166 baere-

267 4197 335 4280 tici,
351 4205 429 4262 tunc
442 4199 579 4282 gentiles
593 4200 634 4264 de
648 4201 804 4266 Romanis
825 4201 1040 4268 Pontificibus
1060 4202 1228 4284 notabant,
1253 4215 1354 4262 verum
