2852 4826
428 468 471 526 De
488 467 602 526 adeundo
615 467 791 540 baptismate.
1114 475 1168 529 205

83 613 115 676 lu
133 614 276 680 Mem
290 615 504 680 'aeolicae
520 615 731 694 decantarunt,
760 639 853 701 quam
875 618 931 702 qai
952 617 987 682 in
1009 618 1072 683 illa
1092 642 1168 690 non-

82 711 137 776 issi
142 713 275 800 fusium.
283 715 314 798 ¹)
339 713 431 778 Satis
450 722 551 798 patet,
572 714 736 778 immerito
753 711 925 780 Callistum
941 713 1005 782 bac
1028 716 1062 780 iu
1076 739 1112 780 re
1126 716 1168 780 ab

81 809 511 896 adversariosuovituperari,
523 811 611 896 quod
625 810 742 896 majori
759 813 934 876 severitate
948 815 1067 878 nonsit
1081 835 1168 892 usus.

145 909 192 974 lc.
215 907 473 974 Consideremus
487 907 574 972 illico
591 909 690 972 etiam
707 931 756 990 ea,
771 929 857 993 quae
872 909 913 973 de
937 911 1071 976 secundo
1095 911 1169 997 bap·
1199 910 1317 1014 Sbffi‘ff

81 1007 175 1070 tracte
197 1009 229 1072 in
252 1007 318 1072 fine
342 1005 555 1093 querelarum
583 1027 717 1070 suarum
731 1005 858 1070 Auctor
880 1006 1170 1094 Philosopboume·
1228 984 1241 1022 ρ
1308 1001 1314 1012 ’

80 1123 126 1168 nou
145 1103 233 1170 dicit:
277 1103 344 1170 Sub
377 1106 434 1168 boe
457 1105 553 1168 etium
570 1106 675 1190 primo
704 1106 777 1168 ann
799 1115 871 1170 nmt
894 1107 1028 1172 secundo
1052 1107 1170 1194 baptis·

78 1215 137 1265 nob
168 1203 335 1290 baptizare.
386 1199 457 1266 Ἐπὶ
490 1200 605 1266 τούτου
636 1199 772 1288 πρώτως
803 1199 993 1290 τετόλμηται
1026 1201 1171 1290 δεύτερον

78 1295 161 1376 rboic
187 1299 369 1384 βάπτισμα.
418 1300 572 1386 Plerique
605 1309 750 1380 censent,
774 1301 952 1366 Auctorem
985 1301 1041 1366 hic
1072 1325 1170 1390 agera

79 1395 106 1458 le
124 1420 201 1463 more
222 1397 470 1485 rebaptizandi,
496 1399 552 1484 qui
577 1397 632 1462 illa
666 1408 773 1462 aetate
796 1398 839 1464 ab
863 1399 1048 1484 Agrippino
1073 1402 1170 1466 intro-

79 1493 170 1560 ductus
199 1506 254 1580 est,
285 1519 436 1582 eumque
467 1518 623 1560 accusare
648 1495 832 1579 Callistum,
863 1497 952 1583 quod
976 1489 1046 1584 ejus
1069 1499 1169 1584 negli-

77 1597 206 1672 gentiaet
227 1594 411 1681 disciplina
434 1592 583 1658 relaxata
604 1596 762 1676 evenerit,
778 1605 815 1659 ut
837 1594 912 1659 talis
935 1595 1058 1660 abusus
1072 1599 1170 1662 intro·

78 1690 133 1756 luci
165 1705 195 1759 et
230 1693 414 1781 propagari
453 1702 570 1777 posset.
618 1693 683 1758 Sed
721 1694 837 1758 merito
874 1693 1018 1758 advertit
1054 1694 1094 1760 ol.
1118 1696 1170 1760 De

78 1789 155 1870 Rosa,
184 1793 268 1858 banc
292 1791 555 1878 explicationem
589 1792 698 1856 minus
720 1790 926 1878 probabilem
949 1813 1029 1858 esse.
1075 1793 1171 1876 Rigo-

80 1890 151 1954 ristse
172 1893 268 1972 euim,
294 1901 333 1954 ut
344 1889 476 1954 Auctor
499 1899 617 1971 noster,
642 1911 851 1974 propugnare
874 1889 1022 1954 solebant
1046 1912 1170 1956 morem

79 1987 235 2072 laptirandi
259 1989 463 2054 haereticos
477 1987 520 2052 ad
542 1987 727 2052 Ecclesiam
752 1989 932 2069 venientes,
957 1988 1046 2074 quod
1070 1989 1170 2054 etiam

79 2087 101 2147 in
118 2086 306 2152 Tertulliano
341 2093 494 2172 apparet.
540 2085 682 2149 Videtur
714 2085 842 2150 Auctor
872 2087 981 2170 potius
1012 2085 1064 2152 his
1087 2087 1170 2152 indi·

78 2205 140 2255 care,
159 2185 215 2249 sub
239 2185 383 2250 Callisto
408 2184 546 2268 ejusque
576 2183 673 2268 culpi
697 2183 877 2248 invaluisse
900 2183 1024 2248 Romae
1048 2195 1170 2254 sentam

80 2277 327 2367 llcbasaitarnm,
364 2283 421 2368 qui
455 2283 538 2345 ritus
574 2283 683 2346 varios
706 2281 911 2346 Judaeorum
939 2283 1170 2368 sequebantur,

78 2395 99 2438 c
123 2381 224 2446 iterato
257 2382 465 2468 baptismate
499 2381 722 2465 superstitioso
756 2389 892 2465 peccata
924 2382 995 2446 sine
1019 2381 1171 2448 ulteriore

80 2480 246 2556 poenitentia
269 2478 500 2544 remittebant.
547 2477 633 2544 Odio
663 2480 696 2542 in
710 2476 881 2542 Callistum
906 2478 1062 2565 abreptus
1085 2481 1171 2546 Auo·

78 2587 113 2636 tor
126 2581 202 2642 omni
217 2578 320 2644 modo
336 2577 456 2642 nititur
479 2576 578 2639 etiam
597 2575 660 2640 boc
684 2585 879 2640 connectere
902 2598 979 2640 oum
1000 2579 1171 2644 Pontificio

79 2667 221 2760 disciplina
243 2676 337 2756 laxa,
362 2683 527 2760 quatenus
555 2672 669 2738 fideles
699 2673 756 2738 tali
781 2673 956 2760 disciplina
980 2673 1079 2738 illecti
1103 2675 1170 2740 fue·

78 2769 133 2850 tint,
152 2785 184 2837 ut
212 2774 350 2840 facilem
375 2773 604 2836 remissionem
637 2781 847 2858 peccatorum
879 2771 1116 2855 desiderarent,
1139 2783 1172 2838 et

78 2867 111 2930 »ic
128 2871 163 2936 ad
185 2873 408 2940 deliramenta
431 2868 697 2934 Elchasaitarum
722 2869 831 2956 plures
856 2868 1098 2956 desciverint.²)

142 2971 188 3035 41.
211 2971 263 3035 Dc
279 2967 486 3035 Elcbasaitis
500 2976 675 3053 postquam
691 2966 817 3031 Callisti
834 2967 1001 3034 doctrinas
1025 2977 1057 3034 et
1079 2977 1172 3052 gesta

78 3070 212 3150 cxposuit,
243 3070 293 3134 sic
319 3066 450 3130 Auctor
472 3063 818 3151 Philosophoumenon
856 3065 1018 3152 loquitur:
1066 3067 1172 3158 Hujus

78 3161 204 3253 :edum
226 3167 379 3232 doctrim
403 3186 497 3250 mum
522 3186 586 3249 per
612 3165 790 3228 universum
820 3164 922 3228 orbem
945 3188 1060 3250 sparsa
1082 3177 1170 3246 esset,

78 3281 123 3320 rm
141 3275 234 3329 udum
257 3263 438 3350 inspiciens
468 3263 518 3325 oir
538 3262 728 3348 vaferrimus
752 3272 781 3326 et
804 3261 1001 3347 impudentia
1025 3261 1170 3349 effluens,

77 3361 172 3424 muira
194 3361 394 3440 Alcibiades,
420 3358 580 3445 Apameae
603 3362 638 3424 in
661 3360 735 3424 urbe
760 3357 873 3446 Syriae
896 3360 1055 3442 habitans,
1079 3388 1171 3450 quum

78 3447 186 3522 tettae
214 3463 285 3548 ipso
318 3457 516 3522 mbtiliorsm
548 3481 580 3522 se
604 3469 634 3522 et
666 3457 709 3521 cd
731 3457 893 3522 uerborum
911 3462 1091 3548 praestiqin
1116 3487 1169 3548 ap·

76 3551 162 3618 firm
190 3559 407 3634 existinsaraa
432 3557 565 3620 Romam
598 3555 738 3635 deuenit,
767 3556 930 3641 qaentdam
959 3557 1073 3624 librum
1096 3560 1169 3646 offe·

77 3671 144 3730 '²⁸³5
162 3655 285 3722 dkebut
309 3666 417 3720 autem
440 3677 509 3718 enm
529 3677 551 3718 a
565 3653 695 3718 Scribas
717 3655 756 3717 de
771 3653 920 3718 Partlioa
942 3659 1067 3742 regione
1091 3657 1171 3724 cllo·

77 3757 123 3808 tu
142 3775 160 3814 u
180 3757 325 3842 sapienta
347 3751 592 3831 arumnosas·
606 3755 740 3832 nomine,
765 3775 890 3837 canaque
910 3751 1024 3818 ›Sobiae
1047 3755 1172 3820 cuidam

79 3853 268 3918 russeum
293 3853 334 3916 ab
360 3849 472 3938 anyelo
496 3851 667 3916 revelatum
682 3851 789 3938 finisse
813 3900 820 3914 .
843 3897 850 3914 .
872 3899 879 3914 .
905 3849 1099 3937 Affirmabant
1116 3853 1171 3916 al-

78 3939 169 4028 doeni,
177 3951 353 4016 ammom
362 3961 681 4035 novempeccatorum
690 3951 902 4014 remissionem
909 3947 1081 4012 revelatam
1096 3973 1171 4030 esse,

79 4045 178 4110 mess
189 4073 306 4116 annom
326 4049 471 4138 Trojano
491 4049 675 4134 imperante,
693 4059 723 4112 st
741 4047 928 4134 captiuam
940 4047 1170 4134 prmnpiebnt,
