2924 4818
242 495 294 548 lt!
462 495 502 549 De
520 495 595 548 Rom
615 495 693 550 Pont.
710 498 811 551 saeculi
829 497 907 564 primi
927 503 955 552 et
973 498 1089 552 secuml.

242 654 380 724 rumque
396 637 573 702 simulacra
587 643 734 704 venerati
750 651 845 722 suut;
867 641 890 704 ii
905 651 939 704 et
953 639 1083 704 Christo
1103 641 1364 708 maledixerunt.

243 733 476 800 Adfirmabant
491 745 612 818 autem,
627 735 713 801 hano
725 737 828 802 fuisse
845 759 1007 802 summam
1025 738 1078 802 vel
1091 739 1206 826 culpae
1215 761 1297 803 suae
1308 739 1363 803 vel

243 835 370 914 erroris,
395 833 484 918 quod
508 848 617 898 essent
640 835 725 899 soliti
750 845 832 900 stato
855 836 909 901 die
931 845 1007 899 ante
1030 835 1138 900 lucem
1162 840 1365 901 convenire:

243 951 441 1017 carmenque
456 928 587 996 Christo
603 935 696 1017 quasi
712 933 784 996 Deo
808 932 919 997 dicere
942 955 1053 997 seeum
1073 936 1233 998 invicem:
1260 955 1366 1020 seque

244 1039 447 1095 sacramento
471 1051 538 1094 non
562 1032 597 1094 in
616 1030 722 1094 soclus
736 1029 870 1116 aliquod
885 1029 1098 1116 obstringere,
1115 1031 1172 1097 sed
1194 1053 1237 1096 ne
1262 1031 1366 1114 furta,

244 1148 285 1194 ne
307 1126 490 1208 latrocinia,
514 1149 556 1192 ne
570 1125 732 1193 adulteria
747 1131 997 1210 committerent,
1014 1151 1055 1194 ne
1077 1131 1175 1194 fidem
1198 1129 1366 1212 fallerent,
1460 1159 1461 1170 ¹

244 1249 286 1292 ne
310 1224 494 1312 depositum
519 1225 673 1312 adpellati
689 1225 906 1312 abnegarent:
930 1228 1051 1313 quibus
1070 1231 1212 1314 peractis
1234 1249 1366 1293 morem

245 1323 308 1388 sibi
342 1323 534 1388 discedendi
564 1323 680 1407 fuisse,
714 1345 893 1411 rursusque
922 1326 1063 1390 coeundi
1095 1325 1137 1390 ad
1161 1325 1367 1412 capiendum
1460 1363 1461 1396 l

246 1422 367 1502 eibum,
383 1423 607 1507 promiscuum
621 1433 731 1488 tamen
756 1433 789 1486 et
802 1425 993 1488 innoxium:
1017 1424 1106 1510 quod
1130 1427 1237 1510 ipsum
1252 1423 1368 1488 facere
1460 1427 1461 1470 l

246 1520 382 1586 desiisse
410 1529 485 1604 post
516 1519 661 1585 edictum
685 1543 805 1602 meum,
831 1543 896 1607 quo
920 1522 1102 1587 secundum
1126 1520 1287 1586 mandata
1310 1532 1369 1586 tua

247 1619 409 1684 hetaerias
432 1635 502 1682 esse
526 1628 706 1684 vetueram.
750 1619 824 1700 Quo
848 1620 954 1703 magis
977 1621 1199 1683 necessarium
1223 1618 1368 1696 credidi,

247 1737 288 1780 ex
313 1714 443 1780 duabus
465 1714 604 1798 ancillis,
629 1737 713 1802 quae
746 1720 916 1782 ministrae
944 1716 1150 1796 dicebantur,
1174 1715 1255 1802 quid
1281 1727 1370 1780 esset

248 1815 317 1878 veri
341 1823 374 1878 ot
396 1833 455 1899 per
476 1823 639 1878 tormenta
661 1836 829 1900 quaerere.
876 1813 968 1880 Nihil
991 1813 1083 1878 aliud
1112 1814 1237 1894 inveni,
1264 1835 1368 1900 quarn

247 1914 512 1998 superstitionem
544 1933 682 1997 pravam
714 1923 747 1976 et
779 1914 1001 1978 immodicam.
1048 1911 1127 1976 Ideo
1158 1909 1261 1975 dilata
1295 1933 1370 1996 cog-

248 2012 383 2092 nitione,
399 2009 443 2074 ad
460 2009 698 2075 consulendum
723 2020 755 2074 te
779 2012 920 2076 decurri.
956 2009 1037 2074 Visa
1061 2012 1182 2073 etenim
1207 2009 1291 2073 milri
1319 2031 1370 2074 nes

249 2109 351 2193 digno
374 2106 623 2190 consultatione,
648 2110 793 2174 maxime
816 2097 950 2195 propter
971 2107 1230 2194 periclitantium
1253 2129 1370 2172 nume·

251 2227 332 2270 rum.
378 2203 474 2269 Multi
498 2206 587 2270 enim
611 2207 718 2271 omnis
750 2210 876 2290 aetatis,
904 2209 1011 2272 omnis
1035 2206 1169 2286 ordinis,
1194 2206 1370 2292 utriusque

251 2325 349 2368 sexus
364 2304 474 2385 etiem,
491 2311 653 2367 vocantur
673 2305 707 2368 in
730 2305 914 2390 periculum
939 2315 971 2368 et
986 2304 1203 2368 vocabuntur.
1250 2302 1370 2390 Neque

250 2405 338 2467 enim
363 2402 513 2465 civitates
541 2411 680 2482 tantum,
715 2402 772 2467 sed
795 2405 886 2467 vicos
916 2405 1015 2467 etiam
1039 2411 1073 2465 et
1094 2423 1190 2486 agros
1213 2403 1369 2486 supersti-

250 2501 358 2576 tionis
371 2499 466 2563 istius
488 2499 641 2584 contagio
672 2510 853 2584 pervagata
882 2511 947 2564 ost:
975 2521 1060 2587 quae
1083 2499 1217 2564 videtur
1240 2500 1313 2562 sisti
1339 2509 1370 2562 et

251 2599 369 2684 corrigi
403 2617 507 2684 posse.
564 2595 661 2662 Certe
700 2600 778 2662 satie
811 2607 952 2680 constat,
985 2619 1088 2684 prope
1115 2598 1187 2681 jam
1220 2596 1369 2661 desolata

252 2695 374 2782 templa
397 2697 543 2780 coepisse
567 2693 726 2760 celebrari
749 2706 782 2760 et
800 2718 894 2760 sacra
917 2695 1075 2760 solemnia
1098 2695 1156 2759 diu
1180 2696 1370 2759 intermissa

252 2795 372 2880 repeti:
402 2794 591 2878 passimque
615 2793 729 2856 venire
760 2796 922 2875 victimas,
948 2815 1088 2879 quarum
1112 2791 1221 2858 adhuc
1245 2794 1370 2856 rarissi-

253 2912 325 2956 mus
348 2899 476 2977 emptor
498 2890 741 2956 inveniebatur.
770 2891 825 2956 Ex
839 2913 903 2979 quo
926 2890 1024 2955 facilc
1048 2899 1097 2954 est
1119 2891 1258 2975 opinari,
1285 2910 1371 2974 quae

252 2989 349 3053 turba
362 2988 534 3054 hominurn
558 2987 727 3053 emendari
750 2991 862 3076 possit,
877 2991 904 3053 si
928 2989 986 3052 fiat
1008 2988 1230 3074 poenitentiae
1243 2985 1369 3051 locus.¹‘

341 3085 394 3152 31.
419 3083 474 3150 Ad
506 3087 713 3170 quaestiones
752 3087 850 3152 Plinii
884 3086 971 3152 hanc
1008 3085 1171 3170 Trajanus
1202 3085 1371 3171 rescripsit

253 3183 440 3272 epistolam:
468 3181 611 3266 „Actum
634 3205 733 3269 quem
758 3184 911 3266 debuisti,
937 3185 980 3247 mi
1006 3180 1176 3262 Secunde,
1208 3183 1243 3245 in
1273 3203 1370 3246 excu-

253 3281 374 3348 tiendis
398 3282 505 3345 causis
535 3301 658 3362 eorum,
689 3285 746 3369 qui
771 3281 951 3347 Christiani
981 3280 1024 3344 ad
1047 3288 1080 3343 te
1104 3277 1202 3343 delati
1226 3278 1370 3357 fuerant,

254 3389 385 3448 secutus
408 3401 452 3444 es.
499 3377 615 3467 Neque
635 3382 727 3446 enim
752 3383 785 3445 in
802 3383 994 3445 universum
1014 3376 1139 3462 aliquid
1163 3377 1253 3463 quod
1277 3379 1371 3464 quasi

255 3488 377 3545 certam
400 3477 540 3546 formam
565 3478 695 3558 habeat,
720 3481 874 3543 constitui
890 3485 1005 3564 potest.
1053 3473 1279 3561 Conquirendi
1305 3496 1371 3540 non

255 3587 349 3642 sunt:
373 3581 407 3642 si*
425 3577 615 3643 deferantur
629 3585 662 3638 et
675 3585 857 3661 arguantur
870 3573 1031 3661 puniendi
1056 3583 1150 3638 sunt:
1179 3575 1225 3636 ita
1248 3583 1371 3652 tamen,

255 3685 300 3758 ut,
325 3677 381 3762 qui
406 3677 579 3761 negaverit
600 3693 634 3738 se
659 3673 883 3739 Christianum
916 3693 996 3752 esse,
1029 3671 1130 3756 idque
1152 3691 1187 3735 re
1210 3671 1284 3755 ipsa
1307 3691 1372 3734 ma-

255 3773 411 3840 nifestum
427 3775 551 3856 feeerit,
569 3769 603 3837 id
619 3782 668 3837 est
683 3771 900 3858 supplicando
919 3770 984 3835 diis
1000 3770 1127 3848 nostris,
1138 3769 1291 3855 quamvis
1307 3789 1373 3832 sus·

255 3881 370 3959 pectus
386 3873 420 3937 in
439 3873 652 3958 praeteritum
667 3871 775 3951 fuerit,
791 3871 923 3934 veniam
939 3889 982 3932 ex
995 3867 1198 3953 poenitentia
1207 3866 1371 3951 impetret.
1460 3887 1461 3918 z

257 3965 335 4036 Sine
350 3980 483 4036 auctore
496 3989 576 4034 vero
586 3969 743 4054 propositi
759 3965 861 4033 libelli
877 3965 965 4032 nullo
982 3966 1119 4030 crimine
1129 3963 1238 4029 locum
1247 3963 1372 4028 habere

258 4069 395 4133 debent:
418 4087 497 4134 nam
519 4078 552 4132 et
574 4068 707 4153 pessimi
731 4066 884 4152 exempli,
903 4087 964 4130 nec
987 4064 1088 4128 nostri
1113 4059 1234 4126 saeculi
1259 4059 1372 4144 est‘st)

333 4263 351 4335 ¹)
370 4263 440 4316 sm.
459 4263 527 4331 nm.
546 4263 576 4316 n
596 4257 628 4316 x.
645 4276 707 4328 sps
726 4263 760 4312 or
780 4265 809 4313 e
826 4261 869 4312 oa
