2900 4800
243 467 297 524 aad
615 464 656 520 De
674 479 754 520 ceusu
772 465 889 522 Houorii
907 467 939 522 R
958 468 989 524 P.

244 619 350 674 totum
372 610 408 674 iu
431 631 469 674 eo
494 630 583 690 esse,
612 617 647 672 ut
679 608 850 690 ostendat,
881 611 917 674 in
942 609 1073 677 Christo
1104 635 1170 678 non
1194 636 1268 678 esse
1293 637 1368 680 con-

244 709 379 772 trariam
403 706 605 771 voluntatem
631 707 749 772 caruis.
794 707 848 771 De
871 707 1074 774 haclocntus
1096 711 1206 776 luerat
1217 710 1368 796 Sergius,

246 815 278 869 et
300 805 482 870 secundnm
505 824 637 870 sensnm
659 825 757 890 quem
772 806 899 891 exejus
915 807 1052 894 epistola
1075 818 1271 894 perceperat
1293 831 1368 874 eam

244 913 392 966 removet
414 902 600 983 Honorius,
633 901 782 988 adeoque
806 901 929 970 Christi
960 904 1159 972 humanitati
1182 927 1288 972 unam
1312 928 1368 970 vo·

243 1000 405 1066 luntetem
437 1022 507 1064 esse
540 1001 705 1064 convenit
752 999 1004 1084 Argumentatio
1029 1003 1168 1068 Honorii
1200 1004 1239 1068 id
1262 1015 1367 1068 osten-

246 1099 304 1164 dit.
352 1097 456 1180 Quia,
491 1097 617 1183 iuquit,
649 1118 668 1160 a
697 1096 872 1162 divinitate
902 1111 1072 1186 assumpta
1101 1111 1151 1166 est
1173 1112 1287 1166 nostra
1310 1123 1366 1166 na·

244 1205 337 1278 tura,
361 1218 427 1260 non
450 1195 567 1281 culpa,
591 1195 733 1260 fatemur
756 1217 855 1260 uuam
881 1194 1003 1264 Christi
1034 1198 1257 1279 voluntatem,
1281 1197 1367 1262 scili-

245 1302 299 1358 cet
330 1315 403 1358 eam
437 1315 522 1378 quae
546 1295 630 1358 inest
653 1303 791 1358 naturae
821 1293 986 1360 humanae
1009 1307 1086 1362 ante
1108 1297 1238 1383 lapsum
1261 1297 1368 1385 (recta

246 1401 278 1456 et
300 1391 417 1477 bona),
443 1414 509 1456 non
532 1413 610 1456 vcro
626 1389 830 1456 voluntatem
846 1395 955 1458 carnis
971 1417 1056 1480 quac
1079 1405 1128 1458 est
1150 1417 1170 1460 a
1195 1393 1305 1480 culpa.
1323 1431 1368 1442 -

245 1489 339 1554 Haec
371 1499 482 1554 autem
513 1489 665 1554 voluntas
698 1488 914 1556 humanitatis
946 1494 1080 1558 omnino
1114 1493 1294 1558 conformis
1317 1503 1368 1558 est

246 1609 322 1652 cum
346 1587 514 1652 voluntate
532 1588 658 1670 Patris,
683 1588 786 1652 etsie
809 1587 1079 1654 indirecteetiam
1104 1590 1272 1656 indicatur
1296 1593 1369 1656 uni·

245 1695 295 1750 tas
310 1685 443 1750 moralis
467 1685 645 1750 voluntatis
659 1684 825 1750 humanae
849 1695 882 1750 et
905 1685 1039 1752 divinae
1063 1689 1097 1752 iu
1114 1686 1256 1754 Christo.
1280 1693 1369 1754 Sunt

246 1785 303 1870 qui
327 1785 535 1864 existimant,
569 1783 686 1848 directa
715 1783 758 1846 ab
784 1783 930 1848 Honorio
965 1783 1130 1871 designari
1159 1784 1368 1850 voluntatem

246 1881 409 1946 moraliter
432 1903 533 1946 uuam
557 1879 782 1968 (concordem)
798 1879 984 1948 divinitatis
998 1893 1030 1946 et
1053 1881 1272 1948 humanitatis
1295 1905 1368 1946 rer-

246 1980 298 2044 bis
321 1979 403 2062 illis,
428 2001 513 2066 quac
536 1981 571 2043 in
595 1981 821 2065 quaestionem
844 1989 1016 2046 vocentur.
1049 1981 1139 2046 Huic
1162 1991 1276 2046 tamen
1298 1983 1368 2066 opi·

245 2079 338 2142 nioni
371 2099 438 2142 non
470 2079 680 2158 assentimur,
714 2077 793 2162 quia
824 2077 895 2141 sine
918 2079 1013 2161 gravi
1041 2079 1170 2144 ratione
1193 2080 1294 2144 nimis
1319 2077 1367 2144 illi

246 2175 405 2240 recedunt
427 2174 470 2240 ab
496 2174 716 2260 explicatione
744 2195 842 2261 quarn
875 2177 990 2240 coaevi
1015 2175 1193 2258 dederunt,
1218 2175 1368 2242 Josnnes

246 2271 314 2354 IV,
339 2273 524 2354 Maximus,
558 2282 591 2336 et
622 2272 769 2338 Joannes
792 2272 913 2351 abbas,
946 2295 1010 2358 quo
1044 2295 1140 2340 nemo
1172 2272 1291 2338 melius
1321 2276 1367 2338 in-

248 2371 359 2436 dicare
391 2372 512 2457 potuit,
547 2369 627 2457 quid
660 2371 826 2456 expressio
860 2369 916 2434 illa
949 2372 1126 2456 significet,
1160 2393 1264 2458 quum
1297 2374 1367 2458 ipse

248 2471 469 2554 composuerit
491 2468 631 2534 Honorii
655 2467 829 2554 epistolam
851 2467 895 2534 ad
918 2468 1116 2556 Sergium¹).

337 2567 389 2632 64.
415 2565 702 2632 Considerandum
720 2588 798 2630 vero
813 2575 862 2630 est
884 2567 905 2630 3
929 2615 937 2649 ,
962 2589 999 2632 eo
1023 2567 1155 2634 facilius
1178 2568 1249 2632 lieri
1274 2577 1368 2653 potu·

248 2666 330 2746 isse,
354 2675 391 2728 ut
423 2665 590 2730 Honorius
622 2665 747 2729 directe
778 2672 906 2728 tautum
938 2665 978 2730 de
1009 2665 1215 2732 humanitate
1242 2664 1365 2730 Christi

246 2761 451 2848 loqueretur,
476 2761 564 2848 quod
587 2783 691 2848 quum
715 2759 837 2826 Christi
861 2761 1066 2828 voluntatem
1089 2764 1242 2844 dicimus,
1269 2785 1366 2848 saepe

248 2860 289 2924 de
313 2860 481 2926 voluntate
505 2862 608 2946 ipsius
631 2859 776 2925 humane
791 2861 983 2944 cogitamus.
1029 2859 1157 2927 Divina
1179 2863 1270 2926 enim
1296 2861 1365 2946 ejus

248 2958 401 3024 voluntas
431 2959 462 3022 ei
492 2981 568 3024 cnm
591 2958 689 3023 Patre
722 2968 754 3022 et
777 2957 903 3042 Spiritu
926 2968 1039 3024 sancto
1063 2958 1180 3024 eadem
1203 2968 1269 3040 est3
1309 2957 1363 3022 hu·

248 3077 346 3120 mano
377 3078 455 3119 vero
491 3054 550 3119 soli
575 3054 705 3120 Christo
728 3056 861 3141 propria
885 3064 951 3140 est,
976 3059 1073 3120 sicuti
1097 3056 1193 3120 nobis
1217 3057 1363 3122 hnmana

248 3163 378 3236 nostra3
403 3165 435 3217 et
468 3153 546 3218 dum
572 3151 740 3218 Christum
764 3153 808 3240 (V
811 3151 927 3217 erbum
961 3154 1180 3234 incarnatum)
1213 3154 1362 3221 dicimus.

248 3249 311 3316 hac
335 3275 416 3316 voce
440 3250 542 3316 veluti
567 3251 776 3334 inducimur,
799 3261 837 3315 ut
855 3250 899 3315 ad
914 3272 953 3314 ea
977 3261 1120 3316 mentem
1144 3251 1361 3327 advertamus,

248 3371 334 3436 quae
357 3352 420 3437 ipsi
444 3352 486 3415 ob
510 3359 661 3415 naturam
684 3357 888 3435 assumptam
911 3357 988 3412 sunt
1010 3351 1152 3435 propria.

337 3449 390 3515 65.
415 3449 608 3512 Adversarii
642 3448 777 3534 quidem
811 3457 929 3532 urgent
958 3447 1154 3534 particulam
1186 3447 1361 3512 illativum:

248 3547 331 3612 uada
356 3557 388 3611 et
410 3569 511 3610 unam
534 3547 678 3610 fatemur
699 3545 919 3623 voluntatem,
953 3553 986 3608 ct
1008 3544 1233 3626 contendunt,
1258 3544 1359 3608 Hono·
1445 3579 1446 3603 ι

325 3768 348 3836 Ι)
367 3767 395 3822 Si
413 3767 456 3823 cui
484 3767 555 3822 forte
583 3767 737 3831 videretur,
764 3780 824 3820 curu
847 3769 976 3820 contextu
1004 3763 1091 3833 logice
1117 3766 1207 3835 magis
1226 3763 1360 3822 conum

249 3849 324 3906 illem
342 3848 556 3917 explicationem,
575 3861 629 3914 qua
647 3847 679 3902 de
698 3845 806 3900 unitate
824 3844 920 3900 morali
935 3859 984 3900 ssu
1002 3844 1142 3898 concordia
1160 3847 1309 3902 voluntatis
1324 3843 1359 3898 di·
1444 3851 1445 3862 *

250 3930 331 3986 rinae
349 3935 378 3984 et
395 3928 527 3984 humanae
547 3926 630 3982 verbu
646 3943 705 3982 aaa
722 3926 849 3980 colamus
874 3925 979 3980 directe
996 3923 1209 3993 intelliguntur,
1227 3927 1358 3982 adrem

250 4012 314 4068 duni
332 4015 391 4074 est,
409 4025 463 4064 uon
480 4023 586 4076 semper
603 4006 729 4062 strictam
747 4004 822 4060 illem
839 4005 959 4076 logicum
985 4019 1084 4060 nexum
1101 4021 1118 4060 a
1135 4003 1306 4072 loquentibus
1321 4003 1358 4056 rel

250 4089 429 4146 scribentibus
447 4088 592 4144 observari.
621 4087 791 4155 Quapropter
808 4085 1016 4153 inexpositr‘one
1034 4084 1142 4139 illorum
1156 4085 1297 4140 verborum
1311 4099 1357 4138 uon

250 4170 330 4224 unice
348 4170 382 4223 ed
399 4173 571 4234 contextum,
591 4168 639 4222 sed
656 4165 772 4221 maxims
790 4166 825 4220 ed
842 4165 1049 4234 explicationem
1066 4165 1186 4220 auctoris
1205 4165 1355 4230 aliorumque

252 4263 411 4302 coaevorum
428 4247 621 4303 attendendum
639 4251 689 4306 est.
