2766 4836
449 513 588 568 vindicias
607 473 715 568 osseas.
1114 504 1147 562 7⁵

8 660 12 715 l
54 654 259 740 lapsuLiberii
284 665 316 718 et
338 655 443 738 Hosii,
467 656 525 720 sed
547 665 651 720 totum
674 658 783 743 potius
808 658 894 722 istud
917 658 1144 743 fragmentum

7 788 11 867 Ι
53 755 186 838 posterius
211 755 362 818 existimo
386 777 455 818 esse
486 754 630 819 hominis
660 755 794 836 indocti,
827 757 883 842 qui
906 778 967 820 nec
990 755 1142 840 linguam·

8 887 9 890 ¹
51 874 177 934 graecam
203 852 347 936 perfecte
371 862 517 934 noverat,
549 863 582 916 et
612 855 720 918 miuus
753 857 852 918 etiam
884 863 988 918 artem
1011 853 1139 917 ratioci-

51 949 139 1014 modi.
183 950 271 1014 Nam
294 959 327 1014 et
349 951 528 1035 particulis,
554 951 673 1036 quibus
694 953 850 1016 orationis
874 961 982 1036 partes
1006 951 1139 1036 conjun-

50 1059 155 1130 guntur,
189 1047 331 1112 subinde
365 1049 449 1112 male
482 1049 645 1131 abutitur3
683 1059 715 1112 et
747 1049 847 1114 dictio
880 1051 983 1135 ipsius
1015 1049 1141 1134 aliquot

49 1145 110 1208 locis
130 1145 242 1210 haeret
265 1146 440 1232 impedita3
465 1149 639 1211 ratiocinia
653 1169 730 1212 vero
754 1148 874 1212 format
896 1147 994 1233 plane
1009 1148 1139 1212 misera.

50 1243 126 1322 Quod
147 1247 173 1308 si
198 1245 274 1330 quis
307 1243 363 1309 illa
396 1247 551 1309 orationis
583 1247 666 1310 vitia
699 1248 843 1310 maxime
876 1257 945 1311 orta
969 1245 1075 1310 credit
1097 1267 1142 1308 ex

48 1341 277 1425 parenthesibus
301 1342 341 1406 (16
365 1343 458 1427 lapsu
491 1342 617 1406 Liberii
650 1353 682 1407 et
714 1343 808 1407 Hosii
846 1353 957 1429 postea
989 1343 1140 1428 adjectis,

48 1461 95 1502 oon
117 1441 314 1504 contendam
348 1441 569 1522 vehementer,
604 1442 700 1508 modo
724 1442 875 1524 fateatur,
900 1443 1004 1526 magis
1028 1442 1142 1526 inopte

48 1538 160 1601 insertas
192 1561 274 1620 esse,
308 1561 408 1624 quam
440 1547 477 1601 ut
498 1538 708 1604 attribuenda
745 1541 809 1602 sint
832 1538 865 1604 S.
890 1538 1136 1626 Athanasio“¹).

48 1635 202 1700 —Etiam
226 1638 261 1700 in
284 1636 356 1700 1666
381 1637 544 1700 Historiae
567 1637 761 1702 Δ4116666661
784 1660 816 1702 n.
840 1639 897 1720 42,
922 1660 1005 1724 quae
1030 1636 1070 1700 (16
1085 1636 1138 1701 Li·

46 1732 109 1796 bcrii
130 1733 226 1820 lapsu
251 1736 372 1798 inserta
397 1745 481 1816 sunt,
506 1736 615 1800 minus
640 1757 715 1800 curu
733 1744 799 1798 toto
824 1744 980 1799 contextu
1003 1756 1138 1818 congru-

47 1845 96 1907 ont,
118 1843 148 1896 et
170 1834 416 1917 argumentatio
450 1834 568 1897 iterum
600 1831 780 1898 admodum
814 1833 944 1898 infirma
968 1842 1015 1896 est
1039 1842 1138 1917 atque

45 1931 67 1992 i.
86 1929 265 1996 Athanasio
297 1953 415 2017 parum
440 1929 550 2014 digna.
596 1931 769 2015 Praeterea
800 1933 826 1994 si
857 1940 969 2018 postea
992 1929 1138 1994 Athana-

45 2029 94 2090 sius
114 2029 279 2115 quaedam
303 2031 338 2093 in
360 2052 443 2115 opus
466 2029 613 2110 inseruit,
645 2028 807 2114 quomodo
840 2029 875 2093 id
897 2050 1066 2114 nunquam
1091 2029 1139 2090 in-

44 2123 134 2189 dicat?
158 2126 213 2191 vel
239 2149 339 2213 quare
363 2149 430 2191 non
463 2127 605 2192 mutavit
636 2125 814 2190 dictionem
848 2128 883 2191 in
906 2129 955 2210 iis,
989 2148 1073 2214 quae
1097 2125 1137 2190 de

45 2221 159 2289 Leontio
183 2235 345 2311 tanquam
370 2227 504 2288 vivente
529 2223 667 2288 scribit?
704 2225 744 2288 Id
768 2235 879 2290 tamen
902 2225 1010 2290 lacere
1034 2224 1139 2288 solent

42 2324 206 2406 scriptores,
224 2324 251 2386 si
267 2322 431 2408 quaedam
445 2322 573 2386 addunt
588 2324 718 2409 scriptis
741 2333 838 2387 antea
853 2324 959 2387 editis.
979 2363 1022 2370 —-
1036 2323 1138 2387 Hisce

42 2419 123 2500 igitur
153 2420 371 2486 confirmatur
403 2421 574 2503 sententia,
608 2420 834 2484 additamenta
867 2421 908 2485 (16
939 2421 1073 2486 Liborio
1107 2429 1139 2484 et

42 2515 124 2581 Hosio
147 2541 216 2584 non
241 2541 312 2583 6666
335 2519 423 2584 facta
446 2518 489 2584 ab
513 2519 584 2604 ipso
608 2517 802 2583 Athanasio.

114 2616 187 2681 101.
212 2615 247 2680 Si
273 2619 346 2704 quis
368 2618 408 2680 4⁰
442 2617 658 2682 nihilominus
689 2626 808 2699 censet,
833 2626 943 2682 textus
967 2619 1081 2681 citatos
1105 2614 1137 2680 S.
1148 2649 1307 2693 pomam

41 2709 197 2780 Athanasii
222 2737 303 2798 esse,
328 2725 360 2778 et
382 2714 424 2779 ab
449 2717 519 2800 ipso
543 2717 610 2779 61116
634 2715 799 2801 opusculis
816 2715 888 2801 jam
913 2715 1069 2778 6611166116
1093 2711 1307 2776 in·¹¹⁸⁸‘¹²⁰⁰i²⁰⁸·

42 2823 141 2896 artos,
175 2816 293 2878 merito
326 2811 577 2899 supponendum
611 2823 668 2896 est,
702 2812 921 2878 Athanasium
954 2810 1140 2876 rumoribus

40 2907 123 2991 lalcis,
146 2912 232 2975 forto
256 2913 356 2974 etiam
380 2912 557 2997 suppositis
572 2911 636 2975 illis
651 2911 806 2997 epistolis,
831 2911 1005 2996 deceptum
1028 2909 1138 2972 1111666.

41 3005 69 3068 ld
97 3008 159 3072 illis
191 3008 396 3094 temporibus
427 3008 524 3073 facile
548 3009 618 3074 lieri
643 3012 759 3096 potuit.
806 3010 923 3073 Nonne
947 3031 974 3072 e.
999 3030 1029 3092 g.
1054 3029 1140 3070 com-

1 3146 4 3152 ·
40 3109 132 3170 munis
156 3107 362 3172 eruditorum
386 3107 497 3193 opinio
530 3117 588 3192 est,
614 3107 646 3172 S.
671 3107 836 3172 Hilarium
861 3107 1035 3192 deceptum
1059 3125 1139 3186 6666,

1 3264 2 3294 ,
40 3201 103 3266 dom
134 3205 280 3270 credidit
310 3205 450 3269 Hosium
483 3228 552 3269 6666
584 3215 750 3270 auctorem
784 3205 948 3270 secundae
980 3200 1140 3266 formulae

40 3299 237 3368 Sirmiensis‘?
261 3303 407 3367 Facilius
431 3312 542 3368 autem
574 3303 644 3368 lieri
669 3305 785 3389 potuit,
820 3313 857 3367 ut
879 3301 1081 3366 Athanasius
1104 3300 1139 3362 in

40 3421 131 3464 cremo
155 3425 216 3488 per
239 3401 349 3488 plures
364 3424 467 3465 annos
481 3401 625 3480 latitans,
640 3401 840 3466 Arianorum
863 3398 1035 3464 fraudibus
1057 3396 1139 3461 falsa

1 3531 2 3558 ;
40 3495 71 3560 dc
92 3499 225 3564 Liberio
250 3499 380 3564 audiret
403 3509 435 3562 61
460 3499 616 3564 crederet.
654 3498 740 3564 Sane
765 3502 873 3564 minua
897 3507 1049 3563 accurate
1074 3495 1139 3559 dic·

101 3741 119 3806 ')
137 3737 170 3793 L.
191 3755 212 3792 6.
233 3738 257 3809 5.
277 3739 356 3796 VIIL
376 3756 402 3793 u.
423 3741 481 3794 125.
501 3769 535 3780 -
547 3739 734 3796 Τ1116166111166
753 3745 836 3806 tenet,
855 3739 1015 3808 Apologiam
1033 3739 1140 3794 nonnisi

40 3819 298 3884 131666616611111,
319 3825 347 3874 et
365 3819 448 3874 6116111
471 3835 516 3874 nn.
535 3823 577 3884 80,
603 3821 638 3874 90
657 3825 722 3874 tunc
749 3820 782 3874 ab
801 3820 950 3876 Athanasio
969 3819 1140 3888 consumptos,

39 3897 74 3948 eo
91 3907 184 3964 postea
202 3899 236 3953 ab
254 3915 286 3954 66
304 3900 477 3967 parentheses
504 3902 537 3953 de
564 3901 641 3968 lapsu
669 3900 768 3954 Libarii
798 3907 826 3954 61
845 3899 922 3954 Η6611
940 3899 1055 3954 insertos
1074 3915 1139 3954 6666.

40 3975 130 4032 Revera
149 3979 234 4034 dictio
254 3985 314 4034 tota
332 3980 416 4034 multo
444 3981 598 4048 elegantius
625 3979 687 4034 fluit
704 3980 830 4049 praecisis
855 3979 909 4034 illis
927 3979 1139 4048 parenthesibus.

40 4057 156 4114 Attamen
176 4060 272 4126 reliqui
291 4059 378 4114 critici
398 4060 537 4115 indubium
555 4060 663 4126 habent,
685 4061 741 4128 jam
760 4060 868 4114 61161161
886 4076 956 4114 auno
975 4061 1027 4114 352
1046 4061 1140 4127 Apolo-

40 4135 101 4200 giun
118 4140 246 4214 scriptam
265 4155 331 4204 esse,
360 4145 388 4193 ct
406 4141 472 4194 duos
498 4140 608 4195 ultimos
635 4157 758 4194 numeros
785 4149 878 4208 postea
897 4140 1022 4208 adjectos.
1059 4141 1140 4194 Forte

41 4225 125 4284 1116611,
150 4219 194 4273 uti
212 4219 304 4274 innuit
332 4219 375 4272 hic
402 4217 556 4289 Stiltingus,
576 4219 720 4287 impeditae
744 4221 807 4275 illas
824 4221 997 4290 parentheses
1014 4221 1047 4276 dc
1064 4221 1141 4289 lapsu

41 4294 127 4352 liberii
146 4308 176 4354 61
194 4300 270 4354 Η6611
288 4299 341 4354 alio
360 4300 442 4354 etiam
462 4306 580 4368 tempora
597 4301 716 4354 insertae
733 4306 805 4355 sunt.
