2836 4804
452 478 563 532 concilii
581 478 754 532 confirmatio.
1106 475 1158 530 311

140 619 188 684 Ita
210 622 312 704 igitur
335 643 443 685 canon
466 621 520 685 ille
534 621 687 686 XXVIH
710 620 837 686 nullum
853 621 1028 710 juridicam
1051 619 1160 706 acqui-

58 719 129 782 sivit
150 719 315 801 valorem3
353 727 498 784 attamen
531 720 569 784 de
594 720 688 807 sacto
720 721 865 804 episcopi
899 716 1024 783 CPtani
1055 719 1160 802 magis

58 819 219 902 magisque
249 819 437 896 effecerunt,
463 825 498 881 ut
530 815 759 903 dispositiones
792 838 829 880 eo
854 825 1025 882 contentae
1053 816 1160 880 obser·

58 925 216 978 verentur.

140 1012 190 1078 67.
214 1011 328 1076 Patres
362 1011 502 1076 Concilii
536 1011 814 1076 Chalcedonensis
841 1011 1033 1076 relationem
1066 1001 1162 1074 dede·
1179 1046 1277 1098 ΕΜ,
1291 1047 1318 1088 ,4

58 1119 127 1172 runt
150 1110 191 1173 ad
216 1111 362 1174 Leonem
377 1109 582 1190 Pontificem,
599 1112 633 1174 in
647 1132 713 1196 qua
727 1111 871 1196 primum
886 1117 1055 1196 exponunt
1077 1129 1162 1193 quae
1202 1108 1299 1150 lm

60 1207 87 1270 in
108 1209 237 1291 negotio
262 1207 339 1271 fidei
371 1217 505 1292 peracta
528 1218 630 1289 erant,
666 1209 742 1273 dein
766 1229 850 1295 quae
873 1206 1099 1272 resistentibus
1121 1203 1163 1268 le·

58 1305 134 1386 gatis
157 1305 198 1368 de
221 1305 404 1392 privilegiis
437 1303 523 1369 sedis
548 1304 699 1370 OPtanae
730 1307 793 1392 ipsi
817 1305 1042 1370 decreverant.
1086 1303 1163 1388 Epi·

13 1417 14 1496 ]
59 1401 164 1466 stolam
198 1403 250 1466 his
283 1402 501 1467 concludunt:
535 1403 575 1468 Ut
604 1415 707 1468 numm
738 1405 946 1490 capnoscatis,
979 1405 1054 1490 qnia
1085 1401 1166 1466 nicil

13 1507 14 1554 l
59 1499 149 1563 attat
180 1501 330 1564 donando
353 1523 416 1587 par
452 1503 590 1587 qratiam
614 1500 762 1586 sacimas,
806 1511 861 1565 aut
887 1524 949 1586 per
981 1502 1166 1564 inimicitias

13 1597 14 1632 l
61 1597 259 1677 cavasanae,
293 1599 349 1662 sed
380 1609 415 1662 ιιι
435 1609 515 1662 natu
537 1599 703 1685 mahometi
725 1600 844 1677 divino,
869 1621 987 1662 omnem
1008 1599 1095 1662 vobis
1117 1623 1165 1686 pa-

13 1751 14 1778 ,
60 1705 167 1760 aonam
189 1699 253 1760 cim
284 1697 514 1760 insinuavimus
546 1697 590 1760 ad
620 1696 900 1782 comprobationem
922 1707 1047 1760 nostrae
1071 1699 1165 1761 since-

62 1795 168 1872 ritatis,
193 1804 224 1856 et
248 1794 291 1858 ad
314 1817 418 1857 eoram
450 1817 528 1879 qnae
561 1817 582 1856 a
604 1793 694 1857 nobie
725 1805 812 1882 pecta
844 1804 916 1857 sant
929 1793 1114 1880 fimitatam
1138 1803 1167 1856 ct

13 1965 14 1980 ,
60 1890 332 1978 consonantiam).
380 1890 491 1971 Quum
514 1913 553 1956 ea
577 1913 660 1978 quae
674 1891 774 1955 fidem
797 1890 990 1976 spectabant
1013 1913 1054 1954 ex
1076 1912 1167 1975 prae·

13 2023 14 2060 3
62 1990 171 2073 scripto
196 1988 365 2052 Pontificio
387 1989 476 2052 facta
499 1995 615 2070 essent,
640 1989 843 2053 confirmatio
866 1989 969 2073 petita
993 2009 1034 2050 ex
1057 1985 1167 2051 indole

61 2087 99 2148 rei
128 2085 300 2172 spectabat
322 2089 499 2172 praecipue
522 2086 613 2151 illam
637 2087 723 2150 sedis
748 2085 900 2150 CPtanae
924 2084 1167 2149 exaltationem.

13 2185 14 2192 ’
62 2181 88 2246 S.
110 2183 176 2247 Leo
204 2185 238 2247 in
270 2184 415 2269 epistolis
448 2183 490 2247 ad
514 2183 715 2265 Anatolium,
740 2184 947 2247 Marcianum
976 2193 1007 2246 et
1030 2180 1167 2245 Pulche-

63 2281 136 2344 riam
160 2283 292 2367 scriptis
315 2281 474 2365 gaudium
498 2303 593 2345 suum
623 2283 780 2367 exprimit
803 2281 844 2345 de
868 2282 999 2364 negotio
1023 2280 1100 2344 iidei
1123 2280 1168 2344 fe-

64 2377 160 2442 liciter
183 2379 342 2461 coniecto,
368 2380 408 2444 dc
441 2378 568 2444 haeresi
601 2401 749 2464 repressa
781 2399 820 2442 ec
849 2378 889 2442 de
913 2399 994 2463 pace
1018 2378 1169 2442 ecclesia-

65 2497 128 2539 rum
150 2479 319 2560 restituta3
339 2487 371 2542 ct
393 2500 431 2542 eo
455 2479 525 2562 ipso
550 2477 681 2541 decreta
699 2477 776 2540 fidei
801 2477 918 2540 iterum
943 2475 1168 2540 confirmabat.

66 2572 121 2638 ted
153 2575 311 2660 epistolae
343 2574 417 2638 illae
441 2575 586 2638 maxime
618 2583 791 2638 versantur
819 2575 907 2636 circa
935 2574 1103 2638 decretum
1128 2573 1169 2637 de

66 2672 131 2736 sede
155 2673 302 2753 OPtana,
327 2671 415 2758 quod
438 2673 571 2736 omnino
594 2671 757 2758 reprobat.
805 2671 982 2756 Quumque
1006 2672 1079 2735 illae
1104 2673 1169 2755 epi·

67 2770 155 2834 stolae
179 2769 271 2834 haud
293 2769 549 2856 publicarentur,
582 2769 706 2834 factum
731 2779 787 2850 est,
813 2778 849 2832 ut
871 2790 1017 2833 rumores
1041 2791 1169 2853 sparge-

67 2877 170 2932 rentur
192 2871 228 2932 in
251 2867 396 2952 Oriente,
429 2891 449 2932 a
471 2867 631 2931 Pontifice
664 2866 849 2932 Concilium
882 2889 948 2930 non
972 2866 1169 2948 confirmari,

69 2963 161 3051 iisque
184 2965 372 3030 rumoribus
395 2967 445 3030 usi
471 2975 546 3030 sunt
568 2965 742 3048 haeretici,
767 2973 803 3028 ut
825 2985 900 3028 suos
924 2985 1047 3027 errores
1070 2963 1168 3028 auda·

68 3063 128 3126 cius
150 3064 414 3129 disseminarent.

146 3163 200 3227 68.
225 3161 307 3226 Inde
330 3172 496 3246 permotus
520 3171 568 3225 est
583 3161 780 3242 Marcianus,
797 3169 833 3224 ut
854 3182 886 3225 a.
909 3159 974 3223 453
998 3160 1094 3222 enixe
1118 3179 1170 3244 pe·

68 3267 140 3322 teret
172 3285 191 3324 a
215 3259 384 3338 Pontifice,
418 3269 454 3322 nt
486 3259 619 3323 tandem
649 3261 792 3322 mitteret
824 3257 1013 3342 explicitam
1045 3255 1170 3340 Synodi

71 3357 351 3438 confirmationem,
386 3379 469 3443 quae
499 3357 661 3442 publicari
700 3358 734 3419 in
765 3355 911 3420 ecclesiis
933 3365 1050 3440 posset.
1076 3355 1171 3440 Prop-

17 3459 18 3468 ’
71 3462 156 3534 terea,
181 3454 305 3536 scribit,
329 3454 475 3540 diprsetm·
483 3457 592 3540 pietas
606 3465 661 3518 tao
675 3456 795 3518 mittere
819 3453 952 3532 litterae,
976 3453 1085 3539 quibus
1107 3475 1171 3515 me-

17 3527 19 3620 l
72 3543 208 3626 affectum
222 3543 287 3628 fiat
310 3543 446 3608 ecclesiia
469 3543 609 3607 omnibns
632 3554 662 3607 et
679 3543 820 3629 papalia,
844 3565 923 3628 quiae
946 3545 980 3606 in
1004 3565 1095 3606 saara
1115 3539 1171 3626 Sy-

71 3641 142 3704 aodo
164 3652 252 3729 pecta
274 3652 346 3704 mat
369 3664 390 3704 a
412 3641 615 3704 Beatimdine
636 3651 739 3704 neena
761 3641 947 3724 confirmari.
972 3677 1015 3688 -—
1039 3640 1172 3724 Optime

72 3735 108 3799 ad
139 3738 220 3804 haec
253 3738 521 3803 animadvertunt
552 3738 668 3802 fratres
691 3737 846 3801 Ballerini
880 3739 914 3800 in
947 3761 1005 3802 sua
1029 3737 1171 3801 editione

72 3855 196 3917 opernm
228 3837 262 3902 S.
286 3836 423 3900 Leonis:
449 3837 587 3900 Litterae
620 3857 691 3921 erpo
723 3834 913 3920 apostolicae
938 3834 1039 3914 Sedis,
1062 3835 1173 3921 quibas

73 3934 323 4016 confinnadantar
346 3933 468 4021 Synodi
488 3933 658 4018 carcerales,
691 3933 838 4017 lapendae
866 3945 958 3996 crant
979 3935 1011 3998 in
1036 3932 1174 3996 ecclesiia

18 4081 19 4092 .
77 4029 213 4112 Οήιιιιιι,
237 4033 367 4116 baecqce
391 4031 583 4108 confirmatio
607 4033 641 4095 in
665 4032 800 4094 omnium
823 4032 968 4094 notitiam
991 4031 1173 4094 dediscenda

138 4252 161 4320 ¹)
178 4250 268 4304 Lebbe
286 4247 351 4304 Ooll.
370 4247 447 4302 Cone.
466 4245 495 4300 T.
515 4245 562 4300 IV.
581 4261 606 4313 p.
626 4247 686 4300 836.
