<?xml version="1.0" encoding="UTF-8"?>
<!DOCTYPE html PUBLIC "-//W3C//DTD XHTML 1.0 Transitional//EN"
    "http://www.w3.org/TR/xhtml1/DTD/xhtml1-transitional.dtd">
<html xmlns="http://www.w3.org/1999/xhtml" xml:lang="en" lang="en">
 <head>
  <title>
</title>
<meta http-equiv="Content-Type" content="text/html;charset=utf-8" />
  <meta name='ocr-system' content='tesseract 3.04.00' />
  <meta name='ocr-capabilities' content='ocr_page ocr_carea ocr_par ocr_line ocrx_word'/>
</head>
<body>
  <div class='ocr_page' id='page_1' title='image "./dissertationess02junggoog_0729.png"; bbox 0 0 2810 4846; ppageno 0'>
   <div class='ocr_carea' id='block_1_1' title="bbox 252 471 976 540">
    <p class='ocr_par' dir='ltr' id='par_1_1' title="bbox 252 471 976 540">
     <span class='ocr_line' id='line_1_1' title="bbox 252 471 976 540; baseline 0.003 -14"><span class='ocrx_word' id='word_1_1' title='bbox 252 475 306 527; x_wconf 74' lang='lat'>254</span> <span class='ocrx_word' id='word_1_2' title='bbox 640 473 681 526; x_wconf 87' lang='lat' dir='ltr'>De</span> <span class='ocrx_word' id='word_1_3' title='bbox 699 471 817 526; x_wconf 79' lang='lat' dir='ltr'>Concilio</span> <span class='ocrx_word' id='word_1_4' title='bbox 833 471 976 540; x_wconf 87' lang='lat' dir='ltr'>Ephesino.</span> 
     </span>
    </p>
   </div>
   <div class='ocr_carea' id='block_1_2' title="bbox 249 613 1344 1967">
    <p class='ocr_par' dir='ltr' id='par_1_2' title="bbox 249 613 1344 1967">
     <span class='ocr_line' id='line_1_2' title="bbox 249 613 1338 700; baseline 0.002 -20"><span class='ocrx_word' id='word_1_5' title='bbox 249 615 368 700; x_wconf 82' lang='lat' dir='ltr'>legeris</span> <span class='ocrx_word' id='word_1_6' title='bbox 393 637 476 700; x_wconf 88' lang='lat' dir='ltr'>quae</span> <span class='ocrx_word' id='word_1_7' title='bbox 509 624 621 680; x_wconf 82' lang='lat' dir='ltr'>uamat</span> <span class='ocrx_word' id='word_1_8' title='bbox 652 615 692 678; x_wconf 91' lang='lat' dir='ltr'>de</span> <span class='ocrx_word' id='word_1_9' title='bbox 721 613 872 678; x_wconf 87' lang='lat' dir='ltr'>libertate</span> <span class='ocrx_word' id='word_1_10' title='bbox 905 616 1076 694; x_wconf 84' lang='lat' dir='ltr'>examinis,</span> <span class='ocrx_word' id='word_1_11' title='bbox 1101 637 1165 700; x_wconf 91' lang='lat' dir='ltr'>qua</span> <span class='ocrx_word' id='word_1_12' title='bbox 1188 619 1290 682; x_wconf 88' lang='lat' dir='ltr'>omnis</span> <span class='ocrx_word' id='word_1_13' title='bbox 1311 621 1338 682; x_wconf 89' lang='lat' dir='ltr'>in</span> 
     </span>
     <span class='ocr_line' id='line_1_3' title="bbox 251 711 1342 800; baseline 0.002 -24"><span class='ocrx_word' id='word_1_14' title='bbox 251 713 375 796; x_wconf 88' lang='lat' dir='ltr'>synodo</span> <span class='ocrx_word' id='word_1_15' title='bbox 401 714 547 777; x_wconf 90' lang='lat' dir='ltr'>discussa</span> <span class='ocrx_word' id='word_1_16' title='bbox 577 713 716 792; x_wconf 86' lang='lat' dir='ltr'>fuerint,</span> <span class='ocrx_word' id='word_1_17' title='bbox 747 711 881 794; x_wconf 79' lang='lat' dir='ltr'><strong>dixeris,</strong></span> <span class='ocrx_word' id='word_1_18' title='bbox 904 712 951 778; x_wconf 93' lang='lat' dir='ltr'>ibi</span> <span class='ocrx_word' id='word_1_19' title='bbox 976 711 1101 798; x_wconf 87' lang='lat' dir='ltr'>amplas</span> <span class='ocrx_word' id='word_1_20' title='bbox 1124 713 1342 800; x_wconf 76' lang='lat' dir='ltr'><strong>disputationes</strong></span> 
     </span>
     <span class='ocr_line' id='line_1_4' title="bbox 252 808 1342 895; baseline 0.003 -21"><span class='ocrx_word' id='word_1_21' title='bbox 252 811 382 876; x_wconf 89' lang='lat' dir='ltr'>habitas</span> <span class='ocrx_word' id='word_1_22' title='bbox 404 831 484 891; x_wconf 90' lang='lat' dir='ltr'>esse,</span> <span class='ocrx_word' id='word_1_23' title='bbox 509 809 562 874; x_wconf 89' lang='lat' dir='ltr'>vel</span> <span class='ocrx_word' id='word_1_24' title='bbox 586 808 713 895; x_wconf 90' lang='lat' dir='ltr'>aliquos</span> <span class='ocrx_word' id='word_1_25' title='bbox 736 812 905 894; x_wconf 88' lang='lat' dir='ltr'>episcopos</span> <span class='ocrx_word' id='word_1_26' title='bbox 929 809 1071 874; x_wconf 86' lang='lat' dir='ltr'>Nestorii</span> <span class='ocrx_word' id='word_1_27' title='bbox 1096 833 1225 876; x_wconf 88' lang='lat' dir='ltr'>oausam</span> <span class='ocrx_word' id='word_1_28' title='bbox 1248 811 1342 878; x_wconf 88' lang='lat' dir='ltr'>dafen-</span> 
     </span>
     <span class='ocr_line' id='line_1_5' title="bbox 251 906 1342 996; baseline 0 -24"><span class='ocrx_word' id='word_1_29' title='bbox 251 909 348 986; x_wconf 86' lang='lat' dir='ltr'>disse,</span> <span class='ocrx_word' id='word_1_30' title='bbox 373 929 412 971; x_wconf 90' lang='lat' dir='ltr'>ac</span> <span class='ocrx_word' id='word_1_31' title='bbox 435 906 569 971; x_wconf 87' lang='lat' dir='ltr'>taudem</span> <span class='ocrx_word' id='word_1_32' title='bbox 592 906 746 970; x_wconf 90' lang='lat' dir='ltr'>omnibus</span> <span class='ocrx_word' id='word_1_33' title='bbox 770 908 804 972; x_wconf 89' lang='lat' dir='ltr'>iu</span> <span class='ocrx_word' id='word_1_34' title='bbox 828 917 1000 992; x_wconf 88' lang='lat' dir='ltr'>utramque</span> <span class='ocrx_word' id='word_1_35' title='bbox 1025 918 1150 993; x_wconf 88' lang='lat' dir='ltr'>partem</span> <span class='ocrx_word' id='word_1_36' title='bbox 1173 910 1342 996; x_wconf 72' lang='lat' dir='ltr'>ponderatis</span> 
     </span>
     <span class='ocr_line' id='line_1_6' title="bbox 253 1001 1342 1092; baseline 0.002 -24"><span class='ocrx_word' id='word_1_37' title='bbox 253 1006 450 1070; x_wconf 87' lang='lat' dir='ltr'>senteutiam</span> <span class='ocrx_word' id='word_1_38' title='bbox 474 1002 515 1066; x_wconf 89' lang='lat' dir='ltr'>de</span> <span class='ocrx_word' id='word_1_39' title='bbox 538 1001 753 1068; x_wconf 85' lang='lat' dir='ltr'>heterodoxis</span> <span class='ocrx_word' id='word_1_40' title='bbox 777 1002 946 1070; x_wconf 88' lang='lat' dir='ltr'>doctrinae</span> <span class='ocrx_word' id='word_1_41' title='bbox 963 1005 1103 1070; x_wconf 89' lang='lat' dir='ltr'>Nestorii</span> <span class='ocrx_word' id='word_1_42' title='bbox 1128 1029 1198 1071; x_wconf 89' lang='lat' dir='ltr'>esse</span> <span class='ocrx_word' id='word_1_43' title='bbox 1219 1029 1342 1092; x_wconf 91' lang='lat' dir='ltr'>pronun-</span> 
     </span>
     <span class='ocr_line' id='line_1_7' title="bbox 251 1100 1342 1190; baseline 0 -24"><span class='ocrx_word' id='word_1_44' title='bbox 251 1105 376 1168; x_wconf 89' lang='lat' dir='ltr'>tiatam.</span> <span class='ocrx_word' id='word_1_45' title='bbox 423 1101 488 1166; x_wconf 88' lang='lat' dir='ltr'>Sed</span> <span class='ocrx_word' id='word_1_46' title='bbox 512 1103 540 1166; x_wconf 92' lang='lat' dir='ltr'>si</span> <span class='ocrx_word' id='word_1_47' title='bbox 564 1100 738 1165; x_wconf 79' lang='lat' dir='ltr'>Actionem</span> <span class='ocrx_word' id='word_1_48' title='bbox 769 1103 906 1187; x_wconf 84' lang='lat' dir='ltr'>primam</span> <span class='ocrx_word' id='word_1_49' title='bbox 933 1102 1057 1187; x_wconf 87' lang='lat' dir='ltr'>Synodi</span> <span class='ocrx_word' id='word_1_50' title='bbox 1081 1103 1265 1189; x_wconf 87' lang='lat' dir='ltr'>Ephesinae</span> <span class='ocrx_word' id='word_1_51' title='bbox 1286 1127 1342 1190; x_wconf 88' lang='lat' dir='ltr'>per-</span> 
     </span>
     <span class='ocr_line' id='line_1_8' title="bbox 251 1198 1340 1287; baseline 0 -22"><span class='ocrx_word' id='word_1_52' title='bbox 251 1200 406 1265; x_wconf 81' lang='lat' dir='ltr'><strong>lustratus</strong></span> <span class='ocrx_word' id='word_1_53' title='bbox 430 1199 540 1278; x_wconf 71' lang='lat' dir='ltr'>fusus,</span> <span class='ocrx_word' id='word_1_54' title='bbox 557 1201 691 1264; x_wconf 92' lang='lat' dir='ltr'>omniuo</span> <span class='ocrx_word' id='word_1_55' title='bbox 706 1198 800 1262; x_wconf 87' lang='lat' dir='ltr'>aliter</span> <span class='ocrx_word' id='word_1_56' title='bbox 815 1221 884 1262; x_wconf 88' lang='lat' dir='ltr'>rem</span> <span class='ocrx_word' id='word_1_57' title='bbox 894 1201 1054 1266; x_wconf 88' lang='lat' dir='ltr'>accidisse</span> <span class='ocrx_word' id='word_1_58' title='bbox 1077 1225 1241 1286; x_wconf 81' lang='lat' dir='ltr'>agnosces.</span> <span class='ocrx_word' id='word_1_59' title='bbox 1263 1202 1340 1287; x_wconf 84' lang='lat' dir='ltr'>Epis·</span> 
     </span>
     <span class='ocr_line' id='line_1_9' title="bbox 252 1295 1341 1384; baseline -0.004 -20"><span class='ocrx_word' id='word_1_60' title='bbox 252 1301 326 1384; x_wconf 90' lang='lat' dir='ltr'>copi</span> <span class='ocrx_word' id='word_1_61' title='bbox 350 1320 392 1361; x_wconf 87' lang='lat' dir='ltr'>ex</span> <span class='ocrx_word' id='word_1_62' title='bbox 415 1298 546 1382; x_wconf 90' lang='lat' dir='ltr'>scriptis</span> <span class='ocrx_word' id='word_1_63' title='bbox 569 1307 645 1360; x_wconf 88' lang='lat' dir='ltr'>ante</span> <span class='ocrx_word' id='word_1_64' title='bbox 662 1295 846 1362; x_wconf 84' lang='lat' dir='ltr'>Concilium</span> <span class='ocrx_word' id='word_1_65' title='bbox 871 1297 989 1363; x_wconf 85' lang='lat' dir='ltr'>libellis</span> <span class='ocrx_word' id='word_1_66' title='bbox 1014 1298 1196 1364; x_wconf 83' lang='lat' dir='ltr'>doctrinam</span> <span class='ocrx_word' id='word_1_67' title='bbox 1220 1301 1341 1364; x_wconf 78' lang='lat' dir='ltr'>Nestorii</span> 
     </span>
     <span class='ocr_line' id='line_1_10' title="bbox 252 1392 1340 1483; baseline -0.001 -24"><span class='ocrx_word' id='word_1_68' title='bbox 252 1397 499 1481; x_wconf 90' lang='lat' dir='ltr'>oppositamque</span> <span class='ocrx_word' id='word_1_69' title='bbox 524 1392 639 1478; x_wconf 85' lang='lat' dir='ltr'>Cyrilli</span> <span class='ocrx_word' id='word_1_70' title='bbox 658 1395 730 1479; x_wconf 90' lang='lat' dir='ltr'>jam</span> <span class='ocrx_word' id='word_1_71' title='bbox 763 1395 1014 1478; x_wconf 78' lang='lat' dir='ltr'>cognoscebant,</span> <span class='ocrx_word' id='word_1_72' title='bbox 1046 1399 1151 1483; x_wconf 88' lang='lat' dir='ltr'>iisque</span> <span class='ocrx_word' id='word_1_73' title='bbox 1176 1398 1216 1462; x_wconf 92' lang='lat' dir='ltr'>de</span> <span class='ocrx_word' id='word_1_74' title='bbox 1238 1397 1340 1462; x_wconf 84' lang='lat' dir='ltr'>hetero-</span> 
     </span>
     <span class='ocr_line' id='line_1_11' title="bbox 253 1491 1344 1578; baseline -0.001 -21"><span class='ocrx_word' id='word_1_75' title='bbox 253 1494 353 1557; x_wconf 83' lang='lat' dir='ltr'>doxis</span> <span class='ocrx_word' id='word_1_76' title='bbox 366 1493 508 1556; x_wconf 87' lang='lat' dir='ltr'>Nestorii</span> <span class='ocrx_word' id='word_1_77' title='bbox 525 1513 717 1576; x_wconf 91' lang='lat' dir='ltr'>persuasum</span> <span class='ocrx_word' id='word_1_78' title='bbox 741 1502 819 1556; x_wconf 89' lang='lat' dir='ltr'>erat.</span> <span class='ocrx_word' id='word_1_79' title='bbox 844 1492 884 1558; x_wconf 92' lang='lat' dir='ltr'>In</span> <span class='ocrx_word' id='word_1_80' title='bbox 894 1491 1029 1578; x_wconf 86' lang='lat' dir='ltr'>Synodo</span> <span class='ocrx_word' id='word_1_81' title='bbox 1051 1494 1136 1558; x_wconf 87' lang='lat' dir='ltr'>lecta</span> <span class='ocrx_word' id='word_1_82' title='bbox 1152 1506 1227 1559; x_wconf 88' lang='lat' dir='ltr'>sunt</span> <span class='ocrx_word' id='word_1_83' title='bbox 1240 1495 1344 1578; x_wconf 87' lang='lat' dir='ltr'>scripta</span> 
     </span>
     <span class='ocr_line' id='line_1_12' title="bbox 252 1587 1344 1673; baseline -0.002 -19"><span class='ocrx_word' id='word_1_84' title='bbox 252 1591 404 1671; x_wconf 88' lang='lat' dir='ltr'>Nestorii,</span> <span class='ocrx_word' id='word_1_85' title='bbox 437 1587 563 1673; x_wconf 88' lang='lat' dir='ltr'>Cyrilli,</span> <span class='ocrx_word' id='word_1_86' title='bbox 598 1587 783 1670; x_wconf 87' lang='lat' dir='ltr'>Coelestiui,</span> <span class='ocrx_word' id='word_1_87' title='bbox 815 1613 854 1654; x_wconf 90' lang='lat' dir='ltr'>ao</span> <span class='ocrx_word' id='word_1_88' title='bbox 883 1592 1071 1655; x_wconf 89' lang='lat' dir='ltr'>testimonia</span> <span class='ocrx_word' id='word_1_89' title='bbox 1092 1592 1228 1657; x_wconf 88' lang='lat' dir='ltr'>Patrum</span> <span class='ocrx_word' id='word_1_90' title='bbox 1256 1591 1344 1656; x_wconf 84' lang='lat' dir='ltr'>ortho-</span> 
     </span>
     <span class='ocr_line' id='line_1_13' title="bbox 254 1687 1344 1772; baseline -0.005 -19"><span class='ocrx_word' id='word_1_91' title='bbox 254 1689 342 1753; x_wconf 84' lang='lat' dir='ltr'>doxa</span> <span class='ocrx_word' id='word_1_92' title='bbox 365 1688 405 1752; x_wconf 90' lang='lat' dir='ltr'>de</span> <span class='ocrx_word' id='word_1_93' title='bbox 430 1687 671 1768; x_wconf 73' lang='lat' dir='ltr'>luminatione,</span> <span class='ocrx_word' id='word_1_94' title='bbox 702 1697 734 1752; x_wconf 89' lang='lat' dir='ltr'>et</span> <span class='ocrx_word' id='word_1_95' title='bbox 764 1689 835 1752; x_wconf 90' lang='lat' dir='ltr'>siue</span> <span class='ocrx_word' id='word_1_96' title='bbox 865 1687 976 1752; x_wconf 90' lang='lat' dir='ltr'>multis</span> <span class='ocrx_word' id='word_1_97' title='bbox 1000 1689 1256 1754; x_wconf 87' lang='lat' dir='ltr'>discussionibus</span> <span class='ocrx_word' id='word_1_98' title='bbox 1277 1689 1344 1772; x_wconf 86' lang='lat' dir='ltr'>epis·</span> 
     </span>
     <span class='ocr_line' id='line_1_14' title="bbox 254 1785 1344 1872; baseline -0.003 -22"><span class='ocrx_word' id='word_1_99' title='bbox 254 1789 327 1872; x_wconf 87' lang='lat' dir='ltr'>copi</span> <span class='ocrx_word' id='word_1_100' title='bbox 351 1807 444 1850; x_wconf 92' lang='lat' dir='ltr'>suam</span> <span class='ocrx_word' id='word_1_101' title='bbox 468 1786 663 1850; x_wconf 87' lang='lat' dir='ltr'>sententiam</span> <span class='ocrx_word' id='word_1_102' title='bbox 694 1787 957 1870; x_wconf 84' lang='lat' dir='ltr'>pronuntiarunt,</span> <span class='ocrx_word' id='word_1_103' title='bbox 990 1809 1055 1871; x_wconf 90' lang='lat' dir='ltr'>qua</span> <span class='ocrx_word' id='word_1_104' title='bbox 1083 1785 1265 1872; x_wconf 87' lang='lat' dir='ltr'>approbant</span> <span class='ocrx_word' id='word_1_105' title='bbox 1285 1785 1344 1850; x_wconf 89' lang='lat' dir='ltr'>doc·</span> 
     </span>
     <span class='ocr_line' id='line_1_15' title="bbox 253 1882 970 1967; baseline -0.001 -19"><span class='ocrx_word' id='word_1_106' title='bbox 253 1887 373 1948; x_wconf 89' lang='lat' dir='ltr'>trinam</span> <span class='ocrx_word' id='word_1_107' title='bbox 398 1882 513 1967; x_wconf 87' lang='lat' dir='ltr'>Cyrilli</span> <span class='ocrx_word' id='word_1_108' title='bbox 537 1893 569 1946; x_wconf 90' lang='lat' dir='ltr'>et</span> <span class='ocrx_word' id='word_1_109' title='bbox 592 1883 778 1947; x_wconf 86' lang='lat' dir='ltr'>Nestorium</span> <span class='ocrx_word' id='word_1_110' title='bbox 803 1883 970 1948; x_wconf 88' lang='lat' dir='ltr'>damnant.</span> 
     </span>
    </p>
   </div>
   <div class='ocr_carea' id='block_1_3' title="bbox 87 1979 1343 2068">
    <p class='ocr_par' dir='ltr' id='par_1_3' title="bbox 87 1979 1343 2068">
     <span class='ocr_line' id='line_1_16' title="bbox 87 1979 1343 2068; baseline -0.002 -22"><span class='ocrx_word' id='word_1_111' title='bbox 87 1993 129 2034; x_wconf 66' lang='lat' dir='ltr'>Eva</span> <span class='ocrx_word' id='word_1_112' title='bbox 131 1996 180 2035; x_wconf 67' lang='lat' dir='ltr'>emt</span> <span class='ocrx_word' id='word_1_113' title='bbox 156 1997 245 2045; x_wconf 70' lang='lat' dir='ltr'>usust</span> <span class='ocrx_word' id='word_1_114' title='bbox 343 1984 396 2047; x_wconf 76' lang='lat'>87.</span> <span class='ocrx_word' id='word_1_115' title='bbox 419 1982 497 2045; x_wconf 87' lang='lat' dir='ltr'>Post</span> <span class='ocrx_word' id='word_1_116' title='bbox 521 1979 705 2044; x_wconf 85' lang='lat' dir='ltr'>Concilium</span> <span class='ocrx_word' id='word_1_117' title='bbox 720 1979 924 2064; x_wconf 87' lang='lat' dir='ltr'>Ephesinum</span> <span class='ocrx_word' id='word_1_118' title='bbox 950 1981 1116 2068; x_wconf 88' lang='lat' dir='ltr'>aliquanto</span> <span class='ocrx_word' id='word_1_119' title='bbox 1140 1991 1282 2067; x_wconf 87' lang='lat' dir='ltr'>tempore</span> <span class='ocrx_word' id='word_1_120' title='bbox 1300 1980 1343 2044; x_wconf 68' lang='lat' dir='ltr'>lo</span> 
     </span>
    </p>
   </div>
   <div class='ocr_carea' id='block_1_4' title="bbox 110 2055 225 2106">
    <p class='ocr_par' dir='ltr' id='par_1_4' title="bbox 110 2055 225 2106">
     <span class='ocr_line' id='line_1_17' title="bbox 110 2055 225 2106; baseline 0.024 -12"><span class='ocrx_word' id='word_1_121' title='bbox 110 2055 225 2106; x_wconf 72' lang='lat' dir='ltr'>synodum</span> 
     </span>
    </p>
   </div>
   <div class='ocr_carea' id='block_1_5' title="bbox 106 3963 233 4014">
    <p class='ocr_par' dir='ltr' id='par_1_5' title="bbox 106 3963 233 4014">
     <span class='ocr_line' id='line_1_18' title="bbox 106 3963 233 4014; baseline 0.008 -10"><span class='ocrx_word' id='word_1_122' title='bbox 106 3963 233 4014; x_wconf 73' lang='lat' dir='ltr'>Appellatio.</span> 
     </span>
    </p>
   </div>
   <div class='ocr_carea' id='block_1_6' title="bbox 254 2077 1343 3623">
    <p class='ocr_par' dir='ltr' id='par_1_6' title="bbox 254 2077 1343 3623">
     <span class='ocr_line' id='line_1_19' title="bbox 255 2077 1342 2165; baseline -0.006 -21"><span class='ocrx_word' id='word_1_123' title='bbox 255 2102 357 2144; x_wconf 85' lang='lat' dir='ltr'>annos</span> <span class='ocrx_word' id='word_1_124' title='bbox 389 2077 625 2157; x_wconf 89' lang='lat' dir='ltr'>Antiochenus,</span> <span class='ocrx_word' id='word_1_125' title='bbox 656 2077 890 2159; x_wconf 84' lang='lat' dir='ltr'>Theodoretus,</span> <span class='ocrx_word' id='word_1_126' title='bbox 924 2079 1099 2165; x_wconf 89' lang='lat' dir='ltr'>pluresque</span> <span class='ocrx_word' id='word_1_127' title='bbox 1129 2077 1186 2142; x_wconf 89' lang='lat' dir='ltr'>alii</span> <span class='ocrx_word' id='word_1_128' title='bbox 1220 2077 1342 2164; x_wconf 83' lang='lat' dir='ltr'>episcopi</span> 
     </span>
     <span class='ocr_line' id='line_1_20' title="bbox 255 2173 1342 2261; baseline -0.006 -20"><span class='ocrx_word' id='word_1_129' title='bbox 255 2177 440 2242; x_wconf 90' lang='lat' dir='ltr'>Orientis</span> <span class='ocrx_word' id='word_1_130' title='bbox 432 2199 466 2240; x_wconf 92' lang='lat'>111</span> <span class='ocrx_word' id='word_1_131' title='bbox 499 2198 558 2240; x_wconf 91' lang='lat' dir='ltr'>sua</span> <span class='ocrx_word' id='word_1_132' title='bbox 587 2177 791 2261; x_wconf 91' lang='lat' dir='ltr'>oppositione</span> <span class='ocrx_word' id='word_1_133' title='bbox 823 2186 1082 2260; x_wconf 86' lang='lat' dir='ltr'>perseverarunt.</span> <span class='ocrx_word' id='word_1_134' title='bbox 1129 2176 1280 2240; x_wconf 82' lang='lat' dir='ltr'>Attamen</span> <span class='ocrx_word' id='word_1_135' title='bbox 1301 2173 1342 2236; x_wconf 85' lang='lat' dir='ltr'>illa</span> 
     </span>
     <span class='ocr_line' id='line_1_21' title="bbox 255 2273 1342 2360; baseline -0.006 -22"><span class='ocrx_word' id='word_1_136' title='bbox 255 2276 415 2360; x_wconf 90' lang='lat' dir='ltr'>oppositio</span> <span class='ocrx_word' id='word_1_137' title='bbox 440 2273 548 2359; x_wconf 91' lang='lat' dir='ltr'>quoad</span> <span class='ocrx_word' id='word_1_138' title='bbox 572 2273 729 2358; x_wconf 88' lang='lat' dir='ltr'>plurimos</span> <span class='ocrx_word' id='word_1_139' title='bbox 752 2275 861 2358; x_wconf 90' lang='lat' dir='ltr'>potius</span> <span class='ocrx_word' id='word_1_140' title='bbox 885 2297 927 2338; x_wconf 84' lang='lat' dir='ltr'>ex</span> <span class='ocrx_word' id='word_1_141' title='bbox 950 2284 1042 2338; x_wconf 91' lang='lat' dir='ltr'>aestu</span> <span class='ocrx_word' id='word_1_142' title='bbox 1064 2276 1227 2358; x_wconf 89' lang='lat' dir='ltr'>passionis</span> <span class='ocrx_word' id='word_1_143' title='bbox 1250 2292 1342 2358; x_wconf 79' lang='lat' dir='ltr'>prors-</span> 
     </span>
     <span class='ocr_line' id='line_1_22' title="bbox 254 2369 1342 2458; baseline -0.006 -23"><span class='ocrx_word' id='word_1_144' title='bbox 254 2373 376 2452; x_wconf 90' lang='lat' dir='ltr'>niebat,</span> <span class='ocrx_word' id='word_1_145' title='bbox 410 2393 508 2458; x_wconf 87' lang='lat' dir='ltr'>quam</span> <span class='ocrx_word' id='word_1_146' title='bbox 539 2393 580 2436; x_wconf 87' lang='lat' dir='ltr'>ex</span> <span class='ocrx_word' id='word_1_147' title='bbox 608 2371 816 2436; x_wconf 87' lang='lat' dir='ltr'>heterodoxis</span> <span class='ocrx_word' id='word_1_148' title='bbox 849 2371 1069 2456; x_wconf 88' lang='lat' dir='ltr'>opinionibus.</span> <span class='ocrx_word' id='word_1_149' title='bbox 1123 2372 1180 2436; x_wconf 88' lang='lat' dir='ltr'>Ira</span> <span class='ocrx_word' id='word_1_150' title='bbox 1211 2369 1342 2434; x_wconf 83' lang='lat' dir='ltr'>videlicet</span> 
     </span>
     <span class='ocr_line' id='line_1_23' title="bbox 255 2467 1343 2555; baseline -0.007 -21"><span class='ocrx_word' id='word_1_151' title='bbox 255 2479 288 2534; x_wconf 91' lang='lat' dir='ltr'>et</span> <span class='ocrx_word' id='word_1_152' title='bbox 319 2471 526 2534; x_wconf 88' lang='lat' dir='ltr'>animositate</span> <span class='ocrx_word' id='word_1_153' title='bbox 559 2468 683 2534; x_wconf 89' lang='lat' dir='ltr'>seducti</span> <span class='ocrx_word' id='word_1_154' title='bbox 717 2469 780 2534; x_wconf 91' lang='lat' dir='ltr'>sibi</span> <span class='ocrx_word' id='word_1_155' title='bbox 812 2478 1054 2554; x_wconf 90' lang='lat' dir='ltr'>persuaserunt,</span> <span class='ocrx_word' id='word_1_156' title='bbox 1088 2469 1130 2532; x_wconf 92' lang='lat' dir='ltr'>ab</span> <span class='ocrx_word' id='word_1_157' title='bbox 1165 2471 1243 2555; x_wconf 88' lang='lat' dir='ltr'>ipsis</span> <span class='ocrx_word' id='word_1_158' title='bbox 1273 2467 1343 2548; x_wconf 76' lang='lat' dir='ltr'>exigi</span> 
     </span>
     <span class='ocr_line' id='line_1_24' title="bbox 254 2566 1342 2652; baseline -0.006 -22"><span class='ocrx_word' id='word_1_159' title='bbox 254 2567 490 2652; x_wconf 88' lang='lat' dir='ltr'>professionem</span> <span class='ocrx_word' id='word_1_160' title='bbox 514 2569 612 2632; x_wconf 89' lang='lat' dir='ltr'>unius</span> <span class='ocrx_word' id='word_1_161' title='bbox 625 2577 762 2630; x_wconf 88' lang='lat' dir='ltr'>naturae</span> <span class='ocrx_word' id='word_1_162' title='bbox 786 2569 819 2630; x_wconf 93' lang='lat' dir='ltr'>in</span> <span class='ocrx_word' id='word_1_163' title='bbox 837 2566 976 2647; x_wconf 88' lang='lat' dir='ltr'>Christo,</span> <span class='ocrx_word' id='word_1_164' title='bbox 997 2566 1165 2632; x_wconf 82' lang='lat' dir='ltr'>doctrinas</span> <span class='ocrx_word' id='word_1_165' title='bbox 1180 2568 1342 2632; x_wconf 88' lang='lat' dir='ltr'>Arianismo</span> 
     </span>
     <span class='ocr_line' id='line_1_25' title="bbox 255 2663 1342 2750; baseline -0.008 -21"><span class='ocrx_word' id='word_1_166' title='bbox 255 2676 288 2729; x_wconf 91' lang='lat' dir='ltr'>et</span> <span class='ocrx_word' id='word_1_167' title='bbox 311 2663 567 2749; x_wconf 88' lang='lat' dir='ltr'>Apollinarismo</span> <span class='ocrx_word' id='word_1_168' title='bbox 596 2664 739 2742; x_wconf 79' lang='lat' dir='ltr'>¹infectas</span> <span class='ocrx_word' id='word_1_169' title='bbox 764 2663 878 2748; x_wconf 86' lang='lat' dir='ltr'>Cyrilli</span> <span class='ocrx_word' id='word_1_170' title='bbox 913 2666 1043 2750; x_wconf 90' lang='lat' dir='ltr'>scriptis</span> <span class='ocrx_word' id='word_1_171' title='bbox 1065 2665 1177 2746; x_wconf 87' lang='lat' dir='ltr'>latere,</span> <span class='ocrx_word' id='word_1_172' title='bbox 1202 2665 1342 2730; x_wconf 72' lang='lat' dir='ltr'>doctrinas</span> 
     </span>
     <span class='ocr_line' id='line_1_26' title="bbox 254 2759 1342 2848; baseline -0.004 -22"><span class='ocrx_word' id='word_1_173' title='bbox 254 2763 403 2826; x_wconf 88' lang='lat' dir='ltr'>Nestorio</span> <span class='ocrx_word' id='word_1_174' title='bbox 428 2762 610 2846; x_wconf 88' lang='lat' dir='ltr'>adscriptas</span> <span class='ocrx_word' id='word_1_175' title='bbox 634 2783 704 2824; x_wconf 89' lang='lat' dir='ltr'>esse</span> <span class='ocrx_word' id='word_1_176' title='bbox 726 2763 860 2847; x_wconf 90' lang='lat' dir='ltr'>quidem</span> <span class='ocrx_word' id='word_1_177' title='bbox 891 2783 1062 2848; x_wconf 87' lang='lat' dir='ltr'>perversas</span> <span class='ocrx_word' id='word_1_178' title='bbox 1094 2773 1127 2826; x_wconf 90' lang='lat' dir='ltr'>et</span> <span class='ocrx_word' id='word_1_179' title='bbox 1151 2759 1342 2827; x_wconf 79' lang='lat' dir='ltr'>damnandas.</span> 
     </span>
     <span class='ocr_line' id='line_1_27' title="bbox 255 2859 1342 2946; baseline -0.007 -22"><span class='ocrx_word' id='word_1_180' title='bbox 255 2860 313 2924; x_wconf 91' lang='lat' dir='ltr'>sed</span> <span class='ocrx_word' id='word_1_181' title='bbox 336 2860 522 2924; x_wconf 89' lang='lat' dir='ltr'>Nestorium</span> <span class='ocrx_word' id='word_1_182' title='bbox 547 2859 626 2923; x_wconf 87' lang='lat' dir='ltr'>talia</span> <span class='ocrx_word' id='word_1_183' title='bbox 649 2859 740 2924; x_wconf 92' lang='lat' dir='ltr'>haud</span> <span class='ocrx_word' id='word_1_184' title='bbox 764 2861 913 2926; x_wconf 90' lang='lat' dir='ltr'>docuisse</span> <span class='ocrx_word' id='word_1_185' title='bbox 944 2881 1085 2946; x_wconf 88' lang='lat' dir='ltr'>eumque</span> <span class='ocrx_word' id='word_1_186' title='bbox 1109 2863 1267 2926; x_wconf 85' lang='lat' dir='ltr'>immerito</span> <span class='ocrx_word' id='word_1_187' title='bbox 1287 2875 1342 2920; x_wconf 84' lang='lat' dir='ltr'>esse</span> 
     </span>
     <span class='ocr_line' id='line_1_28' title="bbox 256 2956 1342 3043; baseline -0.005 -21"><span class='ocrx_word' id='word_1_188' title='bbox 256 2958 458 3022; x_wconf 89' lang='lat' dir='ltr'>damnatum.</span> <span class='ocrx_word' id='word_1_189' title='bbox 502 2956 668 3023; x_wconf 87' lang='lat' dir='ltr'>Paulatim</span> <span class='ocrx_word' id='word_1_190' title='bbox 701 2967 821 3038; x_wconf 87' lang='lat' dir='ltr'>tamen,</span> <span class='ocrx_word' id='word_1_191' title='bbox 855 2969 991 3042; x_wconf 86' lang='lat' dir='ltr'>urgente</span> <span class='ocrx_word' id='word_1_192' title='bbox 1021 2958 1222 3043; x_wconf 86' lang='lat' dir='ltr'>Imperatore</span> <span class='ocrx_word' id='word_1_193' title='bbox 1243 2967 1272 3019; x_wconf 89' lang='lat' dir='ltr'>et</span> <span class='ocrx_word' id='word_1_194' title='bbox 1292 2973 1342 3016; x_wconf 86' lang='lat' dir='ltr'>roo·</span> 
     </span>
     <span class='ocr_line' id='line_1_29' title="bbox 255 3053 1341 3140; baseline -0.008 -21"><span class='ocrx_word' id='word_1_195' title='bbox 255 3065 353 3119; x_wconf 89' lang='lat' dir='ltr'>ncnte</span> <span class='ocrx_word' id='word_1_196' title='bbox 387 3053 580 3136; x_wconf 83' lang='lat' dir='ltr'>Caelestino,</span> <span class='ocrx_word' id='word_1_197' title='bbox 613 3055 656 3120; x_wconf 88' lang='lat' dir='ltr'>ad</span> <span class='ocrx_word' id='word_1_198' title='bbox 679 3077 794 3140; x_wconf 91' lang='lat' dir='ltr'>pacem</span> <span class='ocrx_word' id='word_1_199' title='bbox 827 3065 860 3120; x_wconf 89' lang='lat' dir='ltr'>et</span> <span class='ocrx_word' id='word_1_200' title='bbox 891 3058 1046 3120; x_wconf 88' lang='lat' dir='ltr'>unionem</span> <span class='ocrx_word' id='word_1_201' title='bbox 1078 3065 1268 3140; x_wconf 87' lang='lat' dir='ltr'>perventum</span> <span class='ocrx_word' id='word_1_202' title='bbox 1297 3063 1341 3114; x_wconf 83' lang='lat' dir='ltr'>est</span> 
     </span>
     <span class='ocr_line' id='line_1_30' title="bbox 257 3145 1342 3240; baseline -0.009 -22"><span class='ocrx_word' id='word_1_203' title='bbox 257 3151 399 3237; x_wconf 89' lang='lat' dir='ltr'>Cyrillus</span> <span class='ocrx_word' id='word_1_204' title='bbox 422 3174 463 3216; x_wconf 83' lang='lat' dir='ltr'>ex</span> <span class='ocrx_word' id='word_1_205' title='bbox 487 3164 579 3238; x_wconf 90' lang='lat' dir='ltr'>parto</span> <span class='ocrx_word' id='word_1_206' title='bbox 604 3173 663 3216; x_wconf 89' lang='lat' dir='ltr'>sua</span> <span class='ocrx_word' id='word_1_207' title='bbox 686 3153 870 3236; x_wconf 87' lang='lat' dir='ltr'>symbolum</span> <span class='ocrx_word' id='word_1_208' title='bbox 905 3153 993 3240; x_wconf 93' lang='lat' dir='ltr'>quod</span> <span class='ocrx_word' id='word_1_209' title='bbox 1017 3153 1063 3218; x_wconf 90' lang='lat' dir='ltr'>illi</span> <span class='ocrx_word' id='word_1_210' title='bbox 1087 3153 1230 3239; x_wconf 88' lang='lat' dir='ltr'>episcopi</span> <span class='ocrx_word' id='word_1_211' title='bbox 1253 3145 1342 3212; x_wconf 86' lang='lat' dir='ltr'>edide-</span> 
     </span>
     <span class='ocr_line' id='line_1_31' title="bbox 255 3243 1341 3338; baseline -0.006 -23"><span class='ocrx_word' id='word_1_212' title='bbox 255 3261 333 3315; x_wconf 91' lang='lat' dir='ltr'>runt</span> <span class='ocrx_word' id='word_1_213' title='bbox 355 3260 391 3313; x_wconf 90' lang='lat' dir='ltr'>ut</span> <span class='ocrx_word' id='word_1_214' title='bbox 413 3250 510 3335; x_wconf 89' lang='lat' dir='ltr'>plane</span> <span class='ocrx_word' id='word_1_215' title='bbox 534 3251 751 3315; x_wconf 86' lang='lat' dir='ltr'>orthodoxum</span> <span class='ocrx_word' id='word_1_216' title='bbox 771 3253 903 3336; x_wconf 87' lang='lat' dir='ltr'>recepit,</span> <span class='ocrx_word' id='word_1_217' title='bbox 928 3262 960 3316; x_wconf 92' lang='lat' dir='ltr'>et</span> <span class='ocrx_word' id='word_1_218' title='bbox 982 3250 1254 3338; x_wconf 88' lang='lat' dir='ltr'>explicationibus</span> <span class='ocrx_word' id='word_1_219' title='bbox 1274 3243 1341 3308; x_wconf 73' lang='lat' dir='ltr'>dalis</span> 
     </span>
     <span class='ocr_line' id='line_1_32' title="bbox 255 3339 1341 3434; baseline -0.006 -22"><span class='ocrx_word' id='word_1_220' title='bbox 255 3348 319 3414; x_wconf 91' lang='lat' dir='ltr'>illis</span> <span class='ocrx_word' id='word_1_221' title='bbox 351 3347 502 3432; x_wconf 91' lang='lat' dir='ltr'>praebuit</span> <span class='ocrx_word' id='word_1_222' title='bbox 534 3350 738 3412; x_wconf 88' lang='lat' dir='ltr'>occasionem</span> <span class='ocrx_word' id='word_1_223' title='bbox 771 3358 808 3412; x_wconf 91' lang='lat' dir='ltr'>ut</span> <span class='ocrx_word' id='word_1_224' title='bbox 839 3359 1070 3434; x_wconf 87' lang='lat' dir='ltr'>agnoscerent,</span> <span class='ocrx_word' id='word_1_225' title='bbox 1104 3373 1138 3414; x_wconf 90' lang='lat' dir='ltr'>se</span> <span class='ocrx_word' id='word_1_226' title='bbox 1173 3351 1205 3412; x_wconf 94' lang='lat' dir='ltr'>in</span> <span class='ocrx_word' id='word_1_227' title='bbox 1235 3339 1341 3426; x_wconf 75' lang='lat' dir='ltr'>scriptis</span> 
     </span>
     <span class='ocr_line' id='line_1_33' title="bbox 256 3444 1339 3531; baseline -0.006 -21"><span class='ocrx_word' id='word_1_228' title='bbox 256 3448 323 3510; x_wconf 92' lang='lat' dir='ltr'>suis</span> <span class='ocrx_word' id='word_1_229' title='bbox 347 3467 470 3510; x_wconf 88' lang='lat' dir='ltr'>errores</span> <span class='ocrx_word' id='word_1_230' title='bbox 493 3444 581 3510; x_wconf 90' lang='lat' dir='ltr'>haud</span> <span class='ocrx_word' id='word_1_231' title='bbox 605 3448 828 3530; x_wconf 81' lang='lat' dir='ltr'>proposuisse3</span> <span class='ocrx_word' id='word_1_232' title='bbox 852 3457 1014 3531; x_wconf 91' lang='lat' dir='ltr'>postremo</span> <span class='ocrx_word' id='word_1_233' title='bbox 1039 3449 1137 3512; x_wconf 89' lang='lat' dir='ltr'>stiam</span> <span class='ocrx_word' id='word_1_234' title='bbox 1161 3446 1227 3510; x_wconf 85' lang='lat' dir='ltr'>fere</span> <span class='ocrx_word' id='word_1_235' title='bbox 1249 3457 1339 3506; x_wconf 63' lang='lat' dir='ltr'>omnes</span> 
     </span>
     <span class='ocr_line' id='line_1_34' title="bbox 256 3535 1340 3623; baseline -0.005 -15"><span class='ocrx_word' id='word_1_236' title='bbox 256 3566 295 3608; x_wconf 89' lang='lat' dir='ltr'>eo</span> <span class='ocrx_word' id='word_1_237' title='bbox 311 3543 445 3608; x_wconf 87' lang='lat' dir='ltr'>adducti</span> <span class='ocrx_word' id='word_1_238' title='bbox 469 3553 554 3623; x_wconf 87' lang='lat' dir='ltr'>sunt,</span> <span class='ocrx_word' id='word_1_239' title='bbox 579 3553 616 3606; x_wconf 93' lang='lat' dir='ltr'>ut</span> <span class='ocrx_word' id='word_1_240' title='bbox 624 3543 765 3606; x_wconf 87' lang='lat' dir='ltr'>Nestorii</span> <span class='ocrx_word' id='word_1_241' title='bbox 790 3543 992 3608; x_wconf 82' lang='lat' dir='ltr'>damnationi</span> <span class='ocrx_word' id='word_1_242' title='bbox 1016 3543 1263 3609; x_wconf 87' lang='lat' dir='ltr'>subscriberent.</span> <span class='ocrx_word' id='word_1_243' title='bbox 1302 3535 1340 3598; x_wconf 66' lang='lat' dir='ltr'>lla</span> 
     </span>
    </p>
   </div>
   <div class='ocr_carea' id='block_1_7' title="bbox 252 3629 1340 4310">
    <p class='ocr_par' dir='ltr' id='par_1_7' title="bbox 256 3629 1339 3922">
     <span class='ocr_line' id='line_1_35' title="bbox 256 3629 1339 3726; baseline -0.006 -20"><span class='ocrx_word' id='word_1_244' title='bbox 256 3665 286 3706; x_wconf 90' lang='lat' dir='ltr'>a.</span> <span class='ocrx_word' id='word_1_245' title='bbox 309 3641 375 3706; x_wconf 79' lang='lat'>435</span> <span class='ocrx_word' id='word_1_246' title='bbox 398 3663 465 3726; x_wconf 87' lang='lat' dir='ltr'>pax</span> <span class='ocrx_word' id='word_1_247' title='bbox 498 3643 630 3704; x_wconf 92' lang='lat' dir='ltr'>omniuo</span> <span class='ocrx_word' id='word_1_248' title='bbox 663 3642 812 3704; x_wconf 89' lang='lat' dir='ltr'>restituta</span> <span class='ocrx_word' id='word_1_249' title='bbox 835 3651 901 3723; x_wconf 83' lang='lat' dir='ltr'>cst3</span> <span class='ocrx_word' id='word_1_250' title='bbox 939 3643 1036 3726; x_wconf 88' lang='lat' dir='ltr'>pauci</span> <span class='ocrx_word' id='word_1_251' title='bbox 1068 3651 1196 3705; x_wconf 85' lang='lat' dir='ltr'>tanturn</span> <span class='ocrx_word' id='word_1_252' title='bbox 1218 3629 1339 3722; x_wconf 81' lang='lat' dir='ltr'>episcopi</span> 
     </span>
     <span class='ocr_line' id='line_1_36' title="bbox 256 3733 1339 3823; baseline -0.004 -21"><span class='ocrx_word' id='word_1_253' title='bbox 256 3738 422 3819; x_wconf 87' lang='lat' dir='ltr'>obstinati,</span> <span class='ocrx_word' id='word_1_254' title='bbox 455 3739 503 3801; x_wconf 91' lang='lat' dir='ltr'>uti</span> <span class='ocrx_word' id='word_1_255' title='bbox 532 3736 681 3802; x_wconf 87' lang='lat' dir='ltr'>lleletius</span> <span class='ocrx_word' id='word_1_256' title='bbox 706 3738 955 3823; x_wconf 88' lang='lat' dir='ltr'>Mopsuestenus</span> <span class='ocrx_word' id='word_1_257' title='bbox 984 3749 1017 3804; x_wconf 90' lang='lat' dir='ltr'>et</span> <span class='ocrx_word' id='word_1_258' title='bbox 1038 3737 1226 3804; x_wconf 80' lang='lat' dir='ltr'>Alexander</span> <span class='ocrx_word' id='word_1_259' title='bbox 1248 3733 1339 3798; x_wconf 70' lang='lat' dir='ltr'>Hiero</span> 
     </span>
     <span class='ocr_line' id='line_1_37' title="bbox 256 3834 1005 3922; baseline 0.005 -24"><span class='ocrx_word' id='word_1_260' title='bbox 256 3835 430 3921; x_wconf 89' lang='lat' dir='ltr'>politanus,</span> <span class='ocrx_word' id='word_1_261' title='bbox 455 3857 497 3898; x_wconf 84' lang='lat' dir='ltr'>ex</span> <span class='ocrx_word' id='word_1_262' title='bbox 521 3834 653 3898; x_wconf 90' lang='lat' dir='ltr'>sedibus</span> <span class='ocrx_word' id='word_1_263' title='bbox 678 3837 745 3898; x_wconf 90' lang='lat' dir='ltr'>suis</span> <span class='ocrx_word' id='word_1_264' title='bbox 769 3835 895 3922; x_wconf 91' lang='lat' dir='ltr'>depulsi</span> <span class='ocrx_word' id='word_1_265' title='bbox 919 3845 1005 3902; x_wconf 90' lang='lat' dir='ltr'>sunt.</span> 
     </span>
    </p>

    <p class='ocr_par' dir='ltr' id='par_1_8' title="bbox 252 3933 1340 4310">
     <span class='ocr_line' id='line_1_38' title="bbox 346 3933 1340 4007; baseline -0.004 -11"><span class='ocrx_word' id='word_1_266' title='bbox 346 3933 397 3996; x_wconf 89' lang='grc'>88.</span> <span class='ocrx_word' id='word_1_267' title='bbox 422 3933 540 3998; x_wconf 89' lang='lat' dir='ltr'>Paucis</span> <span class='ocrx_word' id='word_1_268' title='bbox 565 3953 641 3996; x_wconf 90' lang='lat' dir='ltr'>vero</span> <span class='ocrx_word' id='word_1_269' title='bbox 666 3935 821 3998; x_wconf 88' lang='lat' dir='ltr'>convenit</span> <span class='ocrx_word' id='word_1_270' title='bbox 852 3933 1007 3998; x_wconf 88' lang='lat' dir='ltr'>hocloco</span> <span class='ocrx_word' id='word_1_271' title='bbox 1032 3949 1276 3999; x_wconf 88' lang='lat' dir='ltr'>commemorare</span> <span class='ocrx_word' id='word_1_272' title='bbox 1297 3945 1340 4007; x_wconf 78' lang='lat' dir='ltr'>op·</span> 
     </span>
     <span class='ocr_line' id='line_1_39' title="bbox 252 4025 1339 4117; baseline -0.001 -23"><span class='ocrx_word' id='word_1_273' title='bbox 252 4029 459 4116; x_wconf 73' lang='lat' dir='ltr'>pollutionem</span> <span class='ocrx_word' id='word_1_274' title='bbox 482 4029 526 4094; x_wconf 89' lang='lat' dir='ltr'>ad</span> <span class='ocrx_word' id='word_1_275' title='bbox 550 4027 673 4094; x_wconf 71' lang='lat' dir='ltr'>Siculum</span> <span class='ocrx_word' id='word_1_276' title='bbox 697 4031 750 4096; x_wconf 86' lang='lat' dir='ltr'>III</span> <span class='ocrx_word' id='word_1_277' title='bbox 765 4031 858 4098; x_wconf 89' lang='lat' dir='ltr'>Rom.</span> <span class='ocrx_word' id='word_1_278' title='bbox 872 4031 1078 4112; x_wconf 87' lang='lat' dir='ltr'>Pontificem,</span> <span class='ocrx_word' id='word_1_279' title='bbox 1103 4051 1197 4117; x_wconf 86' lang='lat' dir='ltr'>quam</span> <span class='ocrx_word' id='word_1_280' title='bbox 1220 4025 1260 4093; x_wconf 82' lang='lat' dir='ltr'>sd</span> <span class='ocrx_word' id='word_1_281' title='bbox 1279 4039 1339 4086; x_wconf 71' lang='lat' dir='ltr'>eum</span> 
     </span>
     <span class='ocr_line' id='line_1_40' title="bbox 259 4121 1339 4212; baseline -0.003 -23"><span class='ocrx_word' id='word_1_282' title='bbox 259 4125 450 4190; x_wconf 87' lang='lat' dir='ltr'>direxerunt</span> <span class='ocrx_word' id='word_1_283' title='bbox 473 4149 500 4190; x_wconf 91' lang='lat' dir='ltr'>a.</span> <span class='ocrx_word' id='word_1_284' title='bbox 526 4127 591 4190; x_wconf 85' lang='lat'>433</span> <span class='ocrx_word' id='word_1_285' title='bbox 607 4127 778 4192; x_wconf 87' lang='lat' dir='ltr'>Helladius</span> <span class='ocrx_word' id='word_1_286' title='bbox 799 4129 979 4212; x_wconf 85' lang='lat' dir='ltr'>Tarsensis,</span> <span class='ocrx_word' id='word_1_287' title='bbox 1003 4139 1036 4194; x_wconf 87' lang='lat' dir='ltr'>et</span> <span class='ocrx_word' id='word_1_288' title='bbox 1059 4129 1232 4194; x_wconf 84' lang='lat' dir='ltr'>Eutherius</span> <span class='ocrx_word' id='word_1_289' title='bbox 1252 4121 1339 4201; x_wconf 67' lang='lat' dir='ltr'>Thya·</span> 
     </span>
     <span class='ocr_line' id='line_1_41' title="bbox 260 4223 1339 4310; baseline 0.001 -24"><span class='ocrx_word' id='word_1_290' title='bbox 260 4243 361 4286; x_wconf 89' lang='lat' dir='ltr'>naeus</span> <span class='ocrx_word' id='word_1_291' title='bbox 384 4223 620 4308; x_wconf 86' lang='lat' dir='ltr'>Metropolitae,</span> <span class='ocrx_word' id='word_1_292' title='bbox 651 4247 752 4310; x_wconf 92' lang='lat' dir='ltr'>quum</span> <span class='ocrx_word' id='word_1_293' title='bbox 784 4225 930 4292; x_wconf 72' lang='lat' dir='ltr'>ioannes</span> <span class='ocrx_word' id='word_1_294' title='bbox 961 4227 1184 4292; x_wconf 88' lang='lat' dir='ltr'>Antiooheuus</span> <span class='ocrx_word' id='word_1_295' title='bbox 1201 4225 1266 4310; x_wconf 89' lang='lat' dir='ltr'>jam</span> <span class='ocrx_word' id='word_1_296' title='bbox 1286 4235 1339 4280; x_wconf 69' lang='lat' dir='ltr'>mu·</span> 
     </span>
    </p>
   </div>
   <div class='ocr_carea' id='block_1_8' title="bbox 0 0 1412 4846">
    <p class='ocr_par' dir='ltr' id='par_1_9' title="bbox 0 0 1412 4846">
     <span class='ocr_line' id='line_1_42' title="bbox 0 0 1412 4846; baseline 0 0"><span class='ocrx_word' id='word_1_297' title='bbox 0 0 1412 4846; x_wconf 95' lang='lat' dir='ltr'> </span> 
     </span>
    </p>
   </div>
  </div>
 </body>
</html>
