2836 4804
482 416 593 472 Consilii
611 417 762 472 celebratio.
1127 417 1179 468 303

77 560 143 626 bont
166 560 219 625 vel
243 543 481 646 loquebantur3
514 560 571 624 sed
601 559 689 645 quod
713 558 828 624 habito
853 556 1000 622 Concilio
1024 557 1179 642 generali,

74 661 152 724 etin
175 658 442 744 frequentissimo
473 659 572 722 totius
600 656 769 722 Ecclesiae
801 665 977 737 conventu,
1012 657 1178 720 communi

74 757 220 842 suffrafflo
250 754 472 839 Eutychianis
504 754 669 820 erroribus
701 757 820 819 iterum
853 753 1091 836 condemnatis,
1114 775 1179 839 quo

76 853 184 918 obrius
209 854 360 918 doctrina
383 851 545 918 catholice
568 875 667 938 quam
690 853 758 917 Leo
782 851 964 916 tradiderat
987 851 1181 916 confirmata

74 961 142 1034 erat,
167 975 206 1016 co
231 953 377 1037 iniquior
399 973 511 1016 corum
535 951 709 1016 insolentia
732 949 922 1036 apparebat,
954 951 1010 1033 qui
1034 959 1180 1014 mentem

76 1060 192 1114 manre
224 1047 432 1114 recusabant.
470 1087 513 1096 -
556 1048 650 1114 Haec
682 1049 723 1112 de
757 1046 894 1133 epistola
927 1046 959 1111 S.
984 1046 1106 1110 Leonis
1138 1048 1181 1112 ad

75 1146 266 1212 Flavianum
290 1148 425 1232 ejusque
450 1145 697 1211 confirmatione
721 1149 754 1210 in
771 1144 905 1231 Synodo
921 1143 1183 1210 Chalcedonensi

76 1245 152 1308 fecta
176 1245 355 1309 sufficiant.

154 1342 210 1406 56.
234 1341 312 1406 Jam
352 1362 644 1405 commemoremus
680 1340 816 1427 reliqua,
846 1361 930 1425 quae
967 1346 1001 1407 in
1035 1341 1182 1407 Concilio
1194 1354 1254 1397 Aetio
1269 1354 1352 1404 quina.

76 1438 333 1504 Chalcedonensi
356 1440 489 1524 majoris
509 1441 669 1503 momenti
685 1439 888 1503 acciderunt.
918 1443 1049 1508 Actione
1074 1443 1185 1526 quinta

76 1560 109 1600 ea
138 1537 228 1600 facta
262 1546 310 1600 est
342 1536 421 1600 fidei
452 1537 623 1622 expositio,
656 1559 741 1622 quae
764 1559 784 1600 a
809 1535 956 1605 Concilio
980 1541 1082 1625 petita
1106 1547 1183 1602 erat.

78 1635 180 1720 itque
208 1657 309 1720 quum
333 1635 426 1698 initio
451 1645 645 1719 praeparata
678 1635 793 1698 fuisset
816 1635 858 1698 ab
883 1637 1037 1702 Anatolio
1061 1647 1093 1700 et
1117 1637 1185 1722 qui-

13 1736 19 1779 ·'
78 1731 212 1797 busdam
238 1734 400 1817 episcopis
424 1733 592 1816 professio,
618 1755 701 1817 quac
725 1755 791 1798 non
815 1737 893 1796 satis
916 1734 1073 1820 explicita
1096 1734 1185 1798 vide-

13 1885 14 1890 ,
78 1827 168 1894 batur
180 1829 224 1894 ad
243 1851 366 1892 errores
378 1829 686 1915 lilonophysitarum
696 1831 853 1894 radicitus
867 1830 1118 1913 abscindendos,
1136 1853 1185 1894 ur-

12 1973 13 1977 ,
76 1927 227 2010 gentibus
250 1927 366 2012 legatis
389 1926 464 1991 talis
487 1927 637 1990 coniecta
660 1937 710 1991 est
724 1928 882 2010 definitio,
906 1951 991 2016 quae
1014 1929 1057 1992 ad
1081 1950 1186 1992 amus·

13 2100 16 2111 ¹
78 2028 131 2088 sim
156 2024 380 2110 respondebat
404 2025 572 2088 doctrinae
604 2047 624 2088 a
655 2025 767 2089 Leone
799 2029 833 2090 in
865 2049 924 2092 sita
947 2027 1085 2113 epistola
1116 2047 1186 2111 pro-

12 2120 16 2149 *
79 2127 210 2207 positae.
257 2123 298 2186 In
322 2122 437 2186 eadem
460 2122 651 2187 definitione
675 2145 709 2186 se
733 2124 926 2189 confirmare
950 2126 1066 2190 dicunt
1088 2124 1187 2189 fidem

79 2218 299 2286 Conciliorum
322 2220 604 2305 praecedentium,
629 2243 672 2284 ex
704 2243 767 2306 quo
792 2225 963 2308 perspicue
987 2223 1090 2306 vides,
1116 2245 1188 2286 con-

75 2316 292 2382 firmationem
316 2339 358 2382 ex
382 2341 415 2382 se
439 2341 505 2382 non
530 2340 567 2382 eo
599 2328 727 2382 tantum
756 2323 927 2404 pertinere,
953 2332 1096 2407 atquae
1120 2323 1188 2384 vim

75 2415 204 2498 plenam
229 2416 376 2480 nondum
399 2415 568 2480 habebant
601 2415 835 2498 stabilirentur,
869 2419 926 2483 sed
951 2421 1048 2483 ctiam
1073 2419 1190 2482 doctri-

76 2514 122 2576 nis
145 2522 180 2576 et
203 2512 363 2597 symbolis
386 2513 583 2578 firmissimis
615 2535 688 2578 cam
721 2536 814 2600 posse
839 2517 990 2583 conferri.
1037 2516 1190 2602 Synodus

76 2610 209 2676 mevit
241 2621 314 2676 ante
346 2612 461 2693 omnia,
487 2611 654 2696 inquiunt,
669 2612 769 2695 fldem
798 2615 951 2697 intepram
975 2627 1004 2679 et
1026 2618 1189 2680 intemera-

10 2722 13 2741 '
76 2719 135 2772 tam
153 2731 343 2796 pernoscere
367 2719 573 2772 trecentorum
587 2709 690 2772 decem
713 2721 742 2772 et
762 2721 828 2774 octo
852 2723 1030 2777 sanctorum
1043 2714 1190 2776 Patrem:

76 2818 102 2870 st
122 2807 289 2890 confirment
319 2807 504 2884 doctrinam,
538 2828 616 2892 quae
648 2807 687 2870 de
720 2807 896 2872 susbstantia
929 2809 1067 2896 Spiritus
1091 2810 1193 2872 sancti

76 2927 94 2966 a
114 2904 267 2970 Patribus
290 2914 410 2968 centum
435 2906 664 2990 quinquaqinta
687 2917 803 2990 postea
830 2909 1025 2992 conprepatis
1046 2908 1081 2969 in
1103 2906 1192 2992 sepia

73 3004 202 3066 ciuitate
227 3002 349 3067 medita
372 3013 427 3080 est,
445 3013 579 3087 propter
609 3001 684 3066 iilos
713 3005 768 3087 qui
790 3001 930 3088 Spiritui
953 3014 1059 3068 sancto
1083 3025 1192 3088 repun-

74 3100 216 3165 uetant:
249 3150 256 3164 .
289 3149 296 3163 .
330 3149 337 3164 .
356 3111 491 3186 propter
513 3099 588 3164 ilios
612 3111 714 3163 erstem
737 3102 791 3184 qssi
814 3101 1061 3186 dispensationis
1083 3110 1191 3186 cayste-

74 3201 155 3262 rium
179 3221 374 3282 corrumpere
410 3209 563 3262 cessantur
595 3208 624 3260 et
649 3221 767 3282 petrum
796 3199 947 3262 bominem
970 3222 1033 3266 esse
1056 3201 1191 3283 penitam

75 3317 113 3358 aa
135 3307 250 3360 sancta
280 3296 405 3382 Virpine
438 3297 550 3359 Maria
572 3296 769 3380 impudenter
798 3295 946 3373 delirant,
971 3296 1120 3382 epistolas
1144 3319 1192 3380 sy·

76 3394 207 3458 modicas
231 3393 406 3458 beatissimi
441 3391 555 3478 Cyoilli
585 3393 826 3456 Alemandrinae
859 3394 1006 3457 ecclesiae
1031 3392 1193 3456 [bacculis

76 3490 118 3552 ad
142 3493 330 3556 Nestorium
358 3503 388 3554 et
416 3491 459 3554 ad
486 3490 662 3554 Orientaies
694 3502 896 3574 conpruenter
924 3492 1071 3554 babentes
1094 3511 1192 3553 snsce-

70 3592 143 3672 pit:
167 3639 176 3653 .
202 3638 209 3653 .
237 3639 244 3654 .
270 3639 277 3654 .
302 3591 412 3676 quibus
446 3590 540 3652 etiam
572 3599 600 3650 et
624 3589 790 3674 epistolam
821 3612 952 3674 magnae
976 3588 1021 3671 (et
1044 3587 1192 3670 senioris)

76 3687 196 3750 Romae
220 3687 382 3752 Praemia
404 3687 578 3750 beatissimi
601 3697 630 3750 et
654 3687 845 3750 sanctissimi
867 3686 1096 3772 arebiepiscopi
1119 3684 1193 3746 Leo·

74 3787 136 3862 nis,
160 3808 241 3870 qaae
268 3789 388 3871 scripta
420 3795 466 3848 est
495 3785 539 3848 ad
570 3794 698 3848 sanctae
730 3785 896 3847 memoriae
928 3783 1194 3866 archiepiscopum

76 3881 269 3946 Flavianum
293 3883 336 3947 ad
353 3883 572 3970 perimendam
603 3883 720 3946 malam
743 3882 922 3963 Eutycbetis
944 3879 1193 3965 intelliqentiam,

75 3993 184 4066 utpote
208 3992 239 4044 et
261 3983 368 4066 mapni
390 3980 480 4044 iilius
503 3981 590 4044 Petri
609 3978 800 4065 confessioni
816 3989 1040 4064 conpruenlcm,
1065 3987 1094 4038 et
1117 3999 1193 4038 conr-

8 4113 9 4128 κ
77 4101 199 4142 munem
222 4079 389 4164 quamdam
407 4079 581 4142 columnam
595 4077 777 4141 seiacensem
791 4078 940 4140 aduersas
959 4097 1104 4161 peruerse
1128 4097 1194 4138 serr-

77 4178 206 4254 tientes,
241 4176 284 4240 ad
316 4177 578 4261 confirmatione-m
604 4185 756 4238 rectorum
788 4176 964 4260 doymatum
994 4183 1195 4258 conponentes
