2836 4804
372 487 492 542 Examen
511 487 648 556 spamae
666 491 700 544 ad
719 489 886 544 Flavianum.
1130 485 1183 538 293

65 652 184 692 aemma
207 631 304 692 ctiam
328 640 358 694 ct
376 655 397 694 a
414 634 545 696 metetis
558 634 764 696 tamtisaimia
779 643 809 695 ct
829 631 1066 718 gloriosissimis
1080 629 1183 692 Patri·

63 725 119 788 baa
143 725 311 804 traditam,
336 729 526 792 assedimus
548 739 578 792 at
601 729 767 792 sacaadam
788 730 892 814 ipsam
915 727 1076 791 credimus.

152 823 208 887 45.
245 823 404 910 Episcopi
438 827 630 906 universim,
665 827 713 889 uti
749 825 910 906 vidimus,
947 823 1184 904 clamaverunt,

63 921 219 984 sufficere
234 921 409 1006 epistolam
425 923 561 1004 Leonis,
577 932 609 987 et
623 945 657 986 se
672 943 785 987 omnes
808 922 1048 1006 subscripsisse.
1095 921 1186 984 Atta-

65 1039 140 1081 men
166 1017 210 1081 ob
235 1020 408 1104 episcopos
440 1020 599 1106 quosdam
629 1017 793 1105 Aegypti,
826 1019 953 1103 Illyrici
978 1027 1011 1081 et
1032 1016 1188 1082 Palaesti-

2 1191 3 1206 χ
64 1137 135 1196 nae,
168 1117 229 1201 qui
253 1115 551 1202 Menophysitismo
584 1118 731 1182 favorem
759 1118 999 1204 praestiterant,
1023 1125 1123 1201 atque
1145 1114 1188 1178 ob

2 1239 3 1266 i
65 1215 263 1277 instantiam
291 1213 447 1298 judicum
480 1214 696 1280 saecularium
731 1215 868 1279 ulterius
907 1215 1069 1298 progressi
1102 1221 1187 1294 sunt,

2 1319 3 1356 ³
65 1321 99 1372 ut
134 1310 216 1374 fidei
254 1309 511 1394 explicationem
546 1311 672 1378 darent.
729 1311 841 1392 Quum
876 1331 954 1376 vero
987 1309 1050 1373 bac
1085 1311 1119 1374 in
1154 1331 1189 1372 re

2 1427 3 1448 ¹
65 1410 213 1472 maxime
239 1409 425 1472 niterentur
448 1409 604 1496 epistolae
628 1411 766 1490 Leonis,
800 1418 832 1472 et
855 1409 897 1473 de
920 1431 959 1472 ea
982 1406 1085 1494 aliqui
1109 1408 1189 1492 epie-

2 1561 3 1574 ,
65 1507 138 1592 copi
160 1508 357 1570 accuratius
379 1506 508 1570 edoceri
524 1507 714 1588 voluissent,
731 1507 940 1590 magistratus
955 1503 1002 1568 illi
1026 1505 1191 1590 petierunt

66 1615 181 1668 votum
213 1603 366 1667 omnium
398 1605 644 1690 episcoporum,
678 1603 767 1689 quod
799 1601 882 1666 haec
914 1601 1052 1688 epistola
1075 1623 1191 1666 revera

2 1713 3 1724 ¹
65 1701 163 1787 plane
189 1709 391 1764 consonaret
424 1723 499 1765 cum
533 1701 682 1766 doctrina
715 1699 855 1764 Concilii
879 1699 1019 1763 Nicaeni
1052 1709 1085 1762 et
1109 1698 1192 1762 Con-

2 1824 3 1886 j
65 1799 131 1863 cilii
157 1797 308 1881 CPtani3
334 1797 413 1863 hino
436 1801 537 1883 igitur
554 1800 678 1863 factum
702 1809 766 1881 est,
791 1807 827 1861 ut
850 1819 963 1862 omnes
987 1807 1192 1870 testarentur,

2 1907 3 1918 ¹
65 1919 98 1959 se
129 1895 348 1960 subscribere
381 1896 537 1981 epistolae
569 1896 690 1960 Leonis
723 1906 760 1960 ut
792 1917 954 1960 consonae
985 1897 1087 1959 sacris
1111 1891 1193 1958 Con-

2 2046 3 2056 ,
65 1993 161 2059 ciliis.

154 2092 214 2156 46.
241 2091 318 2155 Hac
342 2113 421 2156 vero
446 2095 480 2156 in
511 2113 545 2155 re
577 2093 639 2155 ista
671 2100 747 2155 sunt
770 2089 1030 2154 consideranda:
1058 2089 1094 2150 1ο
1120 2089 1196 2153 Pro·
1233 2093 1334 2194 cwig:-

1 2217 3 2263 t
66 2189 152 2253 lecto
192 2189 336 2275 epistola
372 2191 494 2254 Leonis
531 2211 573 2252 ex
611 2188 720 2253 indole
753 2209 813 2252 sua
850 2198 882 2251 et
918 2187 1113 2250 auctoritate
1151 2188 1197 2251 in·
1253 2167 1291 2196 m
1321 2185 1326 2193 ’

65 2289 136 2366 sita,
165 2297 242 2351 erat
265 2287 345 2351 fidei
371 2289 531 2374 expositio
556 2286 597 2351 ab
618 2285 772 2350 omnibus
795 2284 957 2349 submisse
981 2285 1197 2368 admittenda,

66 2407 102 2448 ac
135 2383 287 2449 dubium
316 2407 387 2448 esse
429 2407 494 2448 non
530 2392 659 2470 poterat
697 2382 739 2447 ob
775 2385 881 2468 ipsam
926 2405 1099 2470 supremae
1139 2383 1200 2449 Oa·

66 2483 209 2546 thedrae
235 2483 466 2563 inerrantiam,
492 2503 565 2545 eam
581 2479 803 2544 Conciliorum
829 2478 1079 2545 definitionibus
1102 2481 1200 2568 plane

67 2583 279 2646 conformem
312 2601 393 2660 esse,
428 2601 483 2644 eas
507 2577 668 2644 illustrare
702 2587 734 2642 et
766 2576 984 2642 orthodoxam
1016 2578 1200 2644 doctrinam

3 2673 4 2682 ’
68 2700 269 2766 proponere.
318 2677 430 2761 Atque
458 2675 522 2740 hoc
554 2674 650 2738 modo
684 2676 782 2738 etiam
816 2676 1000 2739 universim
1024 2677 1138 2741 Patres
1171 2689 1202 2739 et

69 2776 221 2861 episcopi
246 2773 340 2838 illam
365 2773 538 2860 epistolam
561 2783 764 2858 receperunt.
804 2809 847 2820 —··
883 2773 922 2835 2⁰
949 2773 1203 2859 Monopbysitae

68 2871 384 2960 conquerebantur,
415 2873 586 2955 antiquam
622 2870 806 2933 doctrinam
839 2868 947 2950 laedi3
995 2873 1204 2955 magistratus

70 2969 121 3034 vel
145 2969 218 3034 tale
244 2969 328 3055 quid
362 2969 433 3032 fieri
458 2989 554 3052 posse
587 2968 650 3052 ipsi
674 2965 847 3048 timebant,
872 2965 926 3030 vel
951 2971 1060 3053 potius
1083 2981 1204 3036 metuc-

3 3099 4 3114 ,
69 3067 151 3132 bant
163 3118 172 3150 ,
205 3066 394 3131 haereticos
418 3067 489 3129 aine
514 3064 734 3128 declaratione
763 3063 1004 3128 conformitatis
1028 3065 1116 3132 illius
1140 3070 1206 3154 epi·

70 3165 175 3230 stolae
212 3185 293 3228 cum
318 3163 470 3227 doctrina
494 3159 716 3224 Conciliorum
747 3181 815 3224 non
839 3163 918 3224 satis
942 3164 1077 3247 reprimi
1101 3187 1205 3252 posse.

3 3269 5 3302 ¹
71 3263 191 3350 Aliqui
223 3261 375 3347 episcopi
400 3259 564 3344 quaedam
589 3259 622 3320 in
652 3255 708 3320 illa
732 3256 872 3342 epistola
895 3281 963 3324 non
987 3262 1067 3325 satis
1090 3263 1205 3329 intelli-

71 3360 210 3444 gebant.
244 3397 290 3408 -
322 3360 362 3422 3⁰
389 3358 464 3421 Non
495 3356 609 3419 luisset
640 3353 813 3439 prudentis
844 3359 1066 3440 oeconomiae,
1092 3381 1207 3445 urgere

73 3459 106 3521 in
140 3459 218 3522 istis
252 3456 422 3542 adjunctis
453 3454 577 3519 directe
609 3462 641 3517 et
673 3450 829 3537 explicite
859 3457 1088 3519 auctoritatem
1114 3457 1209 3524 Sedis

74 3553 306 3640 Apostolicae,
331 3561 431 3638 atque
462 3549 643 3631 inculcare,
676 3548 739 3613 hoc
763 3550 1001 3616 documentum
1026 3575 1068 3616 ex
1091 3563 1209 3619 natura

74 3673 132 3714 sua
169 3651 298 3715 debere
330 3650 472 3735 supponi
502 3658 540 3710 ut
570 3667 754 3710 consonans
787 3669 862 3711 cum
887 3652 1024 3735 antiqua
1048 3650 1209 3716 doctrina.

4 3755 5 3774 ¹
75 3747 214 3814 Etenim
241 3747 402 3810 haeretici
427 3745 513 3809 hanc
528 3745 756 3809 auctoritatem
773 3747 973 3832 rejecissent,
998 3750 1210 3832 magistratus

75 3843 270 3910 saeculares
295 3847 329 3908 in
354 3844 411 3908 illa
438 3845 623 3907 animorum
656 3843 837 3924 agitatione
860 3844 958 3908 facilc
983 3845 1109 3909 seducti
1134 3847 1213 3910 fuis-

4 3945 5 3948 ’
77 3954 159 4026 sent,
198 3965 240 4006 ac
273 3941 359 4005 forte
393 3942 492 4004 etiam
517 3937 641 4024 aliquot
665 3940 812 4026 episcopi
838 3943 873 4006 in
896 3941 995 4006 rebus
1019 3942 1211 4028 theologicis

78 4041 192 4130 minus
217 4041 317 4126 periti
343 4048 375 4102 et
408 4039 443 4102 in
471 4037 536 4100 lide
567 4038 675 4100 minus
707 4037 796 4102 firmi
819 4038 1075 4124 vacillassent').
1122 4041 1212 4106 Hinc

79 4178 84 4183 -
100 4178 240 4186 -—-.-·--
249 4177 302 4182 --—

157 4253 177 4316 ⁸)
199 4243 283 4298 Haud
302 4255 396 4296 omnes
414 4254 479 4294 sane
491 4237 632 4296 Pracsnles
645 4237 766 4294 Orientis
785 4242 951 4312 supponendi
969 4247 1033 4295 sunt
1051 4239 1135 4295 tuisse
1154 4243 1214 4297 doc·
