2924 4818
455 495 584 554 Notiones
602 495 810 566 chronologicae.
1154 485 1188 550 td

87 640 238 726 paulinae.
271 679 313 688 -
339 639 496 705 Admittit
527 641 563 728 (l.
593 663 620 706 c.
651 641 684 707 S.
710 643 773 705 163
797 639 899 727 nota),
925 642 1098 724 scriptores
1121 662 1187 704 sae·

86 739 148 804 culi
171 739 299 804 secundi
324 735 454 820 Caium,
478 739 679 824 Dionysium
709 738 859 804 Corinthi
887 741 1087 825 episcopum,
1112 737 1188 802 Ter·

85 837 258 918 tullianum,
274 837 453 922 Origenem
472 839 543 924 jam
567 859 754 922 ugnoaoem,
769 839 904 903 Petrum
927 847 960 900 et
972 837 1113 902 Paulum
1128 835 1188 898 Ro-

85 957 157 1000 mae
178 945 313 998 moratos
335 936 438 1000 fuisse
469 945 568 1022 atque
599 937 722 1001 ibidem
755 936 816 1002 sub
837 935 970 1001 Nerone
993 935 1187 1018 martyrium

83 1033 224 1097 subiisse.
269 1033 336 1099 Sed
359 1037 435 1120 piae
458 1034 590 1100 fabulae
620 1037 770 1121 superius
793 1044 1067 1099 commemoratae
1090 1029 1188 1096 stab

84 1131 132 1192 his
156 1131 363 1216 scriptoribus
386 1142 549 1219 receptae,
582 1132 672 1198 illam
697 1151 809 1197 eorum
843 1133 1039 1197 sententiam
1062 1129 1188 1195 tribuit.

84 1229 189 1308 Quum
204 1249 281 1292 vero
292 1229 436 1316 Lipsius3
452 1233 505 1294 vir
517 1241 682 1297 caeterum
706 1231 956 1318 hypercriticus,
968 1228 1098 1294 illorsum
1113 1247 1189 1292 auo·

82 1338 183 1389 torum
202 1325 291 1391 dicta
305 1327 405 1391 obvio
426 1337 457 1391 et
470 1331 614 1413 genuino
630 1351 727 1394 sensu
745 1331 871 1394 sincere
890 1327 1052 1408 admittat,
1069 1326 1126 1391 alii
1141 1319 1188 1389 illi

81 1423 254 1488 adversarii
279 1446 393 1489 eorum
417 1427 612 1512 scriptorum
642 1426 731 1491 dicta
759 1427 880 1490 mirum
911 1427 946 1490 iu
968 1423 1104 1490 modum
1127 1433 1189 1488 tor·

81 1531 191 1606 quent,
207 1532 239 1586 et
263 1521 445 1588 arbitret-iis
468 1524 734 1590 cavillationibus
748 1543 832 1611 quae
856 1522 944 1588 clara
966 1531 1042 1589 sunt
1056 1520 1190 1588 turbare

83 1619 265 1706 nituntur.¹)
289 1659 332 1667 -—
355 1621 409 1685 Ex
424 1622 521 1687 dictis
542 1631 651 1687 autem
666 1622 770 1704 vides,
801 1643 840 1686 ea
863 1643 947 1708 quae
971 1631 1084 1687 conta
1107 1622 1190 1706 opis·

81 1727 227 1802 copatum
261 1717 447 1784 Muranum
480 1719 512 1786 S.
545 1721 635 1785 Petri
668 1718 870 1806 objiciuntur
902 1721 971 1784 vim
1003 1716 1190 1784 nullatenus

82 1813 205 1898 habere,
230 1837 339 1902 neque
363 1817 405 1882 ob
431 1817 534 1883 solida
549 1817 712 1904 quaedam
728 1827 923 1902 argumenta
946 1816 988 1881 ab
1012 1814 1190 1881 incredulis

80 1919 108 1972 et
126 1915 383 1997 protestantibus
406 1916 530 1980 factum
554 1916 635 1981 illud
658 1915 837 2002 repudiari.
884 1914 950 1981 Sed
967 1913 1188 2000 praejudiciis,

80 2009 148 2075 odio
171 2015 206 2076 in
222 2011 420 2094 Ecclesiam,
432 2015 601 2099 impietate
624 2014 762 2100 abrepti,
783 2014 915 2077 veritati
938 2011 1120 2078 adversarii
1143 2031 1190 2074 re·

80 2107 255 2194 fragantur,
272 2112 415 2174 etetiam
438 2111 501 2176 hac
516 2113 551 2176 in
573 2133 609 2176 re
624 2111 705 2176 illud
729 2110 827 2192 valet,
843 2109 931 2197 quod
954 2109 1020 2174 alia
1042 2111 1076 2174 in
1091 2127 1191 2172 causa

81 2205 252 2292 Apostolus
276 2206 373 2273 dicit:
402 2209 608 2273 Obscenotam
630 2221 676 2274 eat
697 2211 853 2296 insipiens
876 2231 929 2274 cor
951 2226 1065 2286 eonon,
1090 2217 1120 2270 et
1141 2205 1189 2270 di·
1271 2255 1272 2259 ,

78 2317 174 2368 centes
199 2327 231 2369 ee
256 2307 512 2393 attemptantes,
537 2308 627 2372 thalti
640 2308 730 2394 faeti
753 2317 834 2371 mot.

489 2469 782 2550 appensae

262 2579 453 2646 Notiones
475 2581 667 2668 quaedam
692 2580 1002 2666 chronologicus.

161 2695 216 2760 80.
240 2695 513 2762 Dissertationum
553 2697 688 2784 quidem
729 2707 872 2762 nostram
914 2697 954 2762 de
995 2697 1185 2782 episcopatu
1205 2699 1351 2749 ⁰¹¹¹⁰¹¹⁰¹⁰⁸¹b
1450 2685 1451 2690 ἵ

78 2791 222 2858 Romano
246 2792 285 2860 B.
309 2793 407 2876 Petri,
430 2796 594 2881 Principis
624 2793 865 2880 Apostolorum,
890 2795 962 2882 jam
990 2793 1185 2859 concludere

77 2887 158 2956 licet
207 2889 275 2956 Sed
298 2911 400 2976 quum
423 2913 466 2956 ex
489 2891 692 2958 discussione
722 2895 871 2958 instituta
901 2892 1113 2957 manifestum
1136 2894 1187 2974 sit,

78 2985 114 3051 ad
129 2988 286 3052 notitiam
301 3009 413 3052 eorum
435 3011 520 3076 quae
543 2991 578 3055 in
601 2990 791 3077 primordiis
814 2989 1048 3054 christianismi
1064 2989 1190 3053 accide-

78 3097 159 3166 runt,
195 3093 229 3148 et
261 3085 305 3150 ad
338 3085 559 3152 defensionem
591 3087 776 3152 uberiorem
801 3096 914 3151 contra
946 3087 1191 3173 impugnatores

77 3181 315 3264 exhibendam,
353 3183 452 3249 valde
488 3185 568 3250 utile
592 3205 671 3267 esse,
710 3181 977 3268 chronologicum
1012 3202 1123 3248 rerum
1160 3193 1192 3248 et

77 3291 257 3346 eventuum
280 3281 429 3346 ordinem
451 3281 566 3348 saltem
579 3281 787 3369 aliquetenus
802 3301 1007 3366 cognoscere,
1031 3281 1191 3367 quasdam

77 3379 226 3442 notiones
249 3399 328 3464 pras
351 3382 488 3444 caeteris
511 3382 713 3446 necessarias
735 3378 791 3444 hic
815 3377 1049 3444 subnectimus.

164 3476 219 3540 81.
244 3475 387 3562 Epochue
410 3487 502 3564 utque
526 3499 629 3557 aerae,
651 3479 789 3564 quaein
812 3476 948 3542 historia
971 3476 1192 3540 ecclesiastica

77 3583 384 3654 commemorantur,
395 3575 508 3639 variae
523 3584 608 3657 sunt,
622 3585 692 3640 tum
708 3574 818 3661 quoad
832 3574 981 3658 formam,
996 3583 1067 3638 tum
1082 3573 1191 3660 quoad

150 3713 170 3784 ἦ
190 3711 245 3768 Cir.
265 3729 288 3768 e
307 3730 334 3783 g.
353 3730 385 3769 ea
404 3731 472 3782 quae
495 3714 577 3769 habet
594 3713 693 3782 Darby,
712 3713 750 3769 St
769 3713 851 3768 Peter
874 3729 956 3769 never
978 3719 1008 3767 at
1025 3713 1133 3778 Romae,
1152 3713 1190 3768 ch.

78 3792 138 3846 III
156 3791 236 3846 VIII.
255 3793 303 3847 1x.
331 3824 365 3834 -
398 3793 450 3848 Hic
468 3801 562 3848 auctor
579 3793 656 3848 Petri
675 3793 801 3862 epistolas
818 3793 956 3862 Babylone
974 3793 1008 3847 ad
1026 3791 1192 3860 Euphratem

78 3874 191 3940 scriptas
210 3885 268 3926 esse
285 3873 348 3926 iude
367 3873 450 3928 etiam
470 3873 632 3942 comprobet,
652 3873 721 3940 quod
739 3873 883 3940 Apostolus
902 3871 994 3926 ordine
1012 3871 1192 3941 geographico

79 3951 198 4008 omues
204 3951 671 4021 PontumprcvinciamBabyloniae
687 3951 884 4021 proximiorem,
891 3951 1037 4016 Galatiam,
1056 3951 1191 4020 Cappado-

79 4031 153 4088 ciam.
161 4031 461 4100 AuiarnetBithyniem
473 4031 504 4088 L.
512 4049 533 4086 c.
553 4033 593 4086 clu
607 4031 640 4086 V.
659 4047 681 4086 e.
696 4032 934 4100 -Argnmentum
952 4031 1081 4100 eiusmodi
1099 4046 1192 4087 verum

80 4109 255 4166 sutoremnou
267 4111 372 4178 hebere,
391 4127 439 4180 per
456 4128 485 4167 sc
504 4117 589 4180 patet
608 4111 753 4166 Praeterea
764 4127 835 4176 vero,
855 4111 900 4178 qui
918 4111 1071 4166 accuratius
1084 4109 1192 4166 illarum

81 4189 276 4256 provinciarum
295 4191 378 4246 sitnm
397 4191 555 4258 considerat,
574 4191 650 4244 illum
675 4189 794 4246 ordinem
818 4189 1030 4262 geographicnm
1054 4195 1192 4253 matum

81 4283 130 4324 uon
149 4268 278 4326 inveniet
