2900 4800
199 441 252 498 teo
572 442 612 496 De
630 457 711 496 causa
729 443 843 500 Honorii
862 445 895 499 R.
914 445 944 500 P.

199 585 299 650 fidem
323 585 511 649 institutum
535 593 602 666 est,
636 595 668 648 et
700 589 962 652 sententiarum
987 589 1325 678 SediaApostolioae

200 681 448 748 confirmatione
479 680 557 746 lata.
603 681 848 770 subsequentia
882 688 971 751 enim
996 686 1146 753 Concilio
1175 690 1322 776 simplici

200 779 447 846 confirmatione
480 779 570 844 hisce
600 789 729 846 tantum
754 804 788 846 se
822 784 1046 866 conformare,
1070 795 1105 850 et
1126 807 1220 851 suam
1245 809 1324 853 con-

200 877 346 942 cordiam
370 898 446 942 oum
479 877 755 964 praecedentibus
779 877 923 965 Synodis
954 883 1101 968 profiteri
1131 885 1322 950 intendunt.

199 976 289 1041 Hinc
312 977 339 1038 si
364 997 406 1039 ex
429 997 537 1040 errore
550 975 707 1042 historico
724 979 914 1063 irrepserint
937 981 971 1044 in
994 978 1077 1045 tales
1100 981 1324 1046 confirmatio-

199 1095 257 1138 nes
287 1095 326 1137 ea
357 1095 442 1158 quae
471 1076 581 1138 minus
614 1085 769 1140 accurata
792 1085 882 1158 sunt,
915 1079 983 1142 vim
1008 1079 1070 1142 ista
1093 1099 1159 1143 non
1183 1077 1322 1144 habent.

198 1209 242 1220 -
274 1171 415 1235 Romani
447 1181 558 1236 autem
587 1171 765 1238 Pontifices
797 1173 877 1238 dum
908 1174 1058 1241 Oonoilia
1089 1175 1156 1240 VH
1179 1187 1212 1240 et
1235 1176 1324 1242 VIIl

199 1268 444 1355 approbarunt,
469 1279 557 1334 certe
580 1270 890 1336 condemnationem
912 1273 1054 1338 Honorii
1077 1295 1144 1338 non
1168 1273 1323 1338 admitte-

199 1367 288 1444 bant,
320 1367 383 1431 nisi
412 1368 624 1432 conformiter
646 1369 689 1433 ad
718 1369 973 1455 explicationem
997 1371 1119 1436 Leonis
1148 1371 1183 1434 Π
1216 1383 1249 1436 et
1276 1371 1323 1436 ad

199 1465 435 1550 professionem
458 1465 536 1530 fidei
560 1487 626 1551 qua
649 1467 711 1552 ipsi
736 1489 812 1532 eum
829 1467 1048 1548 damnabant,
1073 1489 1110 1533 eo
1135 1467 1224 1555 quod
1247 1491 1325 1554 pra·

199 1566 251 1628 vis
274 1564 514 1628 haereticorum
538 1565 774 1630 assertionibus
797 1567 980 1631 fomentum
1004 1566 1250 1653 impenderit¹).

289 1662 340 1728 87.
365 1661 631 1746 Explanavimus
655 1685 704 1744 ea,
729 1685 814 1749 quae
827 1663 1021 1728 acciderunt
1034 1665 1182 1728 Honorio
1206 1667 1241 1729 in
1265 1685 1326 1729 ne-

199 1761 287 1844 gotio
311 1757 601 1826 Monotheletismi.
648 1759 823 1825 Caeterum
846 1782 926 1825 vero
950 1759 1005 1825 bie
1028 1761 1182 1826 Pontifex
1207 1761 1324 1826 multis

200 1858 379 1923 virtutibus
402 1857 538 1939 claruit,
562 1867 595 1922 et
618 1859 811 1944 praesertim
840 1859 882 1923 de
910 1861 1146 1945 propagatione
1170 1859 1323 1924 christia·

199 1958 298 2022 nismi
331 1957 366 2020 in
399 1954 538 2039 Anglia,
573 1955 615 2020 de
637 1958 875 2022 restauratione
901 1955 1079 2021 multarum
1103 1955 1322 2022 ecclesiarum

200 2059 234 2121 in
259 2054 340 2118 urbe
353 2054 472 2135 Roma,
497 2052 594 2118 etde
618 2053 725 2118 cultus
749 2053 855 2120 divini
880 2053 1054 2140 splendore
1077 2055 1200 2141 optime
1225 2055 1323 2120 meri-

200 2165 252 2218 tus
275 2163 333 2218 est.
360 2150 456 2218 Unde
480 2151 581 2214 etiam
603 2149 646 2215 ab
670 2153 815 2238 antiquis
838 2151 993 2218 laudibus
1016 2163 1065 2217 eat
1087 2163 1234 2218 evectus.
1262 2153 1323 2218 Sic

200 2252 304 2318 Jonas
334 2249 453 2331 abbas,
486 2259 602 2313 auctor
639 2248 726 2313 illius
758 2252 931 2336 temporis,
965 2252 999 2314 in
1030 2251 1099 2315 vita
1122 2249 1156 2314 S.
1180 2249 1323 2314 Bertulfi

201 2349 242 2414 de
266 2348 413 2412 Honorio
437 2345 538 2411 dicit:
563 2347 645 2412 Erat
666 2345 856 2412 venerabilis
874 2345 1008 2434 praesul
1034 2348 1197 2412 Honorius
1220 2371 1326 2434 aopuoe

202 2449 323 2526 auimo,
356 2447 463 2530 oipeos
485 2445 635 2522 oonsilio,
667 2445 813 2509 doctr-im
836 2445 959 2523 dama,
984 2444 1149 2508 drdoeda‘oe
1171 2455 1202 2509 et
1225 2445 1326 2508 lumi-

202 2544 291 2610 litate
319 2544 487 2633 peltana).
537 2545 570 2610 S.
602 2543 770 2608 Maximus
799 2545 834 2606 in
867 2565 926 2606 sua
953 2540 1091 2628 epistola
1119 2539 1163 2605 ad
1185 2541 1326 2606 Pedum

202 2641 314 2706 multis
337 2642 492 2708 laudibus
515 2663 661 2727 mopnom
683 2640 867 2704 Honorium
893 2640 1002 2720 effert,
1027 2648 1060 2702 et
1083 2638 1189 2702 clerus
1205 2637 1327 2702 Roma·

201 2761 265 2804 nus
289 2743 406 2806 mortui
430 2741 602 2806 Pontificia
624 2740 764 2802 virtutes
796 2747 829 2801 et
853 2739 970 2802 merita
1001 2737 1123 2820 insigni
1150 2736 1326 2822 epitaphio

202 2837 385 2924 descripsit.

291 2935 345 3000 88.
370 2937 459 3000 Hinc
492 2957 531 3000 ea
562 2944 726 3020 postremo
760 2955 794 2998 se
829 2935 925 2998 offert
948 2934 1115 3020 quaestio,
1140 2941 1252 2996 utrum
1275 2953 1325 2995 re·

203 3053 283 3096 vera
306 3033 472 3099 Honorius
509 3036 543 3097 in
577 3034 709 3116 negotio
733 3030 1011 3096 Monotholetismi
1048 3033 1094 3094 ita
1118 3051 1151 3094 se
1174 3031 1324 3113 gesserit,

203 3140 240 3194 ut
263 3130 377 3194 saltem
402 3131 444 3196 ob
468 3130 703 3216 negligentiam
726 3149 863 3214 gravem
896 3128 985 3193 illam
1011 3127 1324 3192 condemnationem

204 3229 339 3293 meritus
363 3231 414 3295 sit.
462 3228 643 3294 Censemus
666 3238 797 3308 autem,
827 3249 894 3291 non
918 3228 981 3292 nisi
1007 3227 1149 3290 invitum
1175 3225 1324 3290 Leonem

203 3327 252 3408 II,
276 3336 312 3390 ut
335 3337 469 3392 caveret
491 3328 607 3412 gravia
640 3325 727 3389 mala
749 3335 782 3389 et
814 3324 993 3389 schismata
1017 3345 1059 3386 ex
1082 3333 1176 3407 parte
1199 3323 1324 3408 episoo

204 3445 321 3510 porum
341 3424 569 3504 orientalium,
592 3433 624 3487 et
646 3425 840 3487 vexationes
864 3443 906 3486 ex
929 3431 1021 3509 parte
1038 3421 1259 3505 Imperatoris,
1284 3439 1325 3484 eo

205 3521 499 3604 condescendisse,
532 3531 569 3586 ut
602 3542 677 3584 oum
710 3522 773 3584 ista
807 3519 1081 3584 determinatione
1105 3519 1324 3604 restringente

206 3619 346 3686 Consilii
370 3619 420 3685 VI
443 3621 640 3686 sententium
664 3616 902 3704 approbaret⁸).
932 3615 1087 3682 Pontifex
1111 3637 1207 3702 porro
1231 3613 1325 3680 haud

282 3819 301 3885 ι)
319 3816 360 3870 De
377 3811 725 3882 difficultatibutexpositis
743 3811 835 3868 confer
852 3810 996 3879 praecipue
1007 3808 1159 3873 remachi,
1179 3810 1223 3864 oe
1239 3825 1326 3864 muso

206 3895 325 3952 Hortarii
351 3911 388 3950 oo
406 3893 459 3950 XII
477 3900 506 3949 et
524 3893 605 3961 unu
625 3909 658 3948 ao
682 3891 803 3955 Botalto,
821 3892 897 3958 Pope
913 3889 1069 3954 Honorias,
1099 3888 1148 3944 IV.
1173 3887 1231 3944 The
1248 3887 1325 3943 sim

206 3975 297 4044 Synod
314 3975 368 4029 and
386 3975 433 4030 tbe
450 3973 657 4030 condemnetion
675 3972 705 4028 of
722 3973 794 4042 Pope
812 3968 955 4026 Honorius.

280 4056 302 4123 ¹)
320 4055 400 4122 Apud
416 4055 564 4109 Barouium
582 4054 616 4108 ad
634 4070 659 4108 a.
678 4053 739 4106 626.
758 4069 785 4108 n.
805 4052 847 4105 39.

281 4136 302 4190 ’t
320 4134 414 4202 Quoad
440 4135 546 4188 modum
576 4132 677 4203 agendi
694 4131 793 4187 Leonis
821 4131 848 4186 11
874 4137 904 4186 et
924 4129 1145 4196 subsmumttom
1164 4125 1324 4184 Pontificum

207 4211 399 4268 consideranda
417 4219 489 4278 sunt,
507 4227 576 4280 qnae
595 4212 782 4268 adremitllm
791 4211 878 4276 Pitre,
890 4209 950 4266 Jur.
970 4209 1017 4264 Gr.
1036 4209 1073 4262 11.
1091 4211 1144 4264 tto:
1174 4207 1325 4274 „Surum
