2936 4814
552 408 661 478 Epocba
678 408 772 478 prima.
1203 411 1219 462 9

104 557 211 622 rimus
244 554 315 618 sere
347 554 573 618 inveniuntur.
610 589 654 598 —
688 549 877 616 Celebrium
910 572 989 614 vero
1022 553 1220 637 scriptorum
1254 555 1366 606 umens

103 675 222 740 agmen
246 650 375 716 claudit
403 652 561 737 anpmas
590 649 806 713 scholasticus
835 647 1074 732 Antiochenus,
1099 652 1151 714 vir
1174 671 1221 714 or-

103 752 264 817 thodoxia
286 759 322 813 ct
344 749 530 813 eruditione
553 748 764 812 clarissimus.
811 747 877 810 Hic
899 749 1045 832 priorum
1069 747 1222 814 historias

104 850 315 916 continuavit
346 869 451 933 usque
480 846 524 911 ad
547 845 670 910 saeculi
703 845 788 908 sexti
812 844 922 926 finem,
957 847 1003 910 ita
1026 855 1062 908 ut
1086 867 1128 910 ex
1151 848 1222 932 ipso

105 948 247 1034 plurima
282 967 369 1032 quae
404 943 448 1009 ad
484 944 781 1008 Nestorianismum
819 952 851 1006 et
887 942 1223 1029 Menophysitisuium

105 1055 257 1132 spectant
288 1043 495 1126 colligantur.
552 1041 664 1122 Quum
701 1041 785 1124 stylo
826 1050 858 1105 et
896 1041 1041 1106 dictione
1074 1041 1224 1124 excellat,

106 1143 274 1208 interdum
297 1151 409 1206 tamen
432 1141 532 1204 nimis
561 1138 715 1204 credulus
745 1139 915 1203 invenitur
937 1141 1103 1226 nimisque
1126 1139 1225 1204 rebus

105 1241 255 1327 profanis
288 1237 483 1304 enarrandis
515 1237 701 1302 inhaerens.
738 1275 781 1284 —
806 1236 852 1302 Ut
883 1239 1066 1321 generatim
1100 1239 1141 1302 de
1173 1237 1225 1302 his

105 1337 299 1402 auctoribus
331 1335 497 1400 historicis
529 1335 675 1400 Orientis
714 1334 859 1400 feramus
892 1335 1078 1421 judicium,
1112 1357 1226 1401 omnes

105 1437 229 1502 eruditi
254 1435 468 1516 conveniunt,
498 1433 779 1518 quemadmodum
803 1429 923 1496 Graeci
941 1433 1014 1518 jam
1044 1436 1227 1520 antiquitus

107 1557 186 1622 prae
209 1531 366 1598 omnibns
389 1529 463 1594 aliis
475 1530 665 1595 nationibus
686 1532 721 1593 in
736 1529 921 1614 disciplinis
944 1540 977 1594 et
999 1531 1125 1596 artibus
1148 1532 1227 1596 libe·

105 1631 234 1698 ralibus
258 1629 475 1710 excellebant,
505 1630 553 1692 sic
583 1629 682 1692 etiam
712 1650 811 1712 opera
841 1631 987 1692 virorum
1011 1651 1093 1714 quos
1115 1630 1228 1696 lauda·

107 1733 220 1794 vimus
254 1727 422 1814 exquisita
456 1747 526 1790 esse
560 1727 687 1790 ratione
722 1726 881 1790 confecta.
939 1725 1104 1812 Antiquos
1139 1730 1228 1792 enim

108 1829 287 1914 scriptores
310 1824 465 1890 classicos
487 1833 638 1888 auctores
668 1824 770 1888 nostri
794 1822 984 1888 felicissimo
1009 1826 1127 1889 imitati
1152 1835 1229 1890 sunt

108 1946 277 2006 successu,
309 1925 356 1987 ita
387 1929 426 1986 ut
454 1919 509 1985 illa
540 1930 699 2006 tempora,
723 1942 808 2005 quae
840 1943 860 1984 a
882 1920 1036 1986 Patribus
1059 1922 1229 1988 Ecclesiae

109 2024 264 2088 doctrina
288 2030 321 2084 et
351 2019 445 2084 libris
478 2020 609 2105 scriptis
633 2017 793 2082 illustrata
824 2018 967 2101 fuerunt,
996 2021 1096 2084 etiam
1120 2021 1230 2110 quoad

108 2121 283 2185 historiam
308 2117 565 2182 eeclesiasticam
588 2138 723 2180 auream
747 2116 921 2202 periodum
945 2119 1156 2184 constituant.

202 2217 255 2282 11.
280 2216 392 2280 latim
407 2215 542 2300 quidem
557 2237 623 2280 non
638 2223 731 2278 tanta
746 2213 920 2278 sedulitate
943 2214 1114 2281 historiam
1129 2217 1230 2282 eccle·

111 2316 283 2380 siasticum
303 2313 358 2378 illo
379 2321 527 2398 tempore
550 2312 739 2394 excoluere,
765 2312 822 2376 sed
844 2311 1048 2378 Graecorum
1076 2314 1231 2400 operibus

112 2435 235 2497 magna
259 2433 302 2474 ex
324 2420 417 2496 parte
436 2408 658 2475 inhaeserunt.
705 2410 761 2476 Sic
775 2409 919 2496 Rufinus,
943 2412 1117 2498 presbyter
1130 2412 1233 2498 Aqui-

111 2509 258 2596 lejensis,
295 2507 434 2572 Eusebii
476 2507 646 2572 historiam
688 2509 723 2572 in
763 2508 912 2592 linguam
949 2512 1049 2574 vertit
1084 2510 1232 2594 latinam,

114 2607 228 2672 multis
251 2615 363 2670 tamen
386 2605 490 2692 (haud
513 2604 667 2692 feliciter)
691 2609 825 2670 mutatis
848 2607 902 2671 vel
926 2608 1072 2689 omissis3
1103 2607 1233 2674 duobus

113 2708 214 2770 etiam
238 2703 333 2768 libris
357 2704 579 2768 narrationem
603 2702 740 2788 Eusebii
764 2704 807 2768 ab
831 2715 904 2769 ortu
923 2705 1105 2770 Arianismi
1129 2728 1234 2791 usque

112 2803 156 2868 ad
187 2823 328 2886 regnum
358 2799 536 2865 Theodosii
560 2801 674 2886 Magni
706 2805 922 2868 continuavit.
969 2804 1062 2868 Varii
1091 2804 1154 2889 ipsi
1179 2804 1234 2870 ob·

109 2903 279 2986 jiciuntur
301 2920 426 2962 errores
447 2899 641 2984 praesertim
665 2901 700 2963 in
724 2898 951 2983 chronologia,
976 2911 1009 2966 ct
1031 2923 1089 2987 pro
1114 2902 1233 2968 acerbo

113 3000 229 3064 animo
262 3018 320 3061 suo
354 2996 493 3082 injustas
526 2996 567 3061 de
590 2989 791 3082 quibusdam
823 2999 904 3061 viris
928 2997 1119 3081 illustribus,
1150 3023 1178 3065 e.
1202 3022 1233 3085 g.

116 3096 161 3160 de
183 3094 243 3164 SS.
268 3091 427 3180 Gregorio
450 3093 662 3158 Nazianucno
687 3103 720 3157 et
741 3093 875 3176 Basilio,
901 3099 1080 3162 sententias
1104 3108 1137 3161 et
1159 3120 1235 3184 que·

114 3193 202 3258 telas
226 3193 359 3278 profert.
392 3229 436 3239 -
467 3191 689 3258 Adversarius
713 3192 835 3274 Rufini,
860 3215 991 3280 mugnus
1014 3195 1235 3282 Hieronymus,

116 3291 310 3357 Chronicon
334 3291 433 3354 vertit
455 3289 611 3372 Eusebii,
636 3291 746 3354 varias
770 3290 902 3375 scripsit
924 3289 1121 3358 Sanctorum
1149 3295 1236 3358 vitas

115 3388 380 3473 Catalogumque
403 3389 599 3473 scriptorum
624 3387 811 3468 illustrium,
835 3387 899 3451 hac
921 3391 1049 3455 ratione
1071 3393 1171 3456 etiam
1195 3392 1237 3456 de
1348 3449 1352 3456 .

115 3487 257 3552 historia
270 3485 441 3550 Ecclesiae
453 3487 576 3571 optime
597 3487 743 3550 meritus.
767 3523 811 3532 -
834 3485 926 3570 Stylo
947 3490 1078 3552 conciso
1103 3499 1135 3552 et
1149 3488 1236 3554 claro

115 3584 279 3672 ὃυὶρίᾶω
288 3583 429 3663 Scaenae,
453 3583 626 3669 presbyter
639 3583 839 3669 Aquitanus,
863 3585 958 3650 initio
982 3587 1090 3670 quinti
1114 3585 1237 3650 saeculi

118 3684 300 3748 Historiam
323 3683 507 3767 composuit
529 3705 662 3764 swam,
688 3681 917 3746 decurrentem
941 3684 1019 3748 inde
1043 3683 1085 3746 ab
1110 3685 1237 3767 origine

115 3779 236 3844 muudi
265 3778 436 3864 usquead
466 3779 634 3843 saeculum
664 3781 827 3865 quintum.
882 3779 1009 3860 Quodsi
1040 3781 1235 3866 opusculum

116 3879 192 3963 ejus
215 3878 352 3962 aequari
386 3878 501 3962 nequit
528 3879 656 3962 magnis
685 3875 888 3942 Graecorum
921 3878 1094 3964 operibus,
1127 3888 1240 3944 tamen

116 3975 219 4040 valde
243 3973 325 4038 utile
348 3984 407 4056 est,
438 3983 471 4038 et
499 3976 625 4038 auctori
656 3995 841 4059 cognomen
870 3978 991 4040 meruit
1020 3976 1239 4042 honorificum

115 4072 271 4138 Sallustii
295 4071 477 4136 christiani.
523 4072 637 4136 Vitam
668 4095 798 4158 quoque
827 4073 860 4140 S.
889 4075 1024 4140 Martini
1054 4098 1074 4138 a
1098 4075 1239 4161 Sulpitio

114 4171 243 4236 Severo
268 4192 340 4234 esse
364 4171 595 4256 conscriptam,
619 4191 716 4234 nemo
741 4175 868 4256 estqui
893 4175 1030 4258 ignoret.
