2874 4812
385 499 515 559 Doctrina
532 500 691 560 deunitate
708 501 852 562 Maniae.
1123 507 1175 564 297

81 649 158 714 Nat
184 649 272 735 apud
298 647 491 736 ciprianum
515 648 554 711 de
569 651 644 736 jnre
677 651 839 735 mpposito
872 647 1110 736 appellationis,
1139 675 1177 716 ae

79 748 144 812 ndei
162 769 220 834 que
251 748 451 825 intimantur,
469 746 669 831 provinciam
701 746 942 810 sedeciastieam
977 743 1177 836 Cartitaqinis

79 847 180 910 Romae
200 844 443 909 subordinatum
465 841 569 929 esse').

150 943 202 1008 41.
224 940 281 1006 Nil
297 939 443 1028 prefecto
458 941 564 1025 magis
587 942 788 1005 contrarium
811 949 861 1006 est
883 961 983 1004 verae
995 945 1176 1009 sentcntiae

80 1039 230 1126 Cypriani,
247 1039 309 1104 sed
332 1036 520 1104 incredibili
544 1037 686 1102 audacia
706 1039 769 1102 ista
784 1036 897 1102 abillo
921 1049 1054 1104 auctore
1068 1039 1176 1108 eidem

80 1147 302 1223 supponuntur.
339 1133 479 1199 Ahenae
502 1136 625 1220 quippe
648 1134 726 1200 fidei
747 1135 846 1199 facile
869 1135 906 1200 fit
928 1135 1091 1220 dominus,
1108 1141 1177 1224 qui·

81 1255 202 1320 eamque
219 1234 377 1298 domiuus
393 1239 443 1296 est
461 1232 578 1296 frontis
599 1253 688 1296 suaa.
707 1271 751 1280 —
767 1232 834 1298 Sed
847 1234 919 1319 jam
938 1235 1125 1299 accuratius
1143 1235 1176 1302 S.

81 1331 220 1417 Cypriani
235 1331 424 1396 doctrinam
441 1349 655 1414 exponamus.
684 1328 824 1415 Scripsit
837 1329 1031 1416 opusculum
1042 1332 1091 1394 De
1109 1333 1177 1397 nni-

80 1439 131 1492 tate
146 1429 305 1492 Ecclesiae
324 1427 357 1494 S.
373 1426 561 1512 Cyprianus
576 1428 723 1491 maxime
737 1449 775 1490 eo
792 1448 900 1512 scopo,
918 1437 954 1490 ut
968 1424 1178 1494 confessores

79 1525 224 1590 Romanos
237 1525 283 1589 ad
298 1524 539 1610 subjectionem
553 1523 587 1589 S.
604 1522 754 1588 Cornelio
773 1524 1006 1610 praestandam
1020 1537 1176 1611 moveret,

79 1631 105 1684 et
129 1644 147 1686 a
175 1622 354 1686 schismata
392 1641 452 1706 per
488 1619 714 1686 Novatianum
747 1623 889 1685 excitato
927 1643 982 1685 eos
1013 1634 1177 1691 avocaret.

80 1717 153 1784 Huic
173 1741 271 1806 scopo
295 1716 483 1805 respondet,
500 1717 590 1803 quod
608 1716 720 1781 multis
733 1727 810 1802 agat
834 1717 875 1782 de
899 1719 1026 1783 unitate
1049 1730 1082 1784 et
1104 1743 1179 1786 con·

80 1817 175 1882 cordia
195 1817 347 1882 fidelium
377 1817 537 1902 cujusque
569 1814 778 1900 particularis
808 1815 966 1881 ecclcsiae
997 1838 1073 1880 cum
1097 1821 1179 1904 cpis-

80 1935 156 1999 copo.
198 1915 360 1980 Attamen
383 1915 515 1978 nonnisi
538 1912 617 1976 inde
640 1934 661 1975 a
683 1913 792 1998 capite
815 1921 933 1976 octavo
957 1913 998 1978 de
1021 1912 1085 1980 hac
1107 1917 1178 1980 uni-

80 2021 134 2074 ute
153 2023 286 2094 hactat3
322 2033 407 2096 quae
428 2009 633 2096 praecedunt
655 2017 805 2094 spectant
827 2011 988 2073 unitatem
1012 2009 1178 2076 visibilem

81 2107 231 2174 Ecclesiae
263 2107 474 2174 universalis.
520 2107 604 2181 Eam
637 2127 715 2171 vero
748 2105 884 2171 exhibet
907 2107 1095 2194 Cyprianus
1126 2131 1179 2174 ex-

82 2209 183 2290 pressis
218 2206 335 2272 vcrhis
367 2215 404 2268 ut
437 2215 542 2269 ortam
581 2225 623 2267 ex
655 2205 799 2290 primatu
830 2203 919 2268 Petri
951 2213 985 2269 et
1016 2219 1179 2272 successo·

82 2325 140 2368 rum
161 2305 238 2390 ejus.
276 2301 465 2369 Schismate
484 2304 553 2388 ipse
570 2301 651 2365 dicit
669 2303 762 2383 oriri,
785 2301 859 2364 dum
882 2302 927 2365 ad
951 2305 1096 2370 veritatis
1119 2307 1180 2369 ori-

82 2403 166 2486 oinem
191 2425 256 2466 non
284 2401 423 2480 reditur,
441 2423 503 2464 nec
526 2411 622 2486 capnt
644 2401 816 2485 qrsaeritnr,
840 2423 896 2463 nea
918 2403 1064 2487 magistri
1086 2403 1179 2466 eoele-

83 2501 129 2562 stis
147 2500 291 2564 doctrina
316 2507 466 2562 emeher.
500 2497 589 2561 Dein
613 2517 692 2560 vero
716 2496 806 2560 hisae
830 2498 989 2563 unitatem
1013 2498 1180 2564 aChristo

83 2595 234 2660 fundatam
268 2593 433 2660 ostendit.
468 2591 557 2667 Quae
589 2595 619 2658 ei
649 2595 719 2680 qais
750 2593 925 2657 consideret
953 2607 983 2659 et
1012 2599 1271 2706 monstaw-
1209 2603 1271 2715 0¹²3·
1261 2612 1350 2705 sui*

84 2703 202 2759 hortata
224 2693 320 2782 ionqo
343 2703 434 2778 atqne
458 2693 649 2778 armamentis
676 2713 754 2778 opus
776 2713 839 2754 non
862 2701 916 2754 est.
964 2691 1114 2758 frotario
1137 2675 1237 2758 est

84 2790 118 2852 ad
129 2791 220 2874 fidem
234 2789 354 2878 facitis
377 2789 558 2876 compendio
584 2791 739 2853 veritatis
787 2787 939 2874 Loquitur
961 2787 1116 2854 Dominus
1139 2791 1183 2855 ad

84 2885 205 2953 Pam.-
230 2889 300 2976 Epo
330 2887 389 2952 titi
417 2885 502 2966 dieo,
526 2888 643 2972 inquit,
671 2887 747 2972 qnia
776 2895 810 2949 tu
832 2907 864 2948 es
887 2885 1008 2968 Petras,
1037 2898 1067 2951 et
1090 2911 1184 2975 snper

84 2981 149 3047 tasse
163 2997 288 3072 petram
312 2983 484 3069 aedeficabo
498 2983 670 3048 Esaiam
692 3005 801 3061 meam
825 2993 855 3046 et
870 2994 987 3068 portae
1010 2985 1184 3071 inferornm

85 3085 265 3148 contineant
289 3097 367 3146 eam.
400 3083 445 3146 Iit
467 3081 526 3146 tihi
548 3081 630 3145 dabo
645 3080 748 3145 ciaoes
769 3081 859 3166 reyni
881 3081 1044 3164 coelorum,
1061 3094 1183 3169 atquae

85 3173 214 3263 incessis
244 3203 341 3266 asper
371 3190 487 3244 terram
519 3189 610 3243 enmt
641 3177 743 3266 lipata
765 3189 795 3242 et
817 3179 852 3241 in
878 3179 982 3243 coelis.
1007 3179 1050 3244 Iit
1071 3182 1184 3245 iterum

85 3275 168 3340 trien
191 3287 268 3365 poet
300 3279 556 3354 remotionem
587 3299 676 3340 snam
707 3276 805 3340 dicit:
859 3275 955 3339 Pasce
988 3297 1058 3341 ones
1088 3301 1182 3342 meas.

86 3369 172 3457 Super
191 3375 282 3438 ilium
304 3397 400 3438 anam
415 3374 561 3459 aedificat
574 3373 747 3438 &citriam
761 3395 859 3452 mam,
883 3384 913 3436 et
935 3373 988 3436 iili
1003 3375 1184 3461 pascendae

86 3469 199 3535 modat
227 3494 300 3536 ones
331 3493 414 3534 snas.
460 3471 504 3535 Et
526 3473 667 3558 qnamois
690 3469 852 3556 Apostolis
881 3471 1022 3536 omnibns
1039 3483 1115 3559 post
1136 3497 1183 3537 re-

86 3571 289 3633 surrectionem
312 3591 400 3632 snam
416 3592 531 3656 parem
548 3579 737 3655 potestatem
760 3567 889 3648 tribnat,
913 3577 943 3632 et
966 3569 1068 3634 dicat:
1096 3567 1185 3634 Sient

86 3665 157 3728 nisit
177 3690 222 3730 me
245 3667 351 3745 Pater,
375 3677 406 3731 et
428 3689 482 3752 epo
503 3668 592 3730 mitto
615 3687 684 3746 eos;
708 3666 840 3751 accipite
855 3664 1009 3751 Spiritum
1025 3664 1184 3749 Sanamem,

87 3759 208 3852 rimjm
229 3763 414 3828 remiseritis
438 3775 582 3849 peccata,
612 3765 810 3826 remitteretur
832 3761 892 3844 ilii,
921 3763 1059 3854 siessjne
1083 3773 1184 3828 tenne-

88 3857 156 3936 rite,
186 3861 391 3940 tenetentum·
423 3871 526 3924 tamen
557 3871 593 3924 nt
614 3861 768 3924 unitatem
798 3859 1027 3945 manifestaret,
1051 3861 1185 3924 unitatis

89 3955 207 4040 ἠνιάθη
238 3959 388 4046 osiainem
415 3958 456 4021 ah
486 3981 547 4023 mse
577 3958 787 4044 incipientem,
815 3980 874 4020 aaa
906 3957 1092 4022 auctoritate
1122 3957 1184 4021 dis-

151 4113 168 4184 ¹)
186 4113 254 4168 Vide
272 4115 288 4170 t
308 4131 330 4172 c.
350 4115 375 4186 5.
393 4117 417 4170 5.
435 4115 487 4170 Die
499 4114 695 4185 collegiatische
708 4113 816 4170 Einheit
828 4113 853 4169 S.
866 4117 962 4170 ta-
929 4115 1004 4186 -5.
1018 4115 1042 4168 6
1057 4113 1108 4168 Die
1120 4113 1185 4168 Ein-

90 4185 138 4243 hit
152 4191 196 4247 ier
207 4195 437 4252 Gesammthirehe
456 4195 493 4252 ist
505 4195 577 4251 ihrer
589 4196 679 4250 Nstnr
690 4193 760 4248 nach
772 4193 919 4250 Concordia
937 4195 1001 4250 oder
1012 4193 1185 4263 Einmttthig·

91 4265 193 4324 itit-
211 4275 406 4331 Anmmmiben
424 4291 485 4332 rom
505 4279 545 4331 14.
564 4275 712 4332 Deremher
730 4275 807 4330 1873.
