2790 4812
198 491 252 546 436
484 489 525 544 De
544 489 697 546 Arimismo
715 503 747 544 sc
764 489 798 544 de
815 489 896 546 Oeno.
913 487 1039 546 Nicaeae.

201 657 280 720 qaae
304 632 451 721 Syoodm
483 634 599 698 sentam
630 643 662 698 et
693 631 880 719 intelligere,
911 634 961 698 ita
982 643 1018 696 ut
1040 644 1121 697 recte
1147 633 1323 720 pereipiat,

199 733 274 796 laco
306 756 341 797 eo
356 732 432 818 fere
464 731 555 794 moda
580 753 645 796 esse
677 752 736 816 quo
765 729 915 817 splendor
946 752 1021 817 erpa
1044 729 1142 794 lucem
1164 755 1196 796 se
1218 732 1323 801 hahet.
1390 729 1391 738 ’

200 829 333 916 indeque
364 830 509 894 veritatis
540 829 709 914 imaginem
740 829 886 915 accipiat.
920 865 964 876 -
995 827 1049 891 Ex
1072 827 1136 892 hac
1159 827 1193 894 S.
1218 827 1324 892 Atha·

201 929 285 992 nasii
310 928 515 1012 expositione
536 933 638 1012 patet,
662 947 779 990 vocem
810 925 1091 990 consubstantialis
1113 927 1322 1011 aptissimam

202 1025 337 1111 Synodo
354 1027 461 1090 visam
476 1023 587 1106 fuisse,
612 1031 649 1088 ut
671 1025 912 1109 exprimeretur
936 1026 972 1087 1⁰
994 1023 1186 1088 omnimoda
1203 1045 1324 1110 aequa·
1391 1026 1392 1110 l

200 1124 276 1188 litas
299 1123 502 1188 substantiae
525 1123 561 1185 in
574 1121 672 1186 Patre
695 1131 728 1184 et
742 1120 838 1204 Filio,
863 1121 902 1184 2⁰
924 1122 1034 1185 unitas
1057 1120 1265 1186 substantiae
1291 1123 1323 1186 in
1391 1127 1392 1130 ’

202 1231 351 1308 utroque,
376 1229 539 1305 quatenus
562 1227 680 1282 natura
712 1218 828 1284 divina
860 1228 909 1282 est
931 1219 966 1282 in
989 1219 1087 1282 Patre
1109 1221 1326 1302 generatione.

204 1317 490 1400 communicanda,
524 1318 560 1381 in
592 1315 678 1380 Filio
712 1337 790 1380 vero
823 1316 1034 1400 generatione
1067 1319 1325 1380 communicata.

168 1485 171 1492 ,
202 1418 243 1483 Id
275 1416 479 1482 Athanasius
511 1435 649 1480 nervose
682 1424 714 1479 et
746 1413 892 1478 breviter
927 1414 1085 1499 exprimit
1117 1413 1198 1478 dum
1232 1414 1326 1483 dicit

203 1515 317 1580 Patres
340 1535 423 1578 voce
446 1509 617 1595 ὁμοούσιος
638 1511 782 1576 voluisse
801 1511 999 1594 significare,
1016 1511 1140 1576 Filium
1163 1533 1232 1577 non
1257 1521 1327 1576 tan-

203 1621 275 1676 tum
298 1606 420 1694 ὃμοιον,
445 1606 525 1674 ἀλλὰ
548 1605 665 1672 sadada
687 1612 726 1695 τῇ
755 1605 908 1691 ὁμοιώσει
939 1605 974 1672 ἐκ
996 1612 1054 1673 τοῦ
1077 1608 1208 1694 Πατρός
1230 1613 1327 1674 εἶναι.
1392 1643 1393 1656 ι

296 1709 369 1774 101.
393 1707 497 1772 Vides
535 1727 578 1770 ex
616 1704 680 1770 hac
720 1707 942 1792 expositione,
975 1727 1076 1792 quam
1105 1708 1217 1792 inepte
1247 1706 1328 1772 Cur

206 1806 356 1887 cellaeus,
391 1802 628 1886 Cudworthus,
661 1805 778 1870 Petrus
811 1804 952 1888 Faydit,
985 1803 1143 1869 Placidus
1175 1805 1330 1870 Sttlmner

206 1905 404 1982 censuerint,
420 1901 606 1967 Concilium
621 1901 807 1966 Nicaenum
830 1909 863 1966 et
884 1902 1000 1966 Patres
1023 1903 1221 1987 posteriores
1245 1903 1329 1988 ejus-

206 2004 281 2068 dem
307 2000 447 2067 Concilii
471 2000 656 2064 doctrinam
680 2009 818 2082 secutos,
851 2020 919 2063 non
951 2020 1062 2082 unam,
1097 1999 1155 2064 sed
1178 2007 1246 2065 tres
1272 2023 1330 2065 nu·
1393 2035 1394 2056 κ

206 2123 295 2166 mero
328 2109 463 2166 naturas
498 2098 647 2180 divinas,
681 2097 835 2183 specifice
866 2107 996 2163 tantum
1028 2119 1130 2162 unam
1162 2097 1329 2164 docuisse.

209 2198 415 2283 ,Caeterum
449 2197 496 2260 ait
528 2195 715 2280 Franaelin,
749 2195 858 2282 quoad
890 2217 961 2260 rem
995 2197 1101 2281 ipsam
1134 2195 1220 2260 nihil
1249 2219 1330 2262 sane

206 2295 298 2362 aliud
321 2297 443 2362 dicitur
464 2315 525 2380 per
547 2294 635 2358 hanc
654 2293 909 2359 declarationem
925 2292 1043 2358 tetiam
1065 2315 1131 2357 esse
1154 2290 1331 2376 ὁμοούσιον

206 2396 307 2477 Patsi,
332 2415 432 2480 quam
456 2394 483 2457 si
507 2392 638 2458 dicatur
661 2391 768 2456 Filius
791 2391 856 2456 Dei
879 2392 997 2474 Patris,
1021 2392 1153 2477 genitus
1176 2415 1197 2456 a
1220 2393 1331 2471 Patre,

207 2495 305 2558 Pater
318 2492 421 2574 Deus,
446 2500 478 2554 et
492 2489 598 2555 Filius
611 2491 713 2572 Deus,
729 2491 829 2555 Pater
851 2498 884 2554 et
898 2488 1004 2554 Filius
1027 2511 1132 2553 unum
1154 2501 1235 2555 sunt
1258 2501 1331 2567 etc,

209 2589 387 2656 dummodo
410 2587 494 2652 haec
517 2610 615 2652 sensu
637 2589 770 2673 proprio
793 2586 1038 2671 intelligantur:
1076 2586 1151 2668 ,hoc
1173 2599 1226 2652 est
1249 2589 1332 2652 illud

208 2685 380 2771 ὀμοούσιον
402 2686 491 2773 quod
515 2685 597 2750 fides
620 2688 758 2772 antiqua
781 2691 973 2771 pepererat‘
1025 2684 1167 2769 August.
1208 2685 1332 2751 Contra

209 2787 395 2852 Maximum
427 2785 466 2850 L.
499 2783 544 2849 Π.
577 2805 605 2848 c.
642 2784 693 2848 14.
717 2806 750 2850 n.
780 2784 812 2847 3.
858 2781 905 2846 At
932 2784 1133 2867 praestantia
1156 2783 1247 2848 illius
1271 2784 1333 2847 for·

210 2883 318 2950 mulae
341 2885 377 2948 in
399 2881 463 2948 hoc
486 2883 556 2967 ipso
590 2883 652 2946 sita
676 2890 733 2963 est,
767 2878 857 2966 quod
878 2881 1040 2944 rationem
1064 2881 1255 2964 filiationis,
1280 2903 1331 2966 ge·

210 2983 399 3064 nerationis,
416 2981 558 3062 deitatis,
583 2980 729 3061 unitatis,
745 2978 927 3042 clarissime
942 2980 1093 3042 enuntiat
1116 2981 1332 3044 constitutam

210 3081 246 3144 in
269 3079 568 3144 communicatione
600 3077 761 3141 essentiae
793 3076 929 3140 divinae
962 3076 1102 3140 aPatre
1135 3078 1170 3140 in
1196 3077 1332 3142 Filium.

210 3177 344 3242 Exinde
367 3173 540 3259 ὀμοούσιον
563 3175 685 3239 mansit
697 3184 822 3238 tessera
837 3174 1022 3238 certissima
1044 3173 1122 3238 fidei
1148 3175 1332 3240 catholicas

211 3276 372 3343 adversus
386 3273 537 3338 haereses
552 3273 742 3353 contrarias,
758 3279 919 3355 negantes
935 3271 1006 3334 sive
1021 3272 1182 3337 unitatem
1194 3285 1332 3339 naturae

213 3373 432 3438 indistinctis
455 3373 613 3457 personis,
639 3372 710 3434 sive
743 3369 915 3434 distinctas
947 3389 1104 3453 personas
1136 3371 1170 3434 in
1206 3375 1333 3438 unitate

213 3471 381 3536 naturae.“

67 3594 189 3646 Symbolum
308 3569 381 3634 102.
405 3568 584 3653 Postquam
607 3567 709 3650 igitur
724 3575 835 3630 canoto
848 3587 927 3650 qaae
951 3567 1194 3630 coatooemiam
1217 3581 1248 3632 et
1271 3571 1333 3632 dis·

71 3657 191 3698 nicanum.
218 3667 372 3732 sessionis
394 3667 560 3730 matemam
582 3665 721 3728 accitare
752 3662 940 3726 videbantur
970 3673 1115 3726 accurata
1138 3664 1283 3731 disseca
1306 3679 1334 3730 et

218 3766 402 3828 attaminata
425 3760 536 3849 am),
562 3761 594 3827 S.
616 3760 771 3845 Synodus
795 3758 990 3843 Symbolum
1022 3757 1104 3824 illud
1127 3761 1243 3846 edidit,
1269 3785 1332 3850 quo

217 3863 290 3926 Arii
323 3861 468 3926 haeresis
500 3860 720 3947 peremptorie
753 3857 982 3922 damnabatur.
1037 3857 1150 3922 Verba
1182 3859 1331 3945 Symboli

212 3961 284 4046 jam
306 3959 485 4025 addemus:
513 3957 675 4023 Credimus
697 3959 733 4020 ia
755 3979 850 4020 assam
865 3955 976 4035 Deam,
993 3956 1120 4020 Patrem
1141 3962 1333 4046 omnipoten-

218 4069 288 4137 tem,
321 4059 458 4122 omm'mn
488 4057 661 4121 mellillam
692 4065 722 4118 et
753 4052 959 4119 institutam
984 4051 1172 4119 Creatorem
1229 4057 1272 4120 Et
1300 4059 1333 4120 ia

294 4263 316 4330 ¹)
333 4261 383 4328 Ep.
403 4259 544 4314 Constant
564 4275 607 4327 ap.
626 4259 763 4314 &cratem
781 4257 816 4314 H.
835 4257 866 4310 Ε,
885 4254 903 4312 l
922 4256 944 4312 Ι.
964 4273 986 4311 c
1005 4259 1030 4312 9.
