<?xml version="1.0" encoding="UTF-8"?>
<!DOCTYPE html PUBLIC "-//W3C//DTD XHTML 1.0 Transitional//EN"
    "http://www.w3.org/TR/xhtml1/DTD/xhtml1-transitional.dtd">
<html xmlns="http://www.w3.org/1999/xhtml" xml:lang="en" lang="en">
 <head>
  <title>
</title>
<meta http-equiv="Content-Type" content="text/html;charset=utf-8" />
  <meta name='ocr-system' content='tesseract 3.04.00' />
  <meta name='ocr-capabilities' content='ocr_page ocr_carea ocr_par ocr_line ocrx_word'/>
</head>
<body>
  <div class='ocr_page' id='page_1' title='image "./dissertationess02junggoog_0116.png"; bbox 0 0 2924 4818; ppageno 0'>
   <div class='ocr_carea' id='block_1_1' title="bbox 549 467 1206 544">
    <p class='ocr_par' dir='ltr' id='par_1_1' title="bbox 549 467 1206 544">
     <span class='ocr_line' id='line_1_1' title="bbox 549 467 1206 544; baseline 0.009 -20"><span class='ocrx_word' id='word_1_1' title='bbox 549 467 604 524; x_wconf 80' lang='lat' dir='ltr'>Alii</span> <span class='ocrx_word' id='word_1_2' title='bbox 623 475 744 526; x_wconf 81' lang='lat' dir='ltr'>eventus.</span> <span class='ocrx_word' id='word_1_3' title='bbox 947 533 956 544; x_wconf 51' lang='grc'><strong>,</strong></span> <span class='ocrx_word' id='word_1_4' title='bbox 1155 476 1206 530; x_wconf 89' lang='grc'>103</span> 
     </span>
    </p>
   </div>
   <div class='ocr_carea' id='block_1_2' title="bbox 94 609 1204 3948">
    <p class='ocr_par' dir='ltr' id='par_1_2' title="bbox 99 609 1204 1884">
     <span class='ocr_line' id='line_1_2' title="bbox 106 609 1202 708; baseline 0.014 -38"><span class='ocrx_word' id='word_1_5' title='bbox 106 609 295 677; x_wconf 71' lang='lat' dir='ltr'>Corinthum.</span> <span class='ocrx_word' id='word_1_6' title='bbox 319 613 379 694; x_wconf 87' lang='lat' dir='ltr'>Eo,</span> <span class='ocrx_word' id='word_1_7' title='bbox 404 613 532 700; x_wconf 76' lang='lat' dir='ltr'>expulsi</span> <span class='ocrx_word' id='word_1_8' title='bbox 556 639 577 680; x_wconf 93' lang='lat' dir='ltr'>a</span> <span class='ocrx_word' id='word_1_9' title='bbox 601 615 740 682; x_wconf 87' lang='lat' dir='ltr'>Claudio</span> <span class='ocrx_word' id='word_1_10' title='bbox 764 641 794 682; x_wconf 91' lang='lat' dir='ltr'>a.</span> <span class='ocrx_word' id='word_1_11' title='bbox 819 619 873 702; x_wconf 79' lang='lat'>48,</span> <span class='ocrx_word' id='word_1_12' title='bbox 898 642 998 708; x_wconf 67' lang='lat' dir='ltr'>reaper</span> <span class='ocrx_word' id='word_1_13' title='bbox 1021 621 1125 685; x_wconf 88' lang='lat' dir='ltr'>Roma</span> <span class='ocrx_word' id='word_1_14' title='bbox 1147 619 1202 684; x_wconf 89' lang='lat' dir='ltr'>ad-</span> 
     </span>
     <span class='ocr_line' id='line_1_3' title="bbox 105 711 1203 806; baseline 0.014 -35"><span class='ocrx_word' id='word_1_15' title='bbox 105 721 248 774; x_wconf 75' lang='lat' dir='ltr'>venerant</span> <span class='ocrx_word' id='word_1_16' title='bbox 274 711 398 799; x_wconf 89' lang='lat' dir='ltr'>Aquila</span> <span class='ocrx_word' id='word_1_17' title='bbox 432 724 463 778; x_wconf 89' lang='lat' dir='ltr'>et</span> <span class='ocrx_word' id='word_1_18' title='bbox 492 715 642 781; x_wconf 81' lang='lat' dir='ltr'>Priscilla</span> <span class='ocrx_word' id='word_1_19' title='bbox 672 716 760 804; x_wconf 90' lang='lat' dir='ltr'>(Act.</span> <span class='ocrx_word' id='word_1_20' title='bbox 794 719 850 801; x_wconf 89' lang='lat'>18,</span> <span class='ocrx_word' id='word_1_21' title='bbox 877 715 926 805; x_wconf 91' lang='lat' dir='ltr'>l),</span> <span class='ocrx_word' id='word_1_22' title='bbox 950 718 1040 806; x_wconf 83' lang='lat' dir='ltr'>apud</span> <span class='ocrx_word' id='word_1_23' title='bbox 1065 741 1146 806; x_wconf 91' lang='lat' dir='ltr'>quos</span> <span class='ocrx_word' id='word_1_24' title='bbox 1170 719 1203 786; x_wconf 88' lang='lat' dir='ltr'>S.</span> 
     </span>
     <span class='ocr_line' id='line_1_4' title="bbox 106 808 1203 882; baseline 0.012 -13"><span class='ocrx_word' id='word_1_25' title='bbox 106 808 210 872; x_wconf 84' lang='lat' dir='ltr'>l&#39;aulns</span> <span class='ocrx_word' id='word_1_26' title='bbox 232 809 421 876; x_wconf 88' lang='lat' dir='ltr'>demoratus</span> <span class='ocrx_word' id='word_1_27' title='bbox 450 825 508 882; x_wconf 90' lang='lat' dir='ltr'>est.</span> <span class='ocrx_word' id='word_1_28' title='bbox 555 814 704 881; x_wconf 79' lang='lat' dir='ltr'><strong>Advenit</strong></span> <span class='ocrx_word' id='word_1_29' title='bbox 735 815 931 882; x_wconf 85' lang='lat' dir='ltr'><strong>Corinthum</strong></span> <span class='ocrx_word' id='word_1_30' title='bbox 962 841 1076 882; x_wconf 87' lang='lat' dir='ltr'>versus</span> <span class='ocrx_word' id='word_1_31' title='bbox 1104 817 1203 882; x_wconf 90' lang='lat' dir='ltr'>finem</span> 
     </span>
     <span class='ocr_line' id='line_1_5' title="bbox 102 909 1202 1004; baseline 0.008 -32"><span class='ocrx_word' id='word_1_32' title='bbox 102 910 228 974; x_wconf 75' lang='lat' dir='ltr'>anui48.</span> <span class='ocrx_word' id='word_1_33' title='bbox 256 909 347 977; x_wconf 75' lang='lat' dir='ltr'>Sedit</span> <span class='ocrx_word' id='word_1_34' title='bbox 371 925 474 977; x_wconf 65' lang='lat' dir='ltr'>artam</span> <span class='ocrx_word' id='word_1_35' title='bbox 497 914 542 978; x_wconf 83' lang='lat' dir='ltr'>ibi</span> <span class='ocrx_word' id='word_1_36' title='bbox 564 926 733 979; x_wconf 71' lang='lat' dir='ltr'>averruncet</span> <span class='ocrx_word' id='word_1_37' title='bbox 757 938 812 979; x_wconf 77' lang='lat' dir='ltr'>sea</span> <span class='ocrx_word' id='word_1_38' title='bbox 835 913 1052 1002; x_wconf 83' lang='lat' dir='ltr'>menaea(Act.</span> <span class='ocrx_word' id='word_1_39' title='bbox 1070 917 1153 997; x_wconf 89' lang='grc'><strong>18,1</strong></span> <span class='ocrx_word' id='word_1_40' title='bbox 1180 915 1202 1004; x_wconf 87' lang='grc'>),</span> 
     </span>
     <span class='ocr_line' id='line_1_6' title="bbox 101 1008 1204 1099; baseline 0.005 -28"><span class='ocrx_word' id='word_1_41' title='bbox 101 1031 160 1072; x_wconf 80' lang='lat' dir='ltr'>sese</span> <span class='ocrx_word' id='word_1_42' title='bbox 190 1008 337 1076; x_wconf 83' lang='lat' dir='ltr'><strong>defendit</strong></span> <span class='ocrx_word' id='word_1_43' title='bbox 370 1033 479 1076; x_wconf 89' lang='lat' dir='ltr'>coram</span> <span class='ocrx_word' id='word_1_44' title='bbox 519 1011 670 1078; x_wconf 83' lang='lat' dir='ltr'>Gallione</span> <span class='ocrx_word' id='word_1_45' title='bbox 712 1013 906 1098; x_wconf 75' lang='lat' dir='ltr'>proconsule</span> <span class='ocrx_word' id='word_1_46' title='bbox 939 1013 1106 1097; x_wconf 81' lang='lat' dir='ltr'>Achaiae,</span> <span class='ocrx_word' id='word_1_47' title='bbox 1147 1017 1204 1099; x_wconf 89' lang='lat' dir='ltr'>qui</span> 
     </span>
     <span class='ocr_line' id='line_1_7' title="bbox 102 1107 1204 1198; baseline 0.006 -29"><span class='ocrx_word' id='word_1_48' title='bbox 102 1115 160 1170; x_wconf 83' lang='lat' dir='ltr'>crat</span> <span class='ocrx_word' id='word_1_49' title='bbox 179 1107 278 1172; x_wconf 85' lang='lat' dir='ltr'>frater</span> <span class='ocrx_word' id='word_1_50' title='bbox 301 1121 383 1174; x_wconf 89' lang='lat' dir='ltr'>natu</span> <span class='ocrx_word' id='word_1_51' title='bbox 413 1111 517 1196; x_wconf 90' lang='lat' dir='ltr'>major</span> <span class='ocrx_word' id='word_1_52' title='bbox 547 1111 702 1194; x_wconf 86' lang='lat' dir='ltr'>Senecae,</span> <span class='ocrx_word' id='word_1_53' title='bbox 734 1122 767 1177; x_wconf 90' lang='lat' dir='ltr'>et</span> <span class='ocrx_word' id='word_1_54' title='bbox 790 1113 921 1198; x_wconf 83' lang='lat' dir='ltr'>scripsit</span> <span class='ocrx_word' id='word_1_55' title='bbox 944 1111 1026 1177; x_wconf 89' lang='lat' dir='ltr'>duaa</span> <span class='ocrx_word' id='word_1_56' title='bbox 1050 1112 1204 1198; x_wconf 88' lang='lat' dir='ltr'>epistolas</span> 
     </span>
     <span class='ocr_line' id='line_1_8' title="bbox 101 1204 1202 1296; baseline 0.007 -30"><span class='ocrx_word' id='word_1_57' title='bbox 101 1204 135 1267; x_wconf 80' lang='lat' dir='ltr'>ad</span> <span class='ocrx_word' id='word_1_58' title='bbox 156 1204 470 1274; x_wconf 76' lang='lat' dir='ltr'>Thessalonicenses.</span> <span class='ocrx_word' id='word_1_59' title='bbox 518 1208 676 1273; x_wconf 85' lang='lat' dir='ltr'>Corintho</span> <span class='ocrx_word' id='word_1_60' title='bbox 706 1209 871 1296; x_wconf 86' lang='lat' dir='ltr'>profectus</span> <span class='ocrx_word' id='word_1_61' title='bbox 902 1220 951 1274; x_wconf 91' lang='lat' dir='ltr'>est</span> <span class='ocrx_word' id='word_1_62' title='bbox 979 1209 1102 1274; x_wconf 90' lang='lat' dir='ltr'>Paulus</span> <span class='ocrx_word' id='word_1_63' title='bbox 1125 1220 1202 1274; x_wconf 88' lang='lat' dir='ltr'>tem-</span> 
     </span>
     <span class='ocr_line' id='line_1_9' title="bbox 102 1307 1204 1394; baseline 0.005 -28"><span class='ocrx_word' id='word_1_64' title='bbox 102 1325 166 1386; x_wconf 88' lang='lat' dir='ltr'>pore</span> <span class='ocrx_word' id='word_1_65' title='bbox 187 1325 286 1370; x_wconf 85' lang='lat' dir='ltr'>verno</span> <span class='ocrx_word' id='word_1_66' title='bbox 311 1309 391 1372; x_wconf 89' lang='lat' dir='ltr'>anni</span> <span class='ocrx_word' id='word_1_67' title='bbox 421 1307 465 1372; x_wconf 86' lang='lat'>50</span> <span class='ocrx_word' id='word_1_68' title='bbox 494 1310 710 1392; x_wconf 82' lang='lat' dir='ltr'>navigaturus</span> <span class='ocrx_word' id='word_1_69' title='bbox 740 1310 774 1374; x_wconf 92' lang='lat' dir='ltr'>in</span> <span class='ocrx_word' id='word_1_70' title='bbox 808 1308 949 1393; x_wconf 85' lang='lat' dir='ltr'>Syriam,</span> <span class='ocrx_word' id='word_1_71' title='bbox 980 1331 1057 1372; x_wconf 91' lang='lat' dir='ltr'>eum</span> <span class='ocrx_word' id='word_1_72' title='bbox 1079 1307 1204 1394; x_wconf 91' lang='lat' dir='ltr'>Aquila</span> 
     </span>
     <span class='ocr_line' id='line_1_10' title="bbox 100 1401 1201 1494; baseline 0.009 -34"><span class='ocrx_word' id='word_1_73' title='bbox 100 1412 125 1462; x_wconf 84' lang='lat' dir='ltr'>et</span> <span class='ocrx_word' id='word_1_74' title='bbox 145 1401 286 1468; x_wconf 86' lang='lat' dir='ltr'>Priscilla</span> <span class='ocrx_word' id='word_1_75' title='bbox 301 1403 393 1493; x_wconf 90' lang='lat' dir='ltr'>(Act.</span> <span class='ocrx_word' id='word_1_76' title='bbox 420 1405 470 1488; x_wconf 88' lang='grc'>18,</span> <span class='ocrx_word' id='word_1_77' title='bbox 498 1404 563 1492; x_wconf 87' lang='grc'>18).</span> <span class='ocrx_word' id='word_1_78' title='bbox 588 1406 661 1470; x_wconf 91' lang='lat' dir='ltr'>Hoc</span> <span class='ocrx_word' id='word_1_79' title='bbox 686 1407 721 1471; x_wconf 92' lang='lat' dir='ltr'>in</span> <span class='ocrx_word' id='word_1_80' title='bbox 745 1408 862 1472; x_wconf 88' lang='lat' dir='ltr'>itinere</span> <span class='ocrx_word' id='word_1_81' title='bbox 885 1405 1201 1494; x_wconf 75' lang='lat' dir='ltr'>appuleruntllphe-</span> 
     </span>
     <span class='ocr_line' id='line_1_11' title="bbox 100 1501 1202 1591; baseline 0.008 -31"><span class='ocrx_word' id='word_1_82' title='bbox 100 1519 169 1579; x_wconf 86' lang='lat' dir='ltr'>sum,</span> <span class='ocrx_word' id='word_1_83' title='bbox 191 1511 221 1564; x_wconf 89' lang='lat' dir='ltr'>ct</span> <span class='ocrx_word' id='word_1_84' title='bbox 244 1501 318 1566; x_wconf 89' lang='lat' dir='ltr'>illos</span> <span class='ocrx_word' id='word_1_85' title='bbox 343 1503 390 1568; x_wconf 95' lang='lat' dir='ltr'>ibi</span> <span class='ocrx_word' id='word_1_86' title='bbox 413 1503 536 1568; x_wconf 89' lang='lat' dir='ltr'>Paulus</span> <span class='ocrx_word' id='word_1_87' title='bbox 559 1504 710 1591; x_wconf 79' lang='lat' dir='ltr'>reliquit3</span> <span class='ocrx_word' id='word_1_88' title='bbox 734 1507 804 1590; x_wconf 88' lang='lat' dir='ltr'>ipse</span> <span class='ocrx_word' id='word_1_89' title='bbox 834 1526 911 1570; x_wconf 89' lang='lat' dir='ltr'>vero</span> <span class='ocrx_word' id='word_1_90' title='bbox 936 1527 1013 1570; x_wconf 87' lang='lat' dir='ltr'>mox</span> <span class='ocrx_word' id='word_1_91' title='bbox 1036 1503 1202 1591; x_wconf 90' lang='lat' dir='ltr'>profectus</span> 
     </span>
     <span class='ocr_line' id='line_1_12' title="bbox 99 1600 1201 1690; baseline 0.008 -31"><span class='ocrx_word' id='word_1_92' title='bbox 99 1609 146 1676; x_wconf 85' lang='lat' dir='ltr'>est,</span> <span class='ocrx_word' id='word_1_93' title='bbox 156 1620 252 1683; x_wconf 88' lang='lat' dir='ltr'>quum</span> <span class='ocrx_word' id='word_1_94' title='bbox 276 1600 380 1666; x_wconf 86' lang='lat' dir='ltr'>vellet</span> <span class='ocrx_word' id='word_1_95' title='bbox 403 1601 515 1688; x_wconf 84' lang='lat' dir='ltr'>(juxta</span> <span class='ocrx_word' id='word_1_96' title='bbox 537 1612 665 1666; x_wconf 85' lang='lat' dir='ltr'>textum</span> <span class='ocrx_word' id='word_1_97' title='bbox 678 1601 858 1690; x_wconf 87' lang='lat' dir='ltr'>Graecum)</span> <span class='ocrx_word' id='word_1_98' title='bbox 868 1601 1108 1688; x_wconf 89' lang='lat' dir='ltr'>Hierosolymis</span> <span class='ocrx_word' id='word_1_99' title='bbox 1132 1625 1201 1668; x_wconf 87' lang='lat' dir='ltr'>esse</span> 
     </span>
     <span class='ocr_line' id='line_1_13' title="bbox 100 1695 1201 1786; baseline 0.009 -30"><span class='ocrx_word' id='word_1_100' title='bbox 100 1716 146 1778; x_wconf 89' lang='lat' dir='ltr'>pro</span> <span class='ocrx_word' id='word_1_101' title='bbox 167 1695 218 1761; x_wconf 91' lang='lat' dir='ltr'>die</span> <span class='ocrx_word' id='word_1_102' title='bbox 239 1699 354 1785; x_wconf 88' lang='lat' dir='ltr'>aliquo</span> <span class='ocrx_word' id='word_1_103' title='bbox 378 1699 470 1782; x_wconf 87' lang='lat' dir='ltr'>festo,</span> <span class='ocrx_word' id='word_1_104' title='bbox 495 1703 552 1786; x_wconf 92' lang='lat' dir='ltr'>qui</span> <span class='ocrx_word' id='word_1_105' title='bbox 583 1701 718 1765; x_wconf 86' lang='lat' dir='ltr'>videtur</span> <span class='ocrx_word' id='word_1_106' title='bbox 741 1702 842 1766; x_wconf 85' lang='lat' dir='ltr'>fuisse</span> <span class='ocrx_word' id='word_1_107' title='bbox 865 1701 1003 1768; x_wconf 83' lang='lat' dir='ltr'>Pascha.</span> <span class='ocrx_word' id='word_1_108' title='bbox 1050 1701 1201 1766; x_wconf 88' lang='lat' dir='ltr'>Hieroso-</span> 
     </span>
     <span class='ocr_line' id='line_1_14' title="bbox 99 1789 1034 1884; baseline 0.013 -31"><span class='ocrx_word' id='word_1_109' title='bbox 99 1789 181 1873; x_wconf 73' lang='lat' dir='ltr'>lymis</span> <span class='ocrx_word' id='word_1_110' title='bbox 202 1795 325 1862; x_wconf 89' lang='lat' dir='ltr'>deinde</span> <span class='ocrx_word' id='word_1_111' title='bbox 349 1797 526 1884; x_wconf 84' lang='lat' dir='ltr'>Apostolus</span> <span class='ocrx_word' id='word_1_112' title='bbox 550 1799 715 1884; x_wconf 90' lang='lat' dir='ltr'>profectus</span> <span class='ocrx_word' id='word_1_113' title='bbox 740 1809 788 1864; x_wconf 89' lang='lat' dir='ltr'>est</span> <span class='ocrx_word' id='word_1_114' title='bbox 811 1799 1034 1865; x_wconf 86' lang='lat' dir='ltr'>Antiochiam.</span> 
     </span>
    </p>

    <p class='ocr_par' dir='ltr' id='par_1_3' title="bbox 94 1894 1201 3948">
     <span class='ocr_line' id='line_1_15' title="bbox 172 1894 1199 1985; baseline 0.005 -28"><span class='ocrx_word' id='word_1_115' title='bbox 172 1894 221 1960; x_wconf 78' lang='lat'>94.</span> <span class='ocrx_word' id='word_1_116' title='bbox 245 1896 329 1961; x_wconf 81' lang='lat' dir='ltr'>hlox</span> <span class='ocrx_word' id='word_1_117' title='bbox 352 1897 386 1963; x_wconf 90' lang='lat' dir='ltr'>S.</span> <span class='ocrx_word' id='word_1_118' title='bbox 409 1897 532 1962; x_wconf 88' lang='lat' dir='ltr'>Paulus</span> <span class='ocrx_word' id='word_1_119' title='bbox 556 1899 680 1962; x_wconf 83' lang='lat' dir='ltr'>tertiam</span> <span class='ocrx_word' id='word_1_120' title='bbox 711 1900 772 1962; x_wconf 82' lang='lat' dir='ltr'>iter</span> <span class='ocrx_word' id='word_1_121' title='bbox 795 1897 1022 1985; x_wconf 86' lang='lat' dir='ltr'>Apostolicum</span> <span class='ocrx_word' id='word_1_122' title='bbox 1047 1899 1199 1984; x_wconf 85' lang='lat' dir='ltr'>suscepit,</span> 
     </span>
     <span class='ocr_line' id='line_1_16' title="bbox 98 1992 1200 2081; baseline 0.009 -29"><span class='ocrx_word' id='word_1_123' title='bbox 98 2001 123 2052; x_wconf 83' lang='lat' dir='ltr'>et</span> <span class='ocrx_word' id='word_1_124' title='bbox 142 2013 195 2076; x_wconf 86' lang='lat' dir='ltr'>per</span> <span class='ocrx_word' id='word_1_125' title='bbox 216 1992 386 2062; x_wconf 83' lang='lat' dir='ltr'>Galatiam</span> <span class='ocrx_word' id='word_1_126' title='bbox 410 2005 443 2060; x_wconf 87' lang='lat' dir='ltr'>et</span> <span class='ocrx_word' id='word_1_127' title='bbox 465 1996 646 2080; x_wconf 84' lang='lat' dir='ltr'>Phrygiam</span> <span class='ocrx_word' id='word_1_128' title='bbox 669 1999 822 2081; x_wconf 89' lang='lat' dir='ltr'>pervenit</span> <span class='ocrx_word' id='word_1_129' title='bbox 850 1999 969 2062; x_wconf 90' lang='lat' dir='ltr'>iterum</span> <span class='ocrx_word' id='word_1_130' title='bbox 993 2019 1022 2062; x_wconf 92' lang='lat' dir='ltr'>a.</span> <span class='ocrx_word' id='word_1_131' title='bbox 1046 1995 1104 2080; x_wconf 83' lang='lat'>50,</span> <span class='ocrx_word' id='word_1_132' title='bbox 1134 2019 1200 2062; x_wconf 91' lang='lat' dir='ltr'>non</span> 
     </span>
     <span class='ocr_line' id='line_1_17' title="bbox 99 2088 1201 2182; baseline 0.009 -32"><span class='ocrx_word' id='word_1_133' title='bbox 99 2088 184 2154; x_wconf 82' lang='lat' dir='ltr'>multo</span> <span class='ocrx_word' id='word_1_134' title='bbox 206 2095 527 2178; x_wconf 88' lang='lat' dir='ltr'>postPentecostem,</span> <span class='ocrx_word' id='word_1_135' title='bbox 543 2094 724 2182; x_wconf 83' lang='lat' dir='ltr'>Ephesum,</span> <span class='ocrx_word' id='word_1_136' title='bbox 748 2094 806 2160; x_wconf 93' lang='lat' dir='ltr'>ubi</span> <span class='ocrx_word' id='word_1_137' title='bbox 829 2095 1015 2182; x_wconf 87' lang='lat' dir='ltr'>hospitatus</span> <span class='ocrx_word' id='word_1_138' title='bbox 1039 2104 1088 2160; x_wconf 88' lang='lat' dir='ltr'>est</span> <span class='ocrx_word' id='word_1_139' title='bbox 1110 2094 1201 2181; x_wconf 90' lang='lat' dir='ltr'>apud</span> 
     </span>
     <span class='ocr_line' id='line_1_18' title="bbox 98 2185 1198 2282; baseline 0.007 -32"><span class='ocrx_word' id='word_1_140' title='bbox 98 2185 235 2272; x_wconf 82' lang='lat' dir='ltr'>Aquilam</span> <span class='ocrx_word' id='word_1_141' title='bbox 270 2201 304 2257; x_wconf 91' lang='lat' dir='ltr'>et</span> <span class='ocrx_word' id='word_1_142' title='bbox 339 2191 567 2278; x_wconf 81' lang='lat' dir='ltr'>Priscillam1),</span> <span class='ocrx_word' id='word_1_143' title='bbox 601 2203 634 2258; x_wconf 90' lang='lat' dir='ltr'>et</span> <span class='ocrx_word' id='word_1_144' title='bbox 662 2194 703 2258; x_wconf 78' lang='lat' dir='ltr'>rt</span> <span class='ocrx_word' id='word_1_145' title='bbox 735 2193 904 2258; x_wconf 88' lang='lat' dir='ltr'>mensibus</span> <span class='ocrx_word' id='word_1_146' title='bbox 934 2193 1080 2259; x_wconf 87' lang='lat' dir='ltr'>substitit</span> <span class='ocrx_word' id='word_1_147' title='bbox 1108 2193 1198 2282; x_wconf 89' lang='lat' dir='ltr'>(Act.</span> 
     </span>
     <span class='ocr_line' id='line_1_19' title="bbox 101 2287 1198 2379; baseline 0.002 -27"><span class='ocrx_word' id='word_1_148' title='bbox 101 2287 140 2359; x_wconf 76' lang='grc'>19,</span> <span class='ocrx_word' id='word_1_149' title='bbox 162 2287 189 2353; x_wconf 85' lang='grc'>8.</span> <span class='ocrx_word' id='word_1_150' title='bbox 204 2289 269 2376; x_wconf 83' lang='grc'>10).</span> <span class='ocrx_word' id='word_1_151' title='bbox 295 2291 436 2377; x_wconf 87' lang='lat' dir='ltr'>Scripsit</span> <span class='ocrx_word' id='word_1_152' title='bbox 459 2313 502 2355; x_wconf 90' lang='lat' dir='ltr'>ex</span> <span class='ocrx_word' id='word_1_153' title='bbox 523 2291 655 2379; x_wconf 84' lang='lat' dir='ltr'>Epheso</span> <span class='ocrx_word' id='word_1_154' title='bbox 688 2290 903 2378; x_wconf 90' lang='lat' dir='ltr'>probabiliter</span> <span class='ocrx_word' id='word_1_155' title='bbox 932 2290 1110 2378; x_wconf 87' lang='lat' dir='ltr'>Apostolus</span> <span class='ocrx_word' id='word_1_156' title='bbox 1133 2293 1198 2377; x_wconf 91' lang='lat' dir='ltr'>epi-</span> 
     </span>
     <span class='ocr_line' id='line_1_20' title="bbox 98 2383 1199 2476; baseline 0.006 -30"><span class='ocrx_word' id='word_1_157' title='bbox 98 2383 194 2450; x_wconf 83' lang='lat' dir='ltr'>stolam</span> <span class='ocrx_word' id='word_1_158' title='bbox 217 2388 260 2454; x_wconf 91' lang='lat' dir='ltr'>ad</span> <span class='ocrx_word' id='word_1_159' title='bbox 275 2387 424 2472; x_wconf 85' lang='lat' dir='ltr'>Galatas,</span> <span class='ocrx_word' id='word_1_160' title='bbox 449 2400 536 2454; x_wconf 87' lang='lat' dir='ltr'>certe</span> <span class='ocrx_word' id='word_1_161' title='bbox 550 2391 691 2476; x_wconf 88' lang='lat' dir='ltr'>primam</span> <span class='ocrx_word' id='word_1_162' title='bbox 714 2389 758 2455; x_wconf 94' lang='lat' dir='ltr'>ad</span> <span class='ocrx_word' id='word_1_163' title='bbox 769 2388 957 2456; x_wconf 90' lang='lat' dir='ltr'>Corinthios</span> <span class='ocrx_word' id='word_1_164' title='bbox 981 2400 1057 2455; x_wconf 89' lang='lat' dir='ltr'>ante</span> <span class='ocrx_word' id='word_1_165' title='bbox 1071 2389 1199 2454; x_wconf 88' lang='lat' dir='ltr'>Pascha</span> 
     </span>
     <span class='ocr_line' id='line_1_21' title="bbox 97 2484 1198 2575; baseline 0.004 -30"><span class='ocrx_word' id='word_1_166' title='bbox 97 2484 161 2548; x_wconf 83' lang='lat' dir='ltr'>anni</span> <span class='ocrx_word' id='word_1_167' title='bbox 182 2484 234 2552; x_wconf 84' lang='grc'>52.</span> <span class='ocrx_word' id='word_1_168' title='bbox 250 2527 295 2536; x_wconf 91' lang='lat'><em>-</em></span> <span class='ocrx_word' id='word_1_169' title='bbox 318 2486 453 2552; x_wconf 87' lang='lat' dir='ltr'>Aestate</span> <span class='ocrx_word' id='word_1_170' title='bbox 476 2491 555 2554; x_wconf 89' lang='lat' dir='ltr'>anni</span> <span class='ocrx_word' id='word_1_171' title='bbox 578 2488 622 2552; x_wconf 81' lang='lat'>52</span> <span class='ocrx_word' id='word_1_172' title='bbox 645 2486 806 2553; x_wconf 88' lang='lat' dir='ltr'>tumultus</span> <span class='ocrx_word' id='word_1_173' title='bbox 829 2489 992 2554; x_wconf 84' lang='lat' dir='ltr'>excitatus</span> <span class='ocrx_word' id='word_1_174' title='bbox 1017 2497 1065 2554; x_wconf 86' lang='lat' dir='ltr'>est</span> <span class='ocrx_word' id='word_1_175' title='bbox 1074 2488 1198 2575; x_wconf 83' lang='lat' dir='ltr'>Ephesi</span> 
     </span>
     <span class='ocr_line' id='line_1_22' title="bbox 96 2579 1198 2671; baseline 0.009 -31"><span class='ocrx_word' id='word_1_176' title='bbox 96 2579 279 2650; x_wconf 84' lang='lat' dir='ltr'>aDemetrio</span> <span class='ocrx_word' id='word_1_177' title='bbox 305 2587 502 2671; x_wconf 84' lang='lat' dir='ltr'>argentario,</span> <span class='ocrx_word' id='word_1_178' title='bbox 526 2596 558 2650; x_wconf 88' lang='lat' dir='ltr'>et</span> <span class='ocrx_word' id='word_1_179' title='bbox 582 2585 751 2651; x_wconf 84' lang='lat' dir='ltr'>discedere</span> <span class='ocrx_word' id='word_1_180' title='bbox 776 2597 909 2651; x_wconf 86' lang='lat' dir='ltr'>coactus</span> <span class='ocrx_word' id='word_1_181' title='bbox 922 2587 1045 2652; x_wconf 88' lang='lat' dir='ltr'>Paulus</span> <span class='ocrx_word' id='word_1_182' title='bbox 1069 2589 1198 2651; x_wconf 88' lang='lat' dir='ltr'>transiit</span> 
     </span>
     <span class='ocr_line' id='line_1_23' title="bbox 97 2677 1198 2773; baseline 0.011 -35"><span class='ocrx_word' id='word_1_183' title='bbox 97 2677 464 2773; x_wconf 86' lang='lat' dir='ltr'>inllacedoniam(Act.</span> <span class='ocrx_word' id='word_1_184' title='bbox 491 2683 556 2771; x_wconf 88' lang='lat'>19),</span> <span class='ocrx_word' id='word_1_185' title='bbox 572 2694 670 2770; x_wconf 89' lang='lat' dir='ltr'>atque</span> <span class='ocrx_word' id='word_1_186' title='bbox 694 2684 782 2768; x_wconf 91' lang='lat' dir='ltr'>inde,</span> <span class='ocrx_word' id='word_1_187' title='bbox 807 2687 923 2771; x_wconf 87' lang='lat' dir='ltr'>paucis</span> <span class='ocrx_word' id='word_1_188' title='bbox 946 2684 1198 2772; x_wconf 89' lang='lat' dir='ltr'>mensibuspost</span> 
     </span>
     <span class='ocr_line' id='line_1_24' title="bbox 96 2773 1196 2870; baseline 0.007 -29"><span class='ocrx_word' id='word_1_189' title='bbox 96 2773 191 2844; x_wconf 80' lang='lat' dir='ltr'>datam</span> <span class='ocrx_word' id='word_1_190' title='bbox 200 2785 345 2866; x_wconf 90' lang='lat' dir='ltr'>primam</span> <span class='ocrx_word' id='word_1_191' title='bbox 369 2782 550 2868; x_wconf 87' lang='lat' dir='ltr'>epistolam,</span> <span class='ocrx_word' id='word_1_192' title='bbox 575 2784 705 2870; x_wconf 89' lang='lat' dir='ltr'>scripsit</span> <span class='ocrx_word' id='word_1_193' title='bbox 729 2783 911 2848; x_wconf 90' lang='lat' dir='ltr'>secundam</span> <span class='ocrx_word' id='word_1_194' title='bbox 935 2782 978 2848; x_wconf 94' lang='lat' dir='ltr'>ad</span> <span class='ocrx_word' id='word_1_195' title='bbox 999 2781 1196 2849; x_wconf 85' lang='lat' dir='ltr'>Corinthios.</span> 
     </span>
     <span class='ocr_line' id='line_1_25' title="bbox 96 2871 1197 2969; baseline 0.008 -31"><span class='ocrx_word' id='word_1_196' title='bbox 96 2871 424 2966; x_wconf 84' lang='lat' dir='ltr'>lneademsignificat</span> <span class='ocrx_word' id='word_1_197' title='bbox 446 2903 480 2945; x_wconf 88' lang='lat' dir='ltr'>se</span> <span class='ocrx_word' id='word_1_198' title='bbox 502 2883 538 2945; x_wconf 93' lang='lat' dir='ltr'>in</span> <span class='ocrx_word' id='word_1_199' title='bbox 563 2903 600 2945; x_wconf 90' lang='lat' dir='ltr'>eo</span> <span class='ocrx_word' id='word_1_200' title='bbox 625 2903 694 2946; x_wconf 85' lang='lat' dir='ltr'>esse</span> <span class='ocrx_word' id='word_1_201' title='bbox 718 2891 754 2946; x_wconf 87' lang='lat' dir='ltr'>ut</span> <span class='ocrx_word' id='word_1_202' title='bbox 776 2881 822 2947; x_wconf 92' lang='lat' dir='ltr'>ad</span> <span class='ocrx_word' id='word_1_203' title='bbox 836 2884 924 2968; x_wconf 91' lang='lat' dir='ltr'>ipsos</span> <span class='ocrx_word' id='word_1_204' title='bbox 947 2883 1197 2969; x_wconf 88' lang='lat' dir='ltr'>veniret,seque</span> 
     </span>
     <span class='ocr_line' id='line_1_26' title="bbox 96 2971 1197 3066; baseline 0.005 -27"><span class='ocrx_word' id='word_1_205' title='bbox 96 2971 246 3043; x_wconf 75' lang='lat' dir='ltr'>reflectam</span> <span class='ocrx_word' id='word_1_206' title='bbox 272 2979 383 3059; x_wconf 81' lang='lat' dir='ltr'>facere</span> <span class='ocrx_word' id='word_1_207' title='bbox 413 3001 472 3064; x_wconf 90' lang='lat' dir='ltr'>per</span> <span class='ocrx_word' id='word_1_208' title='bbox 505 2978 659 3044; x_wconf 86' lang='lat' dir='ltr'>eeclesias</span> <span class='ocrx_word' id='word_1_209' title='bbox 681 2979 899 3045; x_wconf 86' lang='lat' dir='ltr'>Macedoniae</span> <span class='ocrx_word' id='word_1_210' title='bbox 929 2989 961 3044; x_wconf 92' lang='lat' dir='ltr'>et</span> <span class='ocrx_word' id='word_1_211' title='bbox 989 2978 1079 3066; x_wconf 88' lang='lat' dir='ltr'>apud</span> <span class='ocrx_word' id='word_1_212' title='bbox 1109 2982 1197 3065; x_wconf 90' lang='lat' dir='ltr'>ipsos</span> 
     </span>
     <span class='ocr_line' id='line_1_27' title="bbox 96 3067 1195 3166; baseline 0.015 -38"><span class='ocrx_word' id='word_1_213' title='bbox 96 3067 241 3142; x_wconf 84' lang='lat' dir='ltr'>iacturum</span> <span class='ocrx_word' id='word_1_214' title='bbox 276 3099 335 3164; x_wconf 90' lang='lat' dir='ltr'>pro</span> <span class='ocrx_word' id='word_1_215' title='bbox 368 3076 523 3143; x_wconf 88' lang='lat' dir='ltr'>fidelibus</span> <span class='ocrx_word' id='word_1_216' title='bbox 546 3077 752 3143; x_wconf 89' lang='lat' dir='ltr'>Palaestinae</span> <span class='ocrx_word' id='word_1_217' title='bbox 776 3076 859 3166; x_wconf 84' lang='lat' dir='ltr'>(Cir.</span> <span class='ocrx_word' id='word_1_218' title='bbox 891 3077 927 3142; x_wconf 96' lang='lat' dir='ltr'>II</span> <span class='ocrx_word' id='word_1_219' title='bbox 951 3075 1025 3142; x_wconf 88' lang='lat' dir='ltr'>Cor.</span> <span class='ocrx_word' id='word_1_220' title='bbox 1050 3079 1070 3142; x_wconf 89' lang='lat'>8</span> <span class='ocrx_word' id='word_1_221' title='bbox 1094 3087 1127 3142; x_wconf 90' lang='lat' dir='ltr'>et</span> <span class='ocrx_word' id='word_1_222' title='bbox 1150 3077 1195 3166; x_wconf 84' lang='grc'>9).</span> 
     </span>
     <span class='ocr_line' id='line_1_28' title="bbox 94 3165 1195 3264; baseline 0.013 -37"><span class='ocrx_word' id='word_1_223' title='bbox 94 3165 136 3230; x_wconf 83' lang='lat' dir='ltr'>Ae</span> <span class='ocrx_word' id='word_1_224' title='bbox 156 3195 268 3240; x_wconf 85' lang='lat' dir='ltr'>revera</span> <span class='ocrx_word' id='word_1_225' title='bbox 292 3197 334 3240; x_wconf 87' lang='lat' dir='ltr'>ex</span> <span class='ocrx_word' id='word_1_226' title='bbox 357 3175 555 3240; x_wconf 88' lang='lat' dir='ltr'>Macedonia</span> <span class='ocrx_word' id='word_1_227' title='bbox 579 3197 656 3240; x_wconf 88' lang='lat' dir='ltr'>mox</span> <span class='ocrx_word' id='word_1_228' title='bbox 680 3176 774 3240; x_wconf 84' lang='lat' dir='ltr'>venit</span> <span class='ocrx_word' id='word_1_229' title='bbox 801 3177 835 3240; x_wconf 90' lang='lat' dir='ltr'>in</span> <span class='ocrx_word' id='word_1_230' title='bbox 859 3175 1022 3240; x_wconf 92' lang='lat' dir='ltr'>Achaiam</span> <span class='ocrx_word' id='word_1_231' title='bbox 1046 3175 1195 3264; x_wconf 91' lang='lat' dir='ltr'>adeoque</span> 
     </span>
     <span class='ocr_line' id='line_1_29' title="bbox 95 3261 1195 3361; baseline 0.007 -29"><span class='ocrx_word' id='word_1_232' title='bbox 95 3261 284 3356; x_wconf 80' lang='lat' dir='ltr'>Corinthum,</span> <span class='ocrx_word' id='word_1_233' title='bbox 317 3274 431 3361; x_wconf 91' lang='lat' dir='ltr'>ibique</span> <span class='ocrx_word' id='word_1_234' title='bbox 464 3283 684 3339; x_wconf 90' lang='lat' dir='ltr'>commoratus</span> <span class='ocrx_word' id='word_1_235' title='bbox 717 3284 766 3338; x_wconf 89' lang='lat' dir='ltr'>est</span> <span class='ocrx_word' id='word_1_236' title='bbox 797 3297 857 3361; x_wconf 88' lang='lat' dir='ltr'>per</span> <span class='ocrx_word' id='word_1_237' title='bbox 888 3283 953 3338; x_wconf 87' lang='lat' dir='ltr'>tres</span> <span class='ocrx_word' id='word_1_238' title='bbox 978 3295 1115 3358; x_wconf 89' lang='lat' dir='ltr'>menses,</span> <span class='ocrx_word' id='word_1_239' title='bbox 1147 3275 1195 3340; x_wconf 92' lang='lat' dir='ltr'>uti</span> 
     </span>
     <span class='ocr_line' id='line_1_30' title="bbox 94 3359 1194 3459; baseline 0.005 -27"><span class='ocrx_word' id='word_1_240' title='bbox 94 3359 196 3446; x_wconf 70' lang='lat' dir='ltr'>legitur</span> <span class='ocrx_word' id='word_1_241' title='bbox 217 3371 295 3438; x_wconf 89' lang='lat' dir='ltr'>Act.</span> <span class='ocrx_word' id='word_1_242' title='bbox 320 3373 373 3455; x_wconf 84' lang='lat'>20,</span> <span class='ocrx_word' id='word_1_243' title='bbox 398 3371 429 3438; x_wconf 90' lang='lat'>3.</span> <span class='ocrx_word' id='word_1_244' title='bbox 476 3372 588 3453; x_wconf 78' lang='lat' dir='ltr'>Quum</span> <span class='ocrx_word' id='word_1_245' title='bbox 619 3381 766 3458; x_wconf 90' lang='lat' dir='ltr'>tempore</span> <span class='ocrx_word' id='word_1_246' title='bbox 794 3371 967 3438; x_wconf 88' lang='lat' dir='ltr'>Paschatis</span> <span class='ocrx_word' id='word_1_247' title='bbox 996 3394 1025 3438; x_wconf 91' lang='lat' dir='ltr'>a.</span> <span class='ocrx_word' id='word_1_248' title='bbox 1055 3372 1099 3436; x_wconf 81' lang='lat'>53</span> <span class='ocrx_word' id='word_1_249' title='bbox 1122 3373 1194 3459; x_wconf 91' lang='lat' dir='ltr'>jam</span> 
     </span>
     <span class='ocr_line' id='line_1_31' title="bbox 94 3468 1194 3558; baseline 0.007 -32"><span class='ocrx_word' id='word_1_250' title='bbox 94 3474 165 3527; x_wconf 82' lang='lat' dir='ltr'>esset</span> <span class='ocrx_word' id='word_1_251' title='bbox 185 3469 304 3535; x_wconf 88' lang='lat' dir='ltr'>iterum</span> <span class='ocrx_word' id='word_1_252' title='bbox 337 3470 425 3558; x_wconf 88' lang='lat' dir='ltr'>(post</span> <span class='ocrx_word' id='word_1_253' title='bbox 456 3481 522 3536; x_wconf 89' lang='lat' dir='ltr'>tres</span> <span class='ocrx_word' id='word_1_254' title='bbox 554 3469 626 3535; x_wconf 89' lang='lat' dir='ltr'>illos</span> <span class='ocrx_word' id='word_1_255' title='bbox 658 3468 800 3557; x_wconf 88' lang='lat' dir='ltr'>menses)</span> <span class='ocrx_word' id='word_1_256' title='bbox 822 3469 987 3557; x_wconf 93' lang='lat' dir='ltr'>Philippis</span> <span class='ocrx_word' id='word_1_257' title='bbox 1020 3471 1056 3535; x_wconf 91' lang='lat' dir='ltr'>in</span> <span class='ocrx_word' id='word_1_258' title='bbox 1087 3471 1194 3535; x_wconf 90' lang='lat' dir='ltr'>Mace·</span> 
     </span>
     <span class='ocr_line' id='line_1_32' title="bbox 94 3557 1192 3655; baseline 0.009 -35"><span class='ocrx_word' id='word_1_259' title='bbox 94 3557 179 3627; x_wconf 88' lang='lat' dir='ltr'>donia</span> <span class='ocrx_word' id='word_1_260' title='bbox 207 3567 299 3655; x_wconf 89' lang='lat' dir='ltr'>(Act.</span> <span class='ocrx_word' id='word_1_261' title='bbox 331 3569 384 3651; x_wconf 88' lang='grc'>20,</span> <span class='ocrx_word' id='word_1_262' title='bbox 418 3568 463 3655; x_wconf 89' lang='lat'>6),</span> <span class='ocrx_word' id='word_1_263' title='bbox 496 3567 600 3655; x_wconf 91' lang='lat' dir='ltr'>liquet</span> <span class='ocrx_word' id='word_1_264' title='bbox 633 3591 708 3633; x_wconf 90' lang='lat' dir='ltr'>eum</span> <span class='ocrx_word' id='word_1_265' title='bbox 732 3568 847 3633; x_wconf 90' lang='lat' dir='ltr'>saltem</span> <span class='ocrx_word' id='word_1_266' title='bbox 880 3591 992 3634; x_wconf 90' lang='lat' dir='ltr'>mense</span> <span class='ocrx_word' id='word_1_267' title='bbox 1015 3566 1192 3634; x_wconf 89' lang='lat' dir='ltr'>Decembri</span> 
     </span>
     <span class='ocr_line' id='line_1_33' title="bbox 94 3661 1135 3754; baseline 0.006 -30"><span class='ocrx_word' id='word_1_268' title='bbox 94 3678 117 3720; x_wconf 75' lang='lat' dir='ltr'>a.</span> <span class='ocrx_word' id='word_1_269' title='bbox 138 3661 177 3726; x_wconf 84' lang='grc'>52</span> <span class='ocrx_word' id='word_1_270' title='bbox 197 3669 386 3751; x_wconf 86' lang='lat' dir='ltr'>pervenisse</span> <span class='ocrx_word' id='word_1_271' title='bbox 417 3664 623 3732; x_wconf 79' lang='lat' dir='ltr'>Corinthum.</span> <span class='ocrx_word' id='word_1_272' title='bbox 668 3667 814 3732; x_wconf 90' lang='lat' dir='ltr'>Intentio</span> <span class='ocrx_word' id='word_1_273' title='bbox 844 3665 994 3754; x_wconf 90' lang='lat' dir='ltr'>Apostoli</span> <span class='ocrx_word' id='word_1_274' title='bbox 1027 3676 1097 3732; x_wconf 88' lang='lat' dir='ltr'>erat</span> <span class='ocrx_word' id='word_1_275' title='bbox 1120 3666 1135 3753; x_wconf 93' lang='lat' dir='ltr'>j</span> 
     </span>
     <span class='ocr_line' id='line_1_34' title="bbox 95 3753 1191 3851; baseline 0.006 -30"><span class='ocrx_word' id='word_1_276' title='bbox 95 3753 211 3844; x_wconf 84' lang='lat' dir='ltr'>Ephesi,</span> <span class='ocrx_word' id='word_1_277' title='bbox 234 3765 284 3828; x_wconf 89' lang='lat' dir='ltr'>uti</span> <span class='ocrx_word' id='word_1_278' title='bbox 308 3773 398 3850; x_wconf 92' lang='lat' dir='ltr'>patet</span> <span class='ocrx_word' id='word_1_279' title='bbox 421 3786 464 3828; x_wconf 86' lang='lat' dir='ltr'>ex</span> <span class='ocrx_word' id='word_1_280' title='bbox 478 3763 553 3830; x_wconf 89' lang='lat' dir='ltr'>Act.</span> <span class='ocrx_word' id='word_1_281' title='bbox 579 3765 630 3846; x_wconf 83' lang='lat'>19,</span> <span class='ocrx_word' id='word_1_282' title='bbox 655 3765 696 3830; x_wconf 93' lang='grc'>21</span> <span class='ocrx_word' id='word_1_283' title='bbox 722 3774 755 3830; x_wconf 86' lang='lat' dir='ltr'>et</span> <span class='ocrx_word' id='word_1_284' title='bbox 778 3765 822 3830; x_wconf 92' lang='grc'>20</span> <span class='ocrx_word' id='word_1_285' title='bbox 844 3765 875 3849; x_wconf 90' lang='grc'>3,</span> <span class='ocrx_word' id='word_1_286' title='bbox 901 3775 937 3830; x_wconf 88' lang='lat' dir='ltr'>ut</span> <span class='ocrx_word' id='word_1_287' title='bbox 960 3786 1019 3851; x_wconf 91' lang='lat' dir='ltr'>per</span> <span class='ocrx_word' id='word_1_288' title='bbox 1041 3762 1191 3830; x_wconf 89' lang='lat' dir='ltr'>Maccdo-</span> 
     </span>
     <span class='ocr_line' id='line_1_35' title="bbox 94 3855 1192 3948; baseline 0.012 -33"><span class='ocrx_word' id='word_1_289' title='bbox 94 3855 170 3921; x_wconf 85' lang='lat' dir='ltr'>niam</span> <span class='ocrx_word' id='word_1_290' title='bbox 191 3870 222 3924; x_wconf 89' lang='lat' dir='ltr'>et</span> <span class='ocrx_word' id='word_1_291' title='bbox 243 3860 408 3926; x_wconf 88' lang='lat' dir='ltr'>Achaiam</span> <span class='ocrx_word' id='word_1_292' title='bbox 431 3861 510 3928; x_wconf 89' lang='lat' dir='ltr'>dein</span> <span class='ocrx_word' id='word_1_293' title='bbox 533 3863 589 3928; x_wconf 87' lang='lat' dir='ltr'>via</span> <span class='ocrx_word' id='word_1_294' title='bbox 604 3862 770 3928; x_wconf 89' lang='lat' dir='ltr'>maritima</span> <span class='ocrx_word' id='word_1_295' title='bbox 792 3861 1057 3948; x_wconf 84' lang='lat' dir='ltr'>proficisceretur</span> <span class='ocrx_word' id='word_1_296' title='bbox 1079 3863 1114 3927; x_wconf 91' lang='lat' dir='ltr'>in</span> <span class='ocrx_word' id='word_1_297' title='bbox 1132 3861 1192 3947; x_wconf 85' lang='lat' dir='ltr'>Sy-</span> 
     </span>
    </p>
   </div>
   <div class='ocr_carea' id='block_1_3' title="bbox 98 4017 285 4034">
    <p class='ocr_par' dir='ltr' id='par_1_4' title="bbox 98 4017 285 4034">
     <span class='ocr_line' id='line_1_36' title="bbox 98 4017 285 4034; baseline 0.005 -1"><span class='ocrx_word' id='word_1_298' title='bbox 98 4017 285 4034; x_wconf 44' lang='grc' dir='ltr'>’Ἢ</span> 
     </span>
    </p>
   </div>
   <div class='ocr_carea' id='block_1_4' title="bbox 94 4105 1191 4320">
    <p class='ocr_par' dir='ltr' id='par_1_5' title="bbox 94 4105 1191 4320">
     <span class='ocr_line' id='line_1_37' title="bbox 157 4105 1191 4171; baseline 0.005 -9"><span class='ocrx_word' id='word_1_299' title='bbox 157 4105 174 4171; x_wconf 87' lang='lat'>¹)</span> <span class='ocrx_word' id='word_1_300' title='bbox 192 4107 332 4170; x_wconf 63' lang='lat' dir='ltr'>,Mutant</span> <span class='ocrx_word' id='word_1_301' title='bbox 351 4123 398 4162; x_wconf 84' lang='lat' dir='ltr'>vos</span> <span class='ocrx_word' id='word_1_302' title='bbox 425 4109 552 4164; x_wconf 69' lang='lat' dir='ltr'>adaiae</span> <span class='ocrx_word' id='word_1_303' title='bbox 571 4109 660 4164; x_wconf 86' lang='lat' dir='ltr'>Asiae.</span> <span class='ocrx_word' id='word_1_304' title='bbox 685 4109 813 4164; x_wconf 81' lang='lat' dir='ltr'>Salutant</span> <span class='ocrx_word' id='word_1_305' title='bbox 831 4125 878 4164; x_wconf 85' lang='lat' dir='ltr'>ros</span> <span class='ocrx_word' id='word_1_306' title='bbox 897 4108 925 4166; x_wconf 89' lang='lat' dir='ltr'>in</span> <span class='ocrx_word' id='word_1_307' title='bbox 943 4109 1058 4166; x_wconf 86' lang='lat' dir='ltr'>Domino</span> <span class='ocrx_word' id='word_1_308' title='bbox 1075 4110 1191 4168; x_wconf 84' lang='lat' dir='ltr'>multum</span> 
     </span>
     <span class='ocr_line' id='line_1_38' title="bbox 94 4178 1189 4320; baseline 0 -76"><span class='ocrx_word' id='word_1_309' title='bbox 94 4178 177 4316; x_wconf 48' lang='lat' dir='ltr'>fugi:</span> <span class='ocrx_word' id='word_1_310' title='bbox 191 4195 222 4320; x_wconf 56' lang='lat' dir='ltr'>pp</span> <span class='ocrx_word' id='word_1_311' title='bbox 236 4187 362 4320; x_wconf 56' lang='lat' dir='ltr'>Ilbiaeflh</span> <span class='ocrx_word' id='word_1_312' title='bbox 380 4203 438 4244; x_wconf 82' lang='lat' dir='ltr'>cam</span> <span class='ocrx_word' id='word_1_313' title='bbox 457 4188 604 4244; x_wconf 85' lang='lat' dir='ltr'>domestica</span> <span class='ocrx_word' id='word_1_314' title='bbox 621 4203 672 4246; x_wconf 86' lang='lat' dir='ltr'>sua</span> <span class='ocrx_word' id='word_1_315' title='bbox 689 4187 808 4256; x_wconf 69' lang='lat' dir='ltr'>sedata</span> <span class='ocrx_word' id='word_1_316' title='bbox 827 4189 974 4262; x_wconf 83' lang='lat' dir='ltr'>apudqacs</span> <span class='ocrx_word' id='word_1_317' title='bbox 992 4194 1021 4244; x_wconf 88' lang='lat' dir='ltr'>et</span> <span class='ocrx_word' id='word_1_318' title='bbox 1044 4189 1189 4264; x_wconf 75' lang='lat' dir='ltr'>hospiton‘·</span> 
     </span>
    </p>
   </div>
   <div class='ocr_carea' id='block_1_5' title="bbox 0 0 1466 4818">
    <p class='ocr_par' dir='ltr' id='par_1_6' title="bbox 0 0 1466 4818">
     <span class='ocr_line' id='line_1_39' title="bbox 0 0 1466 4818; baseline 0 4"><span class='ocrx_word' id='word_1_319' title='bbox 0 0 1466 4818; x_wconf 95' lang='lat' dir='ltr'> </span> 
     </span>
    </p>
   </div>
  </div>
 </body>
</html>
