2836 4804
114 937 134 976 s.
151 937 193 976 Leo

94 997 209 1038 consentit.

238 393 292 444 270
593 389 634 442 De
652 387 770 442 Concilio
787 387 996 442 chalcedonensi

239 555 335 598 corus
359 533 556 598 constitutus
580 541 629 596 cst
651 531 772 614 synodi
788 553 929 616 praeses,
955 539 987 594 et
1011 553 1110 596 causa
1133 553 1258 619 quoque
1271 532 1338 596 Iliae

239 630 282 695 ad
306 629 387 694 illud
411 629 587 694 concilium
619 628 737 694 delata.
784 627 924 693 Maximi
957 651 1035 693 vero
1060 632 1215 696 momenti
1238 642 1290 710 est,
1312 643 1339 690 ut

239 728 324 793 bone
353 729 581 813 perspiciatur,
613 749 679 812 qus
706 728 832 791 ratione
864 727 932 792 Leo
956 727 1111 790 Pontifex
1143 730 1177 792 in
1210 730 1275 792 istis
1295 727 1341 792 nd·

236 829 362 913 junctis
396 825 638 890 difficilioribus
668 847 737 889 sese
770 827 918 908 gesserit.
966 824 1132 889 Videlicet
1155 828 1250 890 etiam
1272 827 1341 909 ipsc¹

242 937 278 988 ut
310 924 477 1010 quondam
523 921 744 1002 Coelestinus,
786 924 969 1008 sapientem
1013 921 1266 988 moderationem
1305 924 1341 984 ita

242 1045 321 1108 prae
345 1045 379 1084 se
403 1021 494 1101 tulit,
520 1031 557 1083 ut
582 1019 680 1084 simul
717 1021 889 1084 veritatem
914 1019 1112 1084 catholicam
1146 1031 1178 1084 et
1203 1021 1274 1106 jnrs
1299 1019 1341 1080 Se·

243 1120 294 1184 dis
318 1117 528 1204 Apostolicse
552 1119 748 1182 vindicaret.
795 1119 924 1182 Annuit
947 1117 1081 1204 quidem
1106 1117 1139 1183 S.
1165 1119 1231 1182 Leo
1255 1117 1340 1180 Theo-

244 1218 327 1282 dosii
354 1215 525 1298 voluntati,
550 1218 700 1302 quamvis,
725 1217 781 1298 ait,
800 1227 863 1279 tam
887 1217 1014 1280 euidens
1032 1216 1111 1297 fidei
1134 1241 1230 1280 cama
1251 1219 1295 1290 sit,
1315 1226 1342 1276 nt

243 1315 456 1380 rationalibus
479 1316 583 1379 conns
606 1315 645 1378 ab
669 1315 840 1378 indicenda
855 1315 974 1400 synodo
989 1315 1112 1399 fnisset
1136 1314 1342 1378 distinendam.

246 1414 351 1478 Addit
374 1412 505 1494 deinde,
530 1435 564 1476 so
589 1415 765 1476 missurum
797 1412 839 1476 ad
864 1411 1052 1476 Concilium
1080 1412 1209 1498 sliquos
1232 1435 1269 1476 ex
1290 1411 1344 1474 suis

245 1511 411 1591 fratribus,
442 1513 495 1597 qni
522 1513 725 1597 praesentiae
755 1533 841 1574 meae
873 1511 1028 1597 impleant
1051 1513 1158 1587 uicem,
1194 1512 1263 1598 qaia
1295 1533 1343 1570 mn

248 1609 323 1674 talis
346 1611 486 1694 quaestio
511 1620 582 1672 orta
605 1621 660 1687 est,
677 1609 761 1672 ande
777 1619 833 1672 ant
843 1611 949 1695 possit
965 1620 1020 1672 aut
1044 1609 1158 1674 debeat
1180 1607 1344 1691 dubitandi.

247 1709 386 1793 Scripsit
408 1709 531 1792 pariter
561 1707 718 1771 Pontifex
750 1707 793 1771 ad
825 1707 991 1790 synodum
1015 1707 1220 1792 Ephesinam
1247 1707 1343 1792 episto-

246 1807 323 1888 lam,
359 1807 393 1870 iu
429 1828 493 1890 qus
529 1805 606 1870 inde
641 1805 683 1869 ab
719 1807 813 1870 initio
849 1808 1014 1890 sapienter
1036 1805 1246 1891 Apostolicse
1267 1803 1344 1870 Sedis

247 1905 477 1968 auctoritatem
501 1903 622 1968 evehit.
670 1903 842 1988 Relipima,
877 1905 993 1988 inquit,
1027 1901 1257 1968 elementissimi
1271 1903 1345 1988 prin·
1380 1971 1381 1986 ἶ

202 2051 204 2054 .
248 2005 328 2088 cipis·
354 2003 449 2082 ‚sitien
485 2003 585 2065 sciens
620 2001 664 2064 ad
699 2025 788 2064 neam
821 2001 956 2085 planiam
990 2005 1125 2066 maaeime
1145 2003 1304 2089 pertinent,
1324 1999 1346 2058 ti

248 2103 336 2164 intra
355 2100 528 2164 Ecclesiam
551 2099 735 2162 cadeolieam
757 2097 878 2162 nnllam
894 2101 1011 2162 erroris
1033 2123 1159 2182 permen
1182 2107 1343 2182 eansrperet

249 2199 328 2262 tanc
351 2200 556 2262 reuerentiam
580 2198 697 2262 divinis
714 2197 826 2260 detulit
842 2199 1006 2274 institutis,
1030 2209 1065 2260 nt
1088 2199 1133 2260 ad
1158 2208 1276 2262 ssrnctnc
1297 2195 1343 2257 tt«-

246 2298 419 2386 positionis
442 2295 582 2382 effectam
615 2297 834 2359 alletoritatem
857 2296 1060 2380 Apostolicac
1085 2294 1179 2359 Sedis
1203 2294 1344 2359 adhiberet.

252 2409 401 2480 tanquam
425 2394 464 2457 ad
487 2396 556 2479 ipso
581 2394 863 2456 beatissimoPetra
887 2406 1011 2478 cuperet
1036 2394 1207 2470 declarari,
1231 2391 1302 2479 parad
1318 2391 1343 2450 in

252 2499 319 2585 eJ'as
342 2493 535 2578 coinsessione
559 2492 724 2556 laudatam
748 2493 797 2555 sit.
824 2529 863 2538 -
896 2491 958 2554 His
983 2492 1092 2556 verbis
1118 2493 1250 2572 indicat,
1271 2509 1344 2574 quac·

253 2615 329 2658 uam
355 2593 420 2655 sint
443 2600 552 2674 partes
582 2587 677 2653 Sedis
701 2590 869 2653 Romanae
901 2591 935 2653 in
954 2589 1150 2675 judicandis
1174 2590 1248 2654 fidei
1270 2605 1344 2672 quse·

252 2690 423 2768 stionibus,
458 2710 578 2773 easque
612 2687 719 2751 eidem
750 2688 792 2751 ab
816 2687 1018 2772 Imperatore
1052 2688 1173 2752 deferri
1198 2691 1230 2752 in
1253 2685 1344 2750 invin-

253 2791 342 2852 tione
366 2787 408 2850 ad
433 2785 619 2867 concilium,
653 2785 756 2849 veluti
788 2786 886 2849 insert
917 2809 959 2850 ex
978 2787 1054 2872 jure
1078 2809 1136 2850 suo
1161 2799 1193 2850 et
1215 2779 1345 2870 principie

254 2888 373 2951 officio,
422 2884 605 2968 Opiniones
628 2882 825 2967 Eutychetis
850 2884 927 2948 dein
951 2895 1070 2948 tractat
1093 2896 1129 2948 ut
1154 2903 1285 2948 errorem
1304 2899 1344 2939 cx·

254 2983 418 3070 ploratum
442 2984 516 3064 viri,
553 2983 607 3067 qni
629 2981 720 3046 nella
743 2983 926 3046 maturitate
950 2983 1056 3047 cordis
1079 2985 1205 3047 anuuit
1225 2977 1344 3044 canitiem

254 3084 429 3146 senectutis.
456 3081 598 3165 Scopum
625 3075 862 3144 vero'Concilii
888 3080 1014 3144 indicat
1036 3081 1128 3145 haud
1152 3103 1219 3144 esse
1234 3076 1344 3142 dubiem

256 3190 289 3243 et
310 3181 489 3264 ancipitem
514 3180 740 3264 quaestionem
764 3178 928 3254 dirimere,
954 3179 1010 3242 sed
1031 3179 1227 3262 Eutychetis
1248 3189 1343 3238 correo

256 3280 338 3342 tioni
362 3277 537 3362 providere
571 3290 603 3339 et
634 3299 776 3340 errorem
805 3278 936 3361 penitas
959 3277 1100 3342 abolere.
1155 3277 1267 3351 Verum,
1287 3269 1344 3331 scri·

256 3375 315 3451 bit,
340 3379 414 3462 qaia
438 3377 533 3438 etiam
558 3375 668 3438 taliam
690 3398 754 3438 nan
778 3385 822 3437 est
845 3375 1031 3461 nsplipenda
1054 3377 1186 3447 (aratio,
1209 3384 1236 3436 st
1253 3371 1299 3456 pie
1317 3385 1344 3425 nr

257 3473 401 3560 reliyioss
425 3474 703 3536 eluistianissimns
734 3473 910 3558 Imperator
940 3474 1049 3536 nabe-rt
1075 3472 1175 3536 noluit
1197 3461 1344 3556 epiatpolt

262 3571 449 3650 Consciliam,
485 3583 519 3634 nt
547 3571 691 3656 platani
717 3571 840 3659 judicio
876 3574 976 3634 amnis
994 3573 1099 3656 possit
1133 3593 1219 3633 error
1240 3558 1343 3630 nlrrlni.

250 3673 377 3759 fratres
411 3681 533 3732 nostras
558 3669 727 3732 ‚lulianam
762 3670 949 3754 episcopum,
974 3671 1130 3732 Henetiam
1147 3665 1344 3754 presbytera.

260 3781 289 3832 et
303 3767 410 3854 filium
444 3789 543 3830 meam
567 3767 731 3830 Hilarium
766 3767 942 3844 dirioonam,
978 3789 1102 3852 cannae
1130 3768 1178 3828 iis
1200 3759 1344 3828 Dulcitian
1380 3821 1381 3826 ,

259 3869 418 3933 notariam
447 3866 604 3950 probatae
639 3865 729 3928 nodis
754 3865 837 3947 fidei
870 3867 951 3942 misi,
987 3867 1041 3950 qai
1071 3867 1135 3930 aies
1160 3885 1222 3926 ntea
1243 3863 1346 3921 sanctae

262 3966 426 4030 conventui
459 3975 579 4027 cresinae
607 3965 832 4049 fraternitatis
866 3965 1028 4040 intersint,
1052 3950 1344 4026 scammoniam·

340 4171 358 4236 ¹)
378 4167 471 4236 Epist.
491 4168 524 4220 sd
543 4167 672 4221 Theodoa
690 4165 789 4230 Labie,
809 4166 872 4220 0011.
893 4167 970 4220 Coun
989 4172 1009 4221 t.
1030 4167 1076 4222 lv.
1095 4183 1116 4220 c.
1135 4167 1175 4218 38.
