2936 4814
261 476 297 530 89
639 470 679 527 De
697 471 763 530 Sede
781 473 904 530 musra
921 473 946 529 ἃ
965 473 1050 530 Petri.

262 639 304 682 ex
328 617 379 681 his
401 617 512 681 verbis
535 617 674 702 probare
698 620 822 699 nititur,
850 625 927 681 ante
950 617 1131 682 adventum
1140 619 1234 684 Pauli
1260 619 1375 707 (quem

262 724 379 779 octavo
408 714 548 781 Neronis
581 737 668 779 enno
698 713 885 800 adscribit),
908 716 1043 782 Petrum
1073 718 1196 782 Romae
1227 717 1378 783 nondum

261 815 372 880 fuisse.
396 851 439 860 -
463 812 518 878 Ad
541 813 623 878 haec
647 813 809 898 imprimis
838 813 1055 898 respondetur
1077 819 1272 902 exceptione
1297 815 1378 880 vali-

262 912 407 995 dissima,
440 934 525 998 quae
557 933 599 975 ex
631 911 768 996 epistola
792 910 824 976 S.
848 911 943 976 Pauli
974 912 1018 977 ad
1046 913 1210 978 Romanos
1242 915 1376 999 petitur.

261 1010 315 1074 Ex
338 1009 401 1074 hac
433 1012 522 1074 enim
555 1008 692 1095 epistola
723 1007 935 1074 manifestum
968 1019 1025 1092 est,
1045 1011 1117 1096 jam
1150 1011 1194 1098 (a.
1218 1011 1276 1096 53)
1301 1019 1378 1074 ante

261 1107 443 1172 adventum
476 1106 571 1172 Pauli
603 1109 639 1170 in
670 1105 796 1188 urbem,
830 1105 954 1170 ibidem
987 1106 1251 1174 florentissimam
1275 1109 1377 1172 luisse

262 1204 434 1270 ecclesiam
459 1203 730 1269 Christianorum.
787 1202 1075 1284 Quemadmodum
1107 1216 1218 1270 sutem
1251 1227 1311 1292 per
1344 1227 1378 1270 se

261 1323 371 1367 rarum
395 1311 532 1368 naturae
555 1303 700 1367 maxime
715 1304 1010 1384 conveniensem,
1036 1312 1072 1368 ut
1098 1313 1172 1390 post
1195 1325 1289 1368 susm
1315 1304 1375 1370 dis-

262 1402 445 1485 persionem
474 1397 623 1484 Apostoli
653 1419 731 1464 mox
757 1398 864 1464 'fidem
894 1397 1032 1464 Romam
1062 1401 1226 1483 afferrent,
1258 1403 1305 1465 ita
1336 1425 1376 1466 ex

262 1497 448 1563 traditionis
470 1497 700 1563 testificatione
723 1495 926 1582 amplissima
950 1507 1086 1580 constet,
1119 1521 1139 1562 a
1163 1498 1195 1566 S.
1219 1498 1318 1563 Petro
1343 1499 1377 1563 id

256 1596 326 1681 jam
352 1593 483 1660 Claudii
507 1615 594 1660 anno
618 1593 763 1659 secundo
786 1595 910 1660 factum
935 1617 1015 1661 esse.
1043 1595 1097 1660 Ex
1120 1594 1258 1682 epistola
1280 1595 1376 1662 Pauli

261 1703 349 1758 certa
372 1691 544 1778 colligitur,
568 1691 707 1759 Judaois
735 1692 836 1758 tidem
866 1693 901 1756 in
925 1689 1094 1759 Christum
1111 1695 1183 1780 jam
1207 1691 1375 1780 praedica·

261 1801 339 1873 tam,
363 1800 397 1856 et
418 1813 485 1856 non
508 1812 631 1877 paucos
655 1813 698 1854 ex
721 1788 860 1856 Judseis
883 1811 1059 1856 conversos
1082 1790 1192 1858 fuisse.

349 1889 403 1955 66.
427 1887 573 1954 Ulterius
611 1886 655 1954 ad
687 1886 905 1974 objectionem
944 1891 1145 1975 propositam
1184 1890 1376 1974 reponimus

260 1987 371 2056 verbis
395 1985 591 2072 Fogginii1),
615 1987 672 2073 qui
696 1995 825 2073 praeter
847 1984 913 2050 alia
935 1985 1095 2052 advertit:
1149 1986 1219 2070 „Ea
1248 1987 1376 2052 ratione

261 2083 333 2149 illos
352 2083 526 2171 (Judaeos)
550 2105 620 2148 esse
642 2081 777 2166 locutos,
802 2092 839 2147 ut
861 2081 1036 2150 ostendant
1049 2083 1272 2170 Evangelium
1296 2105 1376 2150 nun·

261 2204 361 2269 quom
392 2180 475 2246 alias
505 2184 688 2268 accepisse,
720 2179 810 2246 haud
843 2179 996 2268 equidem
1029 2180 1144 2266 video,
1177 2182 1235 2248 sed
1267 2185 1378 2270 potius

260 2278 365 2362 Pauli,
398 2300 497 2365 quem
530 2281 639 2343 virum
672 2277 897 2344 doctissimum
929 2277 1093 2364 putabant
1122 2281 1164 2346 do
1187 2301 1224 2346 eo
1249 2291 1376 2347 senteu-

260 2379 341 2442 tism
364 2375 480 2442 audire
512 2375 597 2442 velle
630 2376 795 2444 videntur.
813 2413 867 2428 ,-
892 2373 992 2460 Quid,
1017 2399 1128 2443 nonne
1150 2388 1184 2442 et
1206 2378 1320 2465 sliqus
1343 2380 1377 2444 in
1460 2359 1461 2385 ¹

261 2477 309 2540 eis
332 2473 548 2540 dissimulatio
572 2495 641 2539 esse
664 2475 781 2560 potnit,
805 2482 863 2539 sut
885 2476 912 2540 si
935 2477 1043 2540 mavis
1066 2476 1230 2562 quaedam
1253 2476 1377 2564 cupido

261 2573 465 2640 enucleatius
487 2570 623 2637 oPaulo
648 2570 863 2656 intelligendi,
888 2593 973 2658 quse
995 2572 1040 2638 sd
1063 2572 1277 2639 christianam
1302 2574 1378 2640 doo

261 2673 381 2737 trinam
405 2669 608 2757 spectabant,
642 2691 718 2734 cum
743 2669 816 2755 jam
848 2676 880 2733 ot
908 2668 1066 2735 nonnulla
1107 2692 1150 2734 ex
1173 2669 1263 2736 fama
1285 2691 1378 2736 acce

261 2771 395 2855 pissent,
420 2778 453 2833 ot
475 2767 622 2833 fortassis
653 2769 752 2832 etism
776 2788 818 2832 ex
846 2766 973 2850 litteris,
998 2789 1079 2855 quas
1101 2767 1225 2834 Paulus
1248 2768 1292 2834 sd
1315 2769 1378 2834 Ro·

261 2889 376 2932 msnos
398 2865 552 2931 miserat?
599 2865 723 2930 Nomen
742 2865 938 2952 Apostoatoli
959 2867 1015 2952 qui
1036 2877 1066 2931 at
1088 2866 1243 2948 doctina,
1268 2877 1299 2932 at
1321 2869 1378 2932 mi·

261 2964 390 3045 rosulis,
414 2975 444 3027 at
461 2985 524 3050 pro
551 2960 674 3028 &trista
700 2963 843 3028 toleratis
863 2961 1033 3044 laboribus,
1056 2965 1128 3030 llius
1149 2985 1245 3050 usqua
1268 2963 1314 3028 od
1337 2963 1384 3029 sii

261 3063 339 3126 dero
371 3071 464 3126 nouos
496 3070 574 3142 erat,
606 3081 709 3126 uorsus
740 3059 815 3124 illos
845 3059 1010 3126 incendere
1042 3060 1200 3126 usum
1223 3071 1380 3148 potsserot

260 3157 433 3245 loquentem
455 3157 638 3246 dilipcuts'uo
660 3157 814 3222 audiendi
820 3157 853 3222 l“

351 3256 404 3320 67.
427 3256 609 3321 Potuerunt
640 3257 740 3320 etiam
772 3277 841 3320 esse
864 3255 1007 3320 rationes
1032 3253 1218 3341 peculiares
1240 3252 1378 3338 Romae,

261 3361 395 3439 propter
417 3373 499 3439 quas
522 3351 722 3440 primoribus
740 3351 944 3418 ludaeorum
970 3352 1139 3418 doctrinae
1162 3360 1195 3416 et
1216 3373 1269 3416 res
1284 3349 1379 3416 Chri·

262 3453 443 3516 stianorum
476 3452 585 3516 minus
617 3459 808 3537 perspectae
840 3459 957 3516 essent.
1004 3450 1103 3516 Forte
1135 3447 1306 3514 christiani
1337 3471 1378 3514 ox

261 3548 434 3615 ludaismo
475 3550 625 3613 conversi
663 3547 774 3614 adhuc
803 3549 838 3614 in
876 3547 1026 3634 pluribus
1061 3546 1238 3614 Judaicsm
1268 3545 1377 3631 legem

262 3645 491 3728 observabant,
516 3667 578 3710 neo
602 3666 715 3710 eorum
739 3647 901 3731 separatio
925 3667 946 3710 s
959 3645 1098 3711 Judseis
1120 3644 1218 3731 plane
1241 3643 1378 3732 publica

262 3754 295 3807 et
326 3753 440 3830 aperte
472 3752 551 3809 erat
598 3742 850 3809 Advortendum
884 3743 961 3809 dein
984 3751 1033 3808 est
1055 3741 1098 3807 sd
1121 3741 1167 3824 id,
1197 3741 1287 3828 quod
1309 3741 1376 3808 Dio

263 3840 395 3908 Cassius
425 3839 526 3906 habat
554 3840 596 3906 de
620 3839 759 3907 Claudio
788 3840 873 3927 Imp.
898 3841 983 3906 Hist.
1011 3839 1032 3905 l.
1056 3839 1120 3905 LX
1144 3859 1172 3902 o.
1196 3838 1233 3902 6:
1274 3835 1377 3912 me

261 3937 385 4004 Judocs'
411 3939 489 4004 adso
504 3937 689 4026 frequentas
711 3941 831 4004 Romus
863 3939 975 4004 iterum
1000 3937 1122 4022 fluent,
1146 3945 1181 3998 ut
1204 3933 1376 4021 difficulter
1455 3977 1456 3990 ι

226 4086 229 4092 2
263 4037 330 4100 siue
353 4036 486 4102 multu
502 4047 637 4126 proptor
664 4034 896 4102 mrdtitudiuam
927 4033 1002 4098 urbe
1025 4044 1158 4121 poseant
1187 4034 1282 4118 eripi,
1312 4055 1376 4097 nou

338 4247 357 4316 ⁸)
376 4245 517 4302 Exercitat
533 4245 611 4304 vm.
632 4276 663 4288 -
682 4245 752 4302 Vide
765 4245 848 4302 etism
862 4245 894 4301 cl.
907 4242 1270 4311 Beelsn,vsrsioFlaudr.ia
1287 4243 1342 4300 tal.

1444 4314 1455 4478 l

1438 4584 1453 4788 i
