2924 4818
265 483 317 537 122
509 483 548 538 De
567 483 642 537 Rom
661 481 739 536 Pont
757 478 858 535 aemil
875 479 954 550 primi
977 485 1006 535 et
1022 480 1139 537 samua

264 628 454 692 immediate
484 629 517 695 S.
542 625 665 690 Linum
695 626 899 689 successisse.
945 623 1042 688 Ratio
1071 635 1182 688 autem
1212 626 1255 691 ob
1280 646 1376 714 quam

263 723 365 810 aliqui
389 738 462 812 post
475 730 611 794 Petrum
635 733 851 788 numerarunt
866 720 1080 807 Clementem,
1091 722 1175 786 haee
1196 723 1283 788 forte
1305 726 1375 808 usit,
1448 777 1449 786 ,

263 822 351 910 quod
367 823 519 891 Clemens
543 830 613 912 ipse
637 824 671 886 in
696 819 833 906 epistola
856 818 899 883 ad
913 819 1078 888 Jacobum
1104 824 1202 902 dicat,
1227 843 1263 886 se
1277 823 1376 886 fuisse

262 925 400 989 aPetro
425 933 652 990 consecratum
683 920 885 1003 episcopum,
919 920 1130 1004 quodetiam
1154 923 1376 988 Tertullianus

261 1023 406 1085 affirmat
434 1023 483 1086 De
514 1021 704 1104 Praese-ipa
746 1037 773 1080 c.
803 1015 856 1080 32.
909 1015 1071 1096 Quamvis
1103 1043 1182 1086 vero
1214 1021 1374 1107 ejusmodi

262 1121 396 1184 notitiae
419 1123 519 1184 etiam
543 1123 576 1183 in
600 1117 694 1182 libris
717 1113 925 1198 apocryphis,
947 1115 1054 1200 qualis
1077 1129 1126 1183 eat
1148 1119 1290 1204 epistola
1312 1119 1375 1192 illa,
1448 1139 1449 1142 ’

262 1221 425 1299 iuventae,
450 1217 540 1282 haud
564 1211 768 1302 spernendae
793 1213 867 1290 sint,
892 1215 1026 1278 omuino
1049 1225 1159 1280 tamen
1183 1217 1376 1302 praevalent
1448 1281 1449 1286 ,

261 1315 447 1380 testimonia
471 1337 570 1400 supra
594 1319 858 1376 commemorata.
897 1309 962 1374 Sed
987 1333 1054 1375 non
1076 1313 1309 1399 improbabilia
1332 1323 1376 1378 eat
1448 1329 1449 1376 ῖ

261 1415 371 1498 opinio
404 1413 551 1492 Baroufi,
585 1408 750 1489 cotelerii,
785 1406 997 1490 Tillemontii,
1032 1411 1159 1476 Natalis
1192 1411 1374 1478 Alexandri

260 1511 475 1595 aliorumque,
500 1509 626 1573 scilicet
650 1506 854 1571 Clementem
885 1506 1020 1590 quidem
1053 1531 1073 1572 a
1096 1509 1129 1574 S.
1153 1509 1250 1574 Petro
1276 1511 1376 1574 fnisse
1448 1547 1449 1552 κ

260 1605 448 1671 ordinatum
462 1609 665 1692 episcopum,
690 1603 748 1667 sed
772 1611 845 1688 post
864 1602 935 1687 ejus
959 1609 1153 1690 martyrium
1177 1629 1255 1692 prae
1271 1607 1375 1672 humi·
1448 1645 1449 1664 ι

259 1705 350 1770 litate
373 1705 601 1790 pontificatum
621 1723 798 1782 recusasse,
823 1711 859 1763 ut
872 1699 977 1765 Linus
1000 1714 1033 1767 et
1048 1702 1169 1786 Cletus,
1194 1727 1284 1769 unus
1306 1714 1377 1792 post

258 1803 360 1869 alium
401 1801 495 1866 electi
507 1854 515 1884 ‚
560 1821 726 1866 summum
763 1798 933 1863 Ecclesiae
974 1804 1122 1884 regimen
1159 1805 1375 1889 susciperent

259 1901 383 1966 Forsan
415 1923 479 1965 non
510 1900 597 1964 solus
628 1899 790 1978 Clemens,
822 1896 1002 1962 sedetiam
1030 1899 1136 1964 Linus
1164 1911 1197 1964 et
1219 1899 1375 1966 Cletusa

258 1999 291 2066 S.
314 2001 411 2064 Petro
435 1999 569 2062 fuerunt
598 1997 740 2061 ordinati
771 1997 927 2081 episcopi,
952 2006 989 2059 ut
1012 1997 1108 2062 Petro
1132 2007 1267 2085 propter
1293 1999 1374 2064 diut-

258 2096 380 2162 cillima
403 2098 559 2180 temporis
583 2093 670 2159 illius
684 2093 842 2179 adjuncta
857 2102 889 2157 et
902 2095 1108 2180 frequentem
1131 2097 1203 2182 ejus
1225 2095 1268 2161 ab
1296 2095 1374 2162 urbe

258 2193 441 2260 absentiam
465 2192 670 2278 coadjutores
694 2201 726 2254 et
745 2192 929 2255 administri
946 2205 1063 2276 essent,
1088 2205 1187 2280 atque
1202 2215 1291 2260 unua
1305 2203 1374 2282 post

258 2292 359 2356 alium
383 2290 552 2366 Ecclesiae
576 2291 729 2376 regimini
755 2291 1021 2375 praeficerentur.

348 2391 398 2455 19.
424 2389 481 2455 SS.
508 2387 945 2470 Cletus·Anacletns,
969 2389 1374 2477 (a.79—9l).-Oontro-

257 2488 414 2568 vertiam,
449 2496 558 2550 utrum
596 2487 652 2570 qui
686 2493 758 2570 post
790 2485 913 2549 Linum
953 2488 1166 2551 nominantur
1197 2485 1374 2552 Pontifices

258 2582 369 2648 Oletus
401 2594 433 2647 et
457 2581 637 2646 Anacletus
669 2603 783 2667 reapse
816 2581 881 2646 duo
905 2585 971 2647 sint
1000 2585 1057 2669 qui
1081 2575 1312 2650 successerunt
1335 2607 1371 2649 ex

257 2682 371 2746 ordine
393 2681 580 2762 Pontifices,
604 2701 648 2743 an
671 2701 749 2743 vero
781 2681 839 2744 uni
870 2681 1043 2768 eidemque
1066 2705 1225 2769 personae
1249 2682 1373 2769 duplex

257 2779 339 2844 illud
366 2801 485 2843 nomen
517 2777 624 2842 fuerit.
683 2778 757 2856 Qua
791 2779 831 2842 de
861 2801 895 2842 re
920 2781 1008 2846 iufra
1038 2781 1183 2845 breviter
1207 2780 1371 2862 dicemus3

257 2877 353 2942 modo
391 2899 432 2940 ex
458 2875 614 2960 Catalogo
653 2875 821 2941 Feliciano
860 2899 945 2963 quae
982 2876 1023 2941 de
1061 2881 1131 2942 istis
1154 2877 1372 2946 Pontificibus

256 2985 411 3040 notantur
442 2975 631 3039 referemus.
682 2971 787 3038 Cietae
818 2977 946 3039 audone
979 2979 1151 3056 Itomauaa,
1184 2977 1223 3042 de
1246 2980 1371 3064 repient

261 3075 335 3138 Vico
366 3073 510 3153 Patricia]
536 3084 633 3158 patre
657 3071 846 3137 Aemiliano.
895 3073 985 3138 Sedit
1008 3097 1109 3140 aanor
1139 3075 1211 3154 XII,
1239 3097 1373 3140 meatem

255 3171 280 3249 I,
305 3171 372 3234 dies
402 3171 453 3234 VI.
478 3171 553 3234 Fuit
577 3182 680 3234 aream
704 3171 892 3256 tempor-ibas
914 3173 1103 3258 Vespasiani
1125 3183 1156 3236 et
1182 3174 1257 3237 Titi.
1283 3177 1370 3239 Mar·

256 3269 336 3354 tyrio
361 3279 537 3332 coronatur.
587 3269 649 3332 Hic
672 3291 712 3331 ecc
734 3281 906 3354 praecepto
931 3269 967 3333 Β.
998 3269 1086 3334 Petri
1109 3273 1152 3336 25
1171 3271 1372 3358 presbyterae

255 3365 416 3430 ordinavit
438 3367 473 3429 ia
496 3365 570 3428 crde
596 3367 697 3429 Roma
721 3389 823 3430 mense
838 3367 1010 3448 Decembri,
1036 3369 1090 3453 qui
1113 3369 1207 3432 etiam
1231 3369 1372 3456 sepultus

254 3475 300 3527 eat
323 3469 424 3554 jiaara
453 3487 565 3549 corpas
588 3463 624 3526 Β.
651 3463 738 3526 Petri
769 3465 804 3527 ia
834 3465 986 3529 Vaticano
1016 3466 1067 3529 VI.
1095 3465 1158 3530 Ital.
1184 3467 1302 3533 Maior.
1329 3507 1370 3516 -

255 3560 382 3640 Quodsi
396 3561 459 3626 hoc
473 3561 544 3625 loco
560 3583 599 3624 ea
609 3583 694 3647 quae
704 3561 745 3624 de
761 3561 967 3626 ordinatione
983 3561 1025 3626 25
1041 3563 1308 3649 presbyterorum
1325 3566 1369 3629 di-

254 3661 429 3723 cunturita
453 3658 768 3742 intelligendum,
793 3670 830 3723 ut
853 3682 911 3745 pro
924 3661 1058 3724 civitate
1073 3661 1222 3726 Romana
1246 3662 1369 3728 clerum

253 3757 295 3820 25
310 3755 576 3843 presbyterorum
588 3757 802 3839 constituerit,
820 3757 898 3822 inde
923 3757 1032 3844 colligi
1048 3769 1163 3846 potest,
1184 3761 1255 3847 jam
1271 3759 1369 3826 valde

253 3877 410 3938 magnum
433 3873 606 3919 numerum
631 3852 883 3920 christianorum
907 3855 1049 3942 fuisse.¹)

328 4023 347 4089 ¹)
366 4021 512 4076 Numerum
537 4021 753 4077 capuanorum
780 4023 899 4090 priorum
926 4027 1075 4092 temporum
1100 4025 1283 4084 uatsruim·
1300 4027 1367 4084 nus

252 4099 361 4155 difficile
380 4107 429 4166 est,
449 4117 529 4168 quum
548 4101 691 4170 scriptores
716 4101 822 4169 antiqui
850 4103 1005 4171 plerumque
1023 4105 1130 4160 ratione
1148 4107 1227 4161 valde
1245 4106 1366 4176 generali

252 4179 302 4234 hac
320 4180 352 4234 de
370 4195 399 4234 re
417 4180 490 4248 loqui
508 4181 605 4236 solent
642 4182 685 4236 Ex
703 4181 818 4250 epistola
837 4181 955 4239 Cornelii
973 4183 1003 4238 P.
1023 4185 1057 4239 ed
1075 4183 1224 4241 Fabianum
1243 4187 1366 4243 Annona

173 4288 175 4290 -
252 4273 276 4311 a
295 4259 348 4312 252
366 4258 467 4326 scripta
494 4260 641 4328 colligitur,
670 4265 734 4315 tunc
761 4261 861 4316 Romae
889 4261 972 4318 luisse
996 4264 1365 4332 “presbyteratum
