2924 4818
244 469 293 532 lot
589 473 630 528 De
648 473 714 530 Sede
733 477 854 531 Romana
872 475 897 530 S.
917 474 1000 530 Petri.

240 613 334 696 riam,
359 615 436 682 dein
458 618 714 704 Hierosolymas,
740 643 779 685 ac
803 621 936 686 domum
946 619 1096 684 Romam.
1105 617 1129 704 ¹)
1175 619 1252 682 lam
1280 640 1365 682 vero

241 713 357 778 eadem
381 717 479 804 plane
502 723 659 805 exprimit
682 725 717 786 in
733 721 870 811 epistola
886 721 929 786 ad
952 717 1159 804 Romanam).
1184 717 1268 781 Inde
1295 717 1363 780 col-

241 812 362 900 ligitur,
387 821 558 906 epistolam
582 822 625 887 ad
635 823 800 890 Romanos
819 823 961 890 Corinthi
984 826 1139 908 scriptam
1164 840 1243 900 esso,
1270 817 1368 903 qnod

241 938 283 978 ex
298 917 371 982 aliis
394 943 526 1006 quoque
548 921 682 987 indiciis
704 935 803 1010 petet,
820 927 867 990 uti
892 947 934 987 ex
957 917 1362 988 commendationePhoe-

241 1019 309 1084 hes.
356 1018 486 1105 Scripta
517 1022 619 1104 igitur
646 1025 810 1088 est'initio
844 1047 873 1090 a.
906 1023 958 1087 53.
984 1020 1108 1107 Aquila
1140 1028 1173 1082 et
1195 1017 1365 1099 Priscilla,

241 1117 330 1203 apud
354 1139 436 1203 quos
459 1119 581 1184 Paulus
604 1120 729 1207 Ephesi
758 1121 942 1208 hospitatus
970 1130 1048 1201 erat,
1077 1117 1237 1204 peculiari
1261 1119 1368 1184 modo

243 1218 276 1282 in
301 1217 439 1301 epistola
462 1218 506 1282 ad
528 1217 694 1284 Romanos
718 1221 902 1284 salutantur
925 1230 957 1283 et
979 1217 1172 1300 laudantur3
1203 1215 1370 1281 videntur

241 1315 315 1400 ipsi,
340 1337 442 1401 quum
456 1315 578 1380 Paulus
587 1317 720 1404 Epheso
744 1317 928 1404 pelleretur,
953 1319 1092 1382 Romam
1115 1317 1239 1379 reversi
1275 1337 1363 1380 esse.

241 1412 425 1496 impeditus
462 1423 510 1478 est
546 1413 579 1480 S.
609 1416 733 1481 Paulus
770 1415 900 1481 insidiis
929 1415 1151 1496 ludaeorum,
1182 1415 1368 1500 quominus

242 1513 358 1574 itinere
382 1513 546 1578 maritimo
570 1515 605 1579 in
629 1513 760 1598 Syriam
785 1525 817 1580 et
833 1514 1055 1579 Palaestinam
1081 1513 1366 1600 proficisceretur:

241 1607 320 1673 hinc
342 1629 495 1674 reversus
518 1620 568 1674 est
589 1613 624 1678 in
649 1613 894 1690 Macedoniam,
919 1612 976 1677 uhi
1001 1611 1163 1697 Philippis
1187 1621 1258 1674 erat
1281 1620 1366 1674 tern-

242 1729 320 1791 pore
342 1706 514 1773 Paechatis
537 1731 567 1774 a.
591 1711 645 1775 53.
691 1712 770 1776 Post
793 1711 920 1776 Pascha
943 1713 1006 1775 iter
1019 1708 1365 1794 Hierosolymitanum

241 1828 317 1869 cum
341 1807 434 1872 Luca
458 1810 675 1890 continuavit,
700 1819 732 1872 et
761 1831 877 1874 versus
901 1812 1129 1874 Pentecostem
1160 1831 1189 1874 a.
1213 1809 1257 1872 53
1283 1807 1366 1872 Hie-

242 1904 439 1990 rosolymam
463 1917 696 1992 pervenerunt.
721 1948 763 1954 -
793 1905 944 1972 Corinthi
969 1909 1070 1992 igitur
1091 1908 1155 1972 fuit
1178 1907 1211 1972 S.
1235 1907 1366 1971 Paulus

243 2003 356 2068 saltem
390 2027 409 2069 a
442 2027 554 2068 mense
577 2004 754 2070 Decembri
788 2007 866 2070 anni
899 2005 953 2088 52,
978 2016 1011 2070 et
1041 2006 1157 2092 primis
1190 2003 1366 2070 mensibus

242 2104 320 2165 anni
345 2103 398 2168 53.
445 2101 522 2167 Jam
546 2103 703 2186 diximus,
728 2113 807 2168 tnnc
824 2101 985 2186 Corinthi,
1009 2127 1038 2171 a.
1063 2103 1116 2186 53,
1140 2101 1365 2190 probabiliter

242 2198 340 2262 simul
363 2199 396 2265 S.
422 2199 561 2265 Paulum
584 2223 624 2265 ac
643 2201 676 2268 S.
691 2203 826 2266 Petrum
849 2201 1067 2290 praedicasse,
1093 2202 1258 2288 simulque
1282 2201 1365 2266 inde

242 2297 404 2382 profectos
427 2297 570 2386 fuisse.³)

297 2465 320 2470 .-
341 2463 450 2472 -.-.--

318 2555 337 2622 ¹)
358 2553 518 2623 „Proposuit
535 2555 637 2610 Paulus
656 2557 683 2610 iu
702 2556 813 2625 Spiritu,
833 2558 951 2612 maurita
965 2559 1129 2612 Macedonia
1147 2565 1172 2612 et
1192 2559 1303 2612 Achaia
1323 2560 1363 2614 irs

241 2635 702 2773 ssfflffwtdiihmqflllu⁰mm
720 2642 862 2706 postquam
872 2638 947 2692 hiero
957 2638 1002 2704 ibi,
1022 2643 1129 2708 oportet
1147 2654 1189 2692 me
1205 2645 1234 2692 et
1245 2639 1361 2693 Rolnam

315 2805 337 2872 ²)
357 2803 541 2872 ,Impediebar
568 2805 712 2873 plurimum
732 2807 825 2862 venire
852 2807 886 2861 ad
904 2825 960 2874 vos,
980 2814 1008 2862 et
1030 2807 1181 2876 prohibitus
1199 2821 1259 2861 snm
1278 2821 1364 2874 usqne

241 2885 334 2939 sithoc
371 2880 448 2938 Nunc
466 2900 530 2940 vero
553 2885 669 2940 ulterius
694 2885 779 2941 locum
803 2903 856 2942 non
879 2885 979 2942 hebens
998 2888 1026 2943 in
1045 2887 1087 2942 his
1105 2886 1271 2956 regionibns,
1290 2887 1365 2956 eupi-

241 2965 456 3018 ditatemeutem
466 2964 566 3019 hebens
577 2965 703 3020 veniendi
714 2968 748 3020 sd
767 2985 814 3021 vos
833 2983 866 3022 ex
884 2969 978 3023 multis
997 2968 1082 3032 anuh,
1093 2967 1364 3034 euminllispaniam

241 3043 371 3112 proficisci
391 3059 508 3113 coepero,
527 3060 604 3114 spero
623 3048 692 3114 quod
703 3049 869 3116 praeteriens
879 3049 984 3103 rideam
999 3065 1052 3112 scs,
1071 3053 1099 3102 et
1117 3065 1134 3102 a
1153 3046 1228 3100 robis
1246 3047 1365 3102 deducar

241 3125 313 3192 illuc,
331 3125 355 3179 si
373 3125 448 3180 vobis
467 3125 581 3194 primum
599 3143 633 3180 ex
659 3133 738 3195 parte
756 3127 855 3182 fruitus
880 3128 964 3183 fuero.
1009 3128 1087 3182 Nunc
1105 3128 1192 3198 igitur
1208 3125 1366 3196 proficiscar

241 3203 392 3258 Jeeeazem
410 3205 564 3260 ministrare
583 3208 692 3261 sanctis.
729 3207 917 3263 Prohavernnt
935 3208 1006 3261 enim
1026 3207 1192 3262 Macedonio
1210 3213 1235 3260 et
1253 3206 1363 3260 Achaia

242 3283 412 3339 collationem
423 3285 541 3352 aliquam
561 3285 648 3340 facere
667 3287 998 3356 inpauperessanctorum
1017 3287 1064 3354 qui
1082 3293 1147 3342 sunt
1164 3287 1192 3340 in
1202 3285 1363 3341 Jerusalem.

242 3364 351 3418 Placuit
369 3365 440 3419 enim
459 3365 505 3431 eis,
524 3370 554 3418 et
572 3366 705 3422 debitores
724 3373 788 3422 sunt
806 3383 905 3424 eornm.
941 3367 1011 3422 Nam
1028 3368 1051 3422 si
1070 3366 1253 3435 spiritualium
1271 3381 1363 3422 eorum

242 3444 387 3512 participes
405 3444 473 3501 iacti
490 3447 555 3500 sunt
582 3446 708 3514 gentiles,
728 3447 827 3502 debent
853 3453 882 3502 et
900 3449 928 3503 in
953 3447 1106 3502 carnalibus
1124 3447 1280 3502 ministrare
1298 3449 1362 3502 illis

242 3525 299 3580 lloc
317 3524 405 3594 igitur
423 3541 482 3580 cum
500 3540 718 3580 consummavero
727 3533 756 3581 et
766 3527 941 3596 assignavero
960 3528 998 3582 eis
1017 3527 1134 3582 fmctum
1151 3527 1229 3594 hunc,
1248 3545 1297 3596 per
1315 3545 1362 3582 ros

241 3603 394 3674 proficiscar
412 3605 439 3659 in
458 3605 640 3673 Hispaniam.“
661 3607 736 3662 Rom.
757 3609 798 3672 15,
817 3609 852 3661 22
870 3623 925 3676 sqq.

315 3697 339 3765 ⁸)
357 3695 460 3750 Iterum
467 3695 620 3760 recolas,ex
637 3695 716 3751 dictis
735 3696 854 3766 apprime
873 3697 1019 3764 explanari,
1030 3711 1077 3750 cur
1094 3697 1123 3750 in
1142 3696 1361 3764 epistoleadRo

243 3789 334 3829 manos
344 3775 369 3829 S.
379 3775 480 3830 Paulus
490 3776 704 3830 heudsalutetS.
714 3777 833 3830 Petrum.
853 3777 880 3830 Is
893 3777 955 3830 inde
965 3775 998 3830 ab
1008 3777 1237 3842 annoltsaltem,
1248 3777 1320 3832 sorte
1330 3777 1361 3830 oh
1457 3837 1458 3852 ,

243 3855 350 3910 Claudii
377 3855 492 3923 prinum
519 3861 614 3910 contra
631 3857 749 3912 ludaeos
778 3855 901 3920 alictnm,
921 3857 1007 3910 Mna
1025 3857 1193 3912 messem
1229 3858 1309 3912 nno
1326 3859 1361 3910 48
1457 3911 1458 3932 ,

244 3933 330 3988 altero
350 3935 455 3989 clandii
474 3935 562 3990 edicto
580 3936 666 3990 Roma
684 3936 789 4004 expulsi
807 3943 873 3990 sunt
889 3936 999 4004 Judaei;
1018 3935 1081 3990 hinc
1099 3935 1124 3990 S.
1142 3935 1241 3991 Petrus
1259 3937 1361 3991 diutius
1457 3935 1458 3944 ’

243 4013 329 4068 Roma
356 4013 453 4069 abfuit
489 4017 603 4070 Aestate
631 4014 695 4069 anni
722 4017 757 4069 53
780 4016 891 4070 Romam
919 4015 1019 4070 reversi
1044 4017 1101 4084 jam
1120 4021 1198 4070 erant
1216 4017 1316 4084 Aquila
1334 4023 1360 4069 et

244 4093 377 4160 Priscilla,
396 4109 429 4149 ex
447 4109 499 4163 qno
517 4094 665 4164 colligitur,
692 4096 809 4150 adimam
836 4095 973 4150 sublatum
991 4095 1086 4164 inisse3
1114 4095 1185 4150 unde
1202 4097 1360 4152 conseruen-

245 4173 349 4228 tiesime
375 4176 543 4243 supponitur,
571 4175 596 4229 S.
616 4175 726 4229 Petrum
755 4175 846 4230 eodem
873 4192 944 4230 anno
962 4178 996 4229 53
1024 4177 1053 4230 in
1075 4175 1185 4230 Italiam
1213 4176 1360 4244 profectum

245 4269 310 4309 esse.
