2806 4848
268 459 301 510 96
440 455 479 510 De
498 456 645 513 Arionismi
662 459 838 516 decrementis
856 475 889 514 cc
905 460 939 514 de
957 459 1035 514 Oonc.
1054 458 1164 514 OPtnno
1180 461 1199 517 1
1381 519 1382 556 1

267 609 372 686 utpote
404 602 459 687 qni
488 601 667 666 Nioaenum
679 602 779 686 fldem
801 601 1012 688 ubropessent.
1058 602 1175 668 Atilii
1203 626 1233 668 se
1253 604 1347 668 dudum
1381 561 1382 632 l

267 699 435 784 resipuisse
452 709 481 762 et
502 700 663 764 sevitutem
677 701 838 785 apnooisse
852 701 1089 786 responderunt,
1108 711 1139 764 et
1152 701 1346 765 Anonocorsn

268 797 390 882 quidem
413 797 589 861 doctrinam
620 803 759 888 ejurasse
783 801 855 887 jccn
880 799 1023 886 pridem,
1056 797 1171 864 lilium
1193 822 1258 864 nero
1278 799 1348 862 Patri

260 919 323 981 per
346 898 452 959 omnia
474 893 607 958 similem
629 896 787 982 confessos
810 919 885 976 esse,
900 921 955 960 nec
977 895 1135 962 ullutcw
1158 895 1277 983 ‹leffe-re
1295 917 1347 956 con-

265 991 503 1057 substantialem
526 1017 547 1056 c
570 992 675 1059 simili.
711 1033 755 1042 -
790 995 966 1075 Nimirum,
989 996 1016 1060 si
1040 1004 1179 1080 utreque
1201 1017 1262 1058 vox
1281 1003 1347 1057 reete

178 1121 182 1132 ·
267 1099 459 1176 exponatur,
484 1101 521 1156 nt
548 1094 724 1177 exponitur
751 1103 889 1180 utreque
917 1116 937 1158 e
964 1093 998 1160 S.
1022 1090 1149 1158 Hilario
1174 1094 1208 1158 in
1228 1090 1344 1156 librois

267 1187 412 1275 Synodis.
441 1187 505 1272 ‘At
527 1188 583 1254 ills
604 1190 687 1254 ratio
710 1188 834 1276 legatos
848 1211 913 1257 non
932 1191 1075 1277 juvisset
1096 1191 1186 1276 apud
1195 1191 1345 1266 Liberium,

266 1289 329 1350 nisi
353 1286 528 1352 formulam
550 1287 733 1352 Nieeenem
757 1309 832 1354 enm
861 1310 943 1353 voce
976 1287 1250 1354 msnsubstcntinlis
1269 1287 1346 1352 admi·
1381 1295 1382 1354 i

266 1387 391 1451 sissent.
416 1423 458 1432 —
486 1383 573 1458 Quae
596 1409 664 1450 cum
697 1387 860 1464 demissent,
894 1387 1001 1472 pergit
1022 1387 1184 1464 Socrates,
1207 1387 1348 1450 sentcntiae
1381 1355 1382 1414 l

263 1506 340 1548 suus
356 1483 587 1569 professionem
609 1485 724 1570 scripto
748 1485 995 1570 comprehensam
1011 1483 1155 1550 Liberius
1179 1485 1219 1550 ab
1239 1485 1280 1546 eis
1298 1505 1351 1546 ese·

263 1583 317 1668 pit.
365 1581 422 1646 lili
453 1605 524 1667 enyo
556 1578 696 1646 libellum
728 1582 758 1646 ci
789 1579 975 1660 obtulerunt,
1007 1584 1042 1646 in
1074 1605 1133 1668 quo
1166 1582 1258 1650 veroa
1278 1583 1352 1646 enen

255 1680 338 1763 fidei
352 1681 516 1744 Nicaence
540 1689 632 1743 mant
654 1679 828 1766 adscriptm
854 1729 862 1744 .
888 1729 895 1743 .
920 1681 990 1744 Hoc
1013 1678 1119 1746 libello
1143 1705 1235 1767 quum
1256 1679 1351 1764 lcqctm

264 1779 355 1862 quusi
377 1779 520 1842 emtione
544 1777 681 1862 quadum
704 1777 847 1842 Liberius
879 1776 1091 1862 oblipoomset,
1115 1801 1167 1843 eos
1190 1781 1225 1842 in
1246 1801 1351 1842 cononu-

262 1877 386 1938 nionem
408 1877 552 1961 suscepit,
576 1875 718 1961 densque
742 1874 857 1940 litteris
879 1877 1007 1940 dimisit.

353 1974 405 2039 19.
429 1973 515 2038 lstee
537 1973 665 2038 litterae
694 1976 729 2038 in
759 1973 972 2060 inscriptione
1001 1974 1126 2040 hebent
1148 1977 1311 2059 sexaginta
1330 1977 1353 2032 si

264 2081 403 2158 quatuor
425 2074 594 2158 episcopos
618 2070 799 2148 orientales,
815 2074 961 2137 menime
983 2083 1076 2158 perte
1099 2074 1238 2158 ignotos
1261 2071 1352 2136 Hisce.

264 2171 394 2252 dieitur,
419 2181 449 2234 et
470 2171 625 2234 uniuersis
649 2193 713 2257 per
740 2170 896 2236 Orientem
927 2171 1109 2234 ortbodoeis
1133 2172 1294 2259 episcopis,
1315 2169 1353 2231 n·-

263 2268 366 2332 buius
390 2271 552 2354 episcopus
575 2265 691 2332 ltaliae
717 2277 748 2331 et
770 2289 872 2332 omnes
900 2268 1075 2332 Occidentis
1099 2269 1241 2356 episcopi
1261 2266 1353 2330 inin

261 2368 345 2432 mino
367 2365 508 2430 sulutem.
546 2365 723 2432 Existimat
745 2365 916 2448 Beronius,
937 2365 1109 2430 Liberium
1132 2365 1199 2430 bne
1221 2367 1254 2430 in
1277 2383 1356 2428 cause

262 2465 386 2529 Romae
416 2463 592 2529 concilium
625 2463 796 2547 habuisse,
835 2463 1015 2550 probabilis
1045 2463 1228 2530 admodum
1255 2473 1302 2528 eet
1327 2481 1355 2522 es

262 2563 383 2648 opinio,
409 2564 504 2648 eique
527 2561 618 2626 ievet
641 2563 809 2647 inscriptio
834 2560 999 2647 epistolae.
1030 2599 1073 2608 -
1111 2560 1238 2628 Omnes
1261 2559 1302 2626 illi
1322 2579 1355 2620 ss-

262 2662 398 2744 xegintn
426 2671 566 2746 quatuor
588 2660 732 2745 episcopi
756 2680 822 2724 non
856 2658 1011 2724 videntur
1042 2659 1143 2724 inisse
1164 2657 1355 2728 Semisrisni.

262 2758 319 2824 sed
343 2760 429 2823 inter
452 2780 506 2822 eos
529 2756 713 2838 orthodoxi,
730 2759 786 2844 qui
812 2779 886 2821 eum
902 2756 1039 2842 reliquis
1052 2757 1268 2826 Semierienis
1288 2775 1355 2820 com·

262 2854 486 2922 mnnieebant.
532 2855 719 2920 Verisimile
743 2856 842 2920 etiem
866 2866 924 2935 est,
942 2877 1008 2920 non
1033 2877 1147 2922 omnes
1172 2857 1285 2922 eedem
1306 2853 1353 2916 sin·

262 2957 396 3020 ueritate
428 2950 623 3018 estholicem
665 2954 742 3018 fidei
784 2952 1020 3039 professionem
1051 2953 1153 3020 fuisse
1195 2953 1353 3040 amplexos

262 3075 337 3118 enm
360 3051 509 3118 nonnulli
533 3060 646 3136 postes
668 3049 844 3116 resiliesint
859 3059 891 3115 et
912 3049 1023 3135 plures
1045 3053 1080 3118 in
1094 3051 1354 3118 Macedonianum
1381 3073 1382 3124 i

260 3153 381 3236 dogma
393 3161 508 3216 contre
525 3151 683 3235 Spiritum
699 3149 858 3216 Senetum
875 3149 998 3216 inerint
1019 3149 1112 3236 lapsi.
1137 3150 1240 3216 Hand
1264 3160 1354 3212 temen

261 3248 462 3316 censendum
486 3259 544 3331 est,
567 3270 680 3313 omnes
703 3247 840 3312 subdole
869 3249 984 3332 egisse,
1008 3267 1085 3313 eum
1108 3247 1266 3314 Silvanus
1286 3265 1355 3310 nnus
1381 3315 1382 3332 χ

261 3370 278 3412 e
301 3348 405 3412 tribus
427 3347 543 3432 legetis
572 3355 805 3432 postmortem
836 3368 857 3408 e
883 3345 916 3412 S.
941 3345 1062 3412 Basilio
1086 3346 1205 3412 beetns
1228 3357 1354 3410 vocetur.

261 3446 357 3510 Certe
380 3445 436 3510 ille
458 3445 736 3510 Semierisnornm
761 3465 836 3508 curn
851 3441 1001 3508 Ecclesia
1024 3443 1212 3510 conciliatio
1235 3454 1355 3508 eventus
1381 3461 1382 3498 i

259 3546 322 3610 luit
345 3545 463 3610 summi
488 3544 655 3626 momenti,
679 3552 777 3628 etque
792 3541 971 3608 Arianismi
994 3543 1094 3608 robur
1118 3544 1263 3607 maxime
1284 3539 1353 3604 lebe-

258 3644 406 3709 ieetsvit.
1381 3635 1382 3714 ᾗ

227 3775 248 3804 e-
348 3741 399 3805 20.
424 3739 579 3804 Attamen
604 3762 663 3825 per
685 3739 793 3826 plures
808 3761 911 3806 annos
924 3739 1035 3804 adhuc
1050 3740 1168 3806 Ariani
1186 3742 1221 3804 in
1236 3739 1353 3804 Oriente

112 3837 187 3928 ”ss'ssn
201 3825 223 3926 ¹¹}
257 3841 391 3905 omnino
425 3837 689 3923 praevaluerunt.
744 3838 878 3902 Etenim
918 3837 1040 3904 Valens
1077 3837 1261 3924 Imperator
1289 3834 1353 3899 hnic

258 3939 384 4002 haeresi
406 3935 561 4001 ,addictus
581 3934 767 4000 Catholieos
791 3936 1005 4001 vehementer
1027 3947 1217 4021 persecutns
1240 3947 1295 4014 est
1316 3953 1352 3994 ss·

258 4036 403 4102 eundum
423 4034 657 4120 jusjurandum
681 4034 769 4120 quod
784 4057 813 4098 a.
829 4035 904 4116 367,
920 4055 1022 4120 quum
1045 4043 1121 4098 ente
1146 4033 1268 4100 bellum
1290 4031 1351 4114 bap

257 4135 396 4200 tismatis
419 4133 587 4197 leveerum
611 4133 798 4217 susciperet,
824 4155 932 4198 eorem
951 4131 1104 4197 Eudoxio
1129 4131 1262 4198 CPteno
1283 4129 1351 4192 iess-

257 4241 317 4298 net.
364 4233 430 4296 Hic
453 4233 542 4296 enim
565 4231 601 4296 in
631 4233 700 4317 ipso
731 4230 894 4317 baptismo
917 4231 1152 4317 imperatorem
1176 4229 1352 4314 juramento
