2924 4818
256 469 308 526 11²
514 467 555 524 De
572 467 648 524 Rom.
666 467 745 524 Pout
763 481 832 522 saec.
850 465 930 536 primi
948 471 977 522 st
994 467 1111 524 secuml

796 631 830 696 1.

480 771 746 852 Pontifices
773 774 958 838 saeculi
977 773 1146 854 primi.

344 905 375 970 5.
400 905 434 970 S.
463 903 641 984 Petrus,
672 901 841 966 Ecclesiae
874 912 983 988 caput,
1008 903 1130 968 Christi
1155 903 1312 969 Vioarius
1343 915 1374 968 et

257 1003 519 1069 Christianorum
533 997 689 1066 Pontifex
711 1000 776 1064 fuit
798 999 876 1064 inde
899 1000 941 1064 ab
965 1004 1156 1066 ascensione
1172 1001 1296 1067 Christi
1308 1003 1373 1066 Do·

256 1103 338 1166 mini
370 1124 399 1166 a.
433 1101 492 1182 293
517 1099 701 1164 Romanam
733 1119 811 1162 vero
845 1097 979 1182 Sedem,
1012 1101 1060 1164 uti
1085 1101 1241 1182 vidimus,
1266 1103 1373 1166 tenuit

255 1199 297 1264 ab
322 1219 408 1262 anno
432 1199 476 1262 42
505 1217 607 1282 usque
639 1194 682 1259 ad
710 1217 740 1260 a.
769 1196 831 1277 67,
865 1197 959 1281 cujus
992 1199 1071 1262 anni
1104 1197 1159 1262 die
1192 1199 1235 1262 29
1277 1199 1372 1264 Junii

257 1297 413 1380 martyrio
438 1303 612 1360 coronatus
635 1303 692 1358 cst.
739 1293 792 1358 De
815 1315 902 1358 anno
924 1317 965 1359 ac
988 1295 1042 1359 dis
1066 1298 1216 1380 martyrii
1232 1296 1265 1362 S.
1281 1297 1371 1360 Petri

257 1394 346 1459 haud
376 1415 489 1458 omnes
518 1391 652 1478 quidem
685 1401 835 1456 auctores
867 1393 1091 1475 consentiunt,
1122 1392 1180 1457 sod
1209 1397 1375 1458 sententia

256 1493 468 1578 quamsecuti
493 1510 605 1554 sumus
628 1491 833 1574 gravissimis
856 1491 973 1554 nititur
982 1493 1194 1574 argumentis.
1214 1529 1257 1538 -
1276 1492 1374 1556 Prae-

257 1591 355 1676 cipua
378 1611 463 1674 quae
495 1587 537 1652 de
560 1587 593 1652 S.
617 1588 713 1652 Petro
747 1587 1036 1652 commemoranda
1067 1591 1216 1670 veniunt,
1240 1611 1374 1674 pracce-

257 1687 347 1752 denti
371 1687 610 1751 Dissertatione
628 1685 699 1770 jam
730 1687 953 1770 exposuimus.
1001 1685 1127 1750 Uberes
1159 1687 1258 1750 fuisse
1280 1688 1375 1773 fnis-

258 1798 307 1850 tus
325 1785 579 1872 praedicationis
602 1784 704 1868 ipsius
728 1783 762 1846 in
786 1782 868 1847 urbs
878 1783 1037 1865 Romana,
1065 1794 1137 1850 tum
1161 1807 1202 1848 ex
1226 1784 1376 1871 epistolis

257 1883 314 1950 SS.
338 1883 427 1948 Petri
452 1893 484 1946 at
499 1880 605 1962 Pauli,
629 1891 699 1944 tum
724 1902 765 1944 ex
789 1880 988 1966 quibusdam
1012 1881 1272 1948 inclinationibus
1296 1905 1375 1946 auc·

257 1995 364 2047 torum
397 1979 608 2066 profanorum
642 1977 816 2062 colligitur.
863 1978 983 2042 Multos
1014 1981 1048 2045 in
1079 2001 1138 2044 sua
1168 1979 1305 2066 epistola
1330 1981 1376 2044 ad

257 2081 423 2144 Romanos
445 2079 479 2142 S.
504 2075 626 2140 Paulus
649 2075 778 2158 salutat,
804 2077 837 2140 in
862 2076 999 2161 epistola
1022 2099 1101 2142 vero
1118 2078 1162 2142 ad
1184 2077 1376 2163 Philippen-

258 2201 319 2258 ses,
335 2177 459 2242 Romae
483 2173 667 2238 avinculis
690 2175 805 2259 primis
828 2175 966 2260 scripta:
986 2175 1137 2240 Salutant
1158 2199 1222 2255 oos,
1247 2175 1376 2258 scribit,

259 2298 364 2338 omnes
396 2275 508 2352 sancti,
541 2275 676 2336 manuae
710 2283 813 2336 autem
844 2274 899 2358 qui
930 2273 969 2336 de
1005 2271 1153 2338 Caesaris
1176 2274 1265 2338 danto
1290 2287 1376 2340 sunt.
1456 2305 1457 2320 .

261 2371 357 2438 Unde
389 2369 551 2453 videmus,
576 2372 676 2436 otiam
709 2392 727 2433 e
760 2368 857 2434 domo
881 2369 1093 2456 Imperatoris
1125 2371 1226 2436 fuisse
1249 2374 1307 2458 qui
1330 2374 1376 2437 ad

258 2470 358 2536 fidem
382 2469 531 2534 conversi
555 2477 658 2534 erant.
704 2468 809 2533 Juxta
838 2467 1049 2532 traditionem
1071 2469 1255 2534 Romanam
1288 2473 1378 2536 inter

258 2567 454 2634 christianos
487 2564 613 2631 nobiles
645 2565 801 2630 excelluit
832 2565 865 2630 S.
900 2567 1092 2647 Petronilla,
1126 2568 1219 2653 cujus
1252 2590 1376 2634 nomen
1455 2581 1456 2628 ι

257 2677 369 2732 tamen
400 2663 614 2752 probabiliter
636 2685 704 2728 non
735 2664 813 2728 inde
846 2666 948 2746 venit,
982 2666 1071 2750 quod
1103 2665 1172 2729 lilia
1193 2666 1377 2751 spiritualis

258 2767 291 2831 S.
313 2765 403 2830 Petri
426 2763 535 2845 fiterit,
559 2761 618 2828 sed
640 2783 682 2825 ox
705 2763 847 2826 Patrone
870 2763 941 2848 ojus
963 2773 1056 2848 patre
1080 2762 1134 2827 vel
1156 2785 1230 2828 avo.
1255 2763 1375 2830 Roma-

258 2867 309 2930 nis
341 2863 430 2928 enim
462 2863 522 2925 iste
555 2881 625 2924 mos
657 2869 737 2942 erat,
770 2870 807 2924 ut
838 2859 902 2924 hac
925 2862 1067 2924 ratione·
1083 2861 1215 2926 filiabus
1236 2867 1377 2929 nomina

258 2962 360 3048 patris
384 2957 437 3024 vel
460 2960 516 3024 avi
540 2957 700 3023 dositione
723 2958 868 3024 feminea
890 2958 1095 3044 adaptarent.
1123 2959 1250 3024 Pudens
1272 2965 1374 3030 etiam

257 3069 389 3126 senator
412 3079 487 3126 cum
510 3055 638 3121 familia
661 3079 720 3120 sua
741 3056 818 3120 fidei
843 3056 1041 3120 christianae
1065 3059 1149 3122 inter
1171 3060 1296 3144 primos
1321 3087 1375 3129 no-

258 3181 335 3228 men
349 3156 450 3238 dedit,
461 3165 560 3241 atque
584 3154 674 3240 apud
694 3176 769 3218 oum
785 3155 819 3220 S.
833 3156 950 3220 Petrus
973 3154 1157 3241 hospitatus
1170 3157 1373 3244 perhibetur.

348 3257 378 3321 6.
404 3253 738 3320 Commemorandum
761 3255 906 3318 maxime
930 3252 1086 3318 hocloco
1118 3254 1259 3339 videtur,
1284 3263 1373 3346 quod

258 3365 370 3422 narrat
392 3353 527 3418 Tacitus
551 3351 733 3416 Annalium
756 3353 795 3417 L.
811 3351 906 3416 Xlll.
932 3374 959 3416 o.
975 3353 1122 3418 XXXII.
1147 3353 1161 3440 (
1183 3405 1190 3419 .
1216 3355 1257 3421 U.
1283 3360 1373 3446 811).

258 3455 432 3542 Pomponia
459 3449 629 3529 Genaua,
662 3451 785 3532 scribit,
819 3452 953 3536 insipnis
976 3451 1113 3537 semina,
1147 3453 1286 3534 Plautio,
1322 3461 1375 3544 qrri

257 3578 356 3624 ouans
378 3575 410 3616 ae
439 3549 478 3614 de
500 3549 682 3614 Britanniis
704 3549 823 3627 retulit,
853 3561 965 3636 nupta,
996 3575 1034 3614 ac
1063 3551 1298 3636 superstitionis
1322 3579 1372 3619 ec-

259 3671 365 3724 nmae
397 3671 463 3728 rea,
495 3649 605 3712 masiti
619 3648 745 3737 jrtdicio
773 3649 940 3734 per-atissa.
988 3650 1077 3734 Isque
1095 3651 1203 3735 prisco
1227 3653 1372 3718 instituto

253 3750 444 3845 propinquis
467 3769 572 3812 aaran
594 3747 907 3833 decapitefanaque
927 3749 1067 3838 conjupis
1091 3752 1241 3835 capnooit,
1272 3762 1302 3814 et
1327 3755 1370 3814 in-

258 3865 376 3920 sontem
397 3847 567 3912 nuntiauit.
614 3845 724 3931 Lonpa
746 3846 815 3910 luia
839 3847 1029 3932 Pomponiae
1054 3859 1152 3912 netas.
1193 3847 1281 3912 Nam
1297 3861 1372 3936 post

257 3953 383 4018 Julian
405 3945 506 4010 Drusi
523 3943 632 4028 fitium
660 3943 733 4008 doio
758 3945 952 4008 Messalinae
982 3945 1190 4032 interfectam,
1212 3969 1275 4032 per
1298 3970 1369 4032 qaia·

258 4051 409 4136 drapinta
432 4066 533 4110 anesca
556 4043 712 4108 nasein
726 4045 791 4107 nin
805 4043 938 4130 litprsbri,
953 4069 1017 4108 soon
1031 4046 1135 4108 ausimo
1159 4046 1225 4109 nisi
1247 4057 1368 4111 monto.

259 4151 329 4234 enit.
355 4147 449 4231 ldqrte
474 4143 535 4222 illi,
546 4144 745 4228 imperitante
765 4141 910 4226 Claudio,
926 4145 1061 4230 inpune,
1085 4167 1159 4206 mon
1182 4143 1226 4206 od
1238 4145 1367 4230 plusion

259 4247 360 4313 uertit.
385 4240 518 4308 Eruditi
542 4261 607 4306 nou
632 4240 795 4324 dubitant,
820 4243 953 4306 nornine
977 4241 1210 4328 unrerstitionis
1225 4251 1367 4304 ostensae

1434 4343 1451 4794 l
