2924 4818
442 499 527 570 lipsii
544 505 684 562 muntia
700 503 777 560 false
1150 511 1183 566 91

89 667 150 709 cun
163 647 222 712 hoo
234 649 322 712 facto
346 645 514 711 conciliari
537 656 683 732 possunt.
704 685 748 695 -
767 648 860 712 Haeo
883 649 925 714 de
939 649 1073 717 Simone
1087 675 1183 739 mago

88 745 244 810 sufficient
290 744 379 810 Satis
403 741 512 824 oleret,
546 767 585 808 ea
617 766 701 830 quae
734 745 775 810 de
807 749 877 832 ipso
910 759 1086 814 nouantur
1116 774 1183 816 uon

87 865 144 906 esse
164 841 416 908 fundamentum
436 841 675 906 testificationis
693 843 904 927 antiquorum
929 843 970 908 de
993 848 1183 934 episcopatu

88 941 215 1005 Romano
235 941 275 1006 B.
298 941 402 1023 Petri,
426 939 483 1003 sed
507 940 541 1004 in
565 941 628 1003 ista
655 941 843 1004 narratione
866 943 976 1027 potius
999 952 1036 1007 ut
1058 945 1183 1009 fautum

86 1037 270 1124 exploratum
304 1049 339 1102 et
372 1038 590 1102 certissimum
618 1037 690 1122 jam
723 1039 875 1122 supponi,
908 1038 976 1104 BB.
1009 1039 1183 1126 Apostolos

86 1136 199 1202 Petrum
222 1147 254 1200 ot
277 1135 421 1202 Paulum
445 1134 569 1198 Romae
591 1134 811 1219 Evangelium
835 1136 1052 1222 praedicasse.

160 1235 207 1300 77.
239 1234 437 1299 Adversarii
468 1231 579 1319 plures
613 1231 692 1296 dum
724 1232 814 1297 Petri
848 1233 1033 1299 Romanum
1067 1239 1128 1301 iter
1151 1247 1283 1350 ettennon

85 1335 291 1418 episcopatum
315 1331 482 1418 rejiciunt,
507 1331 606 1394 etiam
622 1329 656 1393 id
676 1329 858 1394 identidem
880 1341 1043 1418 repetunt,
1059 1306 1261 1447 fumidum

85 1443 108 1494 et
127 1431 285 1494 undidem
314 1427 403 1494 Cleri
415 1430 554 1493 Rotnani
566 1449 732 1491 rumorem
747 1437 780 1491 et
802 1427 926 1493 famam
942 1429 983 1493 de
997 1431 1084 1494 Petri
1100 1435 1182 1518 epis·

85 1539 185 1614 oopstu
211 1528 363 1593 Romano
391 1527 497 1611 magis
529 1527 699 1610 magisque
731 1536 912 1610 propagata
943 1527 1052 1612 fuisso,
1077 1529 1182 1595 donoo

85 1625 199 1691 undem
229 1626 316 1691 haec
350 1626 517 1711 persuasio
546 1623 809 1688 Christianorum
841 1625 968 1687 animos
1001 1627 1180 1692 universim

85 1727 286 1811 occupaverit
335 1723 388 1789 Iu
397 1721 551 1802 Velenus,
576 1719 797 1806 Spanhemius
827 1741 1005 1808 eorumque
1028 1722 1180 1806 asseclae,

84 1845 114 1886 ao
134 1825 317 1908 nuperrime
331 1820 456 1886 Ribetti
480 1821 515 1882 in
529 1819 761 1904 Disputatione
784 1819 933 1884 Romana
941 1817 974 1905 ¹).
998 1819 1090 1884 Nihil
1104 1843 1182 1886 sane

86 1923 172 2004 magis
193 1922 335 2006 impium
360 1926 410 1982 est
439 1927 538 2002 atquo
570 1915 755 2002 impudens,
786 1937 885 2002 quam
910 1915 1042 1980 Olerum
1066 1917 1181 1984 Roma·

84 2039 149 2081 num
178 2019 325 2104 priorum
359 2013 574 2096 saeculorum,
609 2015 666 2100 qui
698 2015 846 2078 omnium
879 2015 1039 2078 virtutum
1062 2036 1181 2100 genere

85 2113 222 2199 fulgebat,
245 2117 293 2180 ita
318 2113 526 2179 incriminari
557 2132 600 2176 ne
632 2112 769 2176 minimo
793 2111 927 2197 quidem
950 2111 1110 2198 producto
1133 2137 1182 2179 or·

84 2221 230 2294 gumento.
297 2209 393 2278 Nihil
426 2219 495 2274 tam
524 2208 647 2294 regulis
677 2211 811 2273 criticae
841 2210 946 2294 megia
970 2213 1180 2296 eontrarium,

85 2332 167 2394 quam
189 2311 336 2376 absurda
369 2307 531 2395 ejusmodi
562 2308 754 2393 suppositio,
787 2307 904 2372 fraudo
937 2314 969 2372 et
1001 2309 1181 2376 ambitione

85 2407 156 2472 Cleri
178 2409 275 2474 ulem
295 2408 543 2496 persuasionem
558 2405 734 2491 propagari
748 2415 782 2469 et
803 2403 1004 2470 invalesoere
1026 2409 1181 2492 potuisse.

160 2507 207 2572 78.
230 2507 336 2573 Paulo
370 2504 435 2571 alia
466 2505 593 2568 rationo
616 2502 707 2568 Baur
739 2523 815 2567 oum
842 2501 955 2568 sohola
977 2504 1182 2591 Tubingensi
1222 2534 1278 2577 mss
1297 2537 1319 2575 u

87 2625 128 2666 res
147 2603 318 2692 disponere
341 2605 433 2668 nisus
448 2612 506 2684 est,
521 2601 659 2688 ejusque
682 2603 809 2665 somnia
832 2603 951 2666 nostris
975 2601 1092 2668 diebus
1105 2604 1182 2691 Lip-
1225 2596 1319 2648 ΜΡΝ*

85 2702 140 2766 sius
159 2704 275 2768 iterum
300 2698 515 2788 adoptavit2).
561 2700 666 2765 Juxta
688 2698 779 2764 Bous·
800 2698 915 2784 religio
939 2698 1118 2768 christiana
1140 2724 1182 2766 ex

85 2802 303 2867 commixtione
336 2797 458 2864 oosluit
481 2798 689 2862 traditionum
710 2796 932 2877 Iudaicorum,
962 2817 1045 2883 quas
1065 2799 1183 2866 Petrus

85 2897 219 2963 tuebatur
242 2895 499 2988 (Petrinismus),
524 2903 557 2960 et
584 2895 733 2983 mysticae
750 2895 970 2983 philosophiae
993 2917 1092 2982 quam
1116 2919 1181 2962 seo·

85 2993 198 3061 ulatur
227 2996 353 3062 Paulus
385 2991 645 3084 (Paulinismus).
700 2993 754 3057 Ex
791 2991 910 3058 harum
937 2993 1180 3060 tendentiarum

85 3095 231 3160 connubio
247 3094 380 3162 saeculo
393 3091 429 3158 H
443 3091 636 3178 prodierunt
649 3089 844 3175 Evangelia,
859 3093 1053 3157 nominatim
1068 3113 1181 3158 seeun-

85 3186 150 3256 dum
188 3191 316 3258 Luoam
348 3202 381 3256 ot
412 3189 598 3273 Joeunem,
632 3197 665 3253 et
697 3187 853 3275 epistolae
882 3189 972 3254 Petri
1011 3199 1044 3254 et
1074 3189 1180 3276 Pauli,

85 3307 156 3368 quae
177 3293 287 3357 omnia
311 3312 393 3377 opus
426 3298 503 3354 sunt
524 3297 696 3353 auctorum
724 3307 974 3372 anonymorum.
1022 3287 1116 3368 Quae
1139 3287 1181 3354 de

84 3382 166 3450 Petro
187 3399 219 3452 et
240 3387 344 3454 Paulo
367 3388 563 3468 referuntur,
588 3384 694 3471 mythi
715 3395 792 3450 sunt
814 3387 916 3450 variis
940 3407 982 3450 ox
1004 3387 1181 3451 tendentiis

86 3485 146 3548 orti.
188 3485 243 3552 Sio
265 3485 322 3551 ille
345 3484 459 3550 sabula
482 3484 523 3550 de
533 3484 621 3548 Petri
646 3485 837 3570 episcopatu
856 3483 1014 3568 Romano,
1038 3493 1109 3548 orta
1133 3495 1181 3548 est

85 3601 119 3642 ex
139 3583 303 3649 tendentia
323 3583 513 3648 Petrinismi
543 3581 633 3669 apud
663 3580 867 3646 Christianos
889 3581 1054 3646 Romanos
1072 3581 1180 3668 judai·

85 3689 191 3763 rantes,
206 3685 261 3769 qui
285 3680 348 3746 hoo
371 3681 468 3746 modo
484 3679 681 3745 Christianis
704 3701 746 3744 ox
759 3678 945 3763 gentilismo
969 3681 1026 3766 qui
1039 3679 1179 3745 Paulum

86 3774 281 3846 celebrabunt
300 3777 566 3868 (Paulinismus),
591 3778 729 3863 gloriam
752 3779 804 3842 sui
827 3777 915 3842 Petri
939 3798 1103 3865 opponere
1126 3799 1180 3864 po-

87 3881 187 3942 urant
230 3879 285 3945 Ex
316 3878 487 3944 tendentia
519 3877 664 3964 quedam
696 3875 807 3942 media
839 3875 1035 3942 conciliante
1065 3876 1179 3966 (Petri-

92 4027 278 4044 ’.ᾖ

149 4115 335 4184 ¹)Rsseooutu,
353 4134 378 4188 p.
397 4119 440 4184 69,
457 4119 501 4172 46.

148 4195 359 4268 'lChsonologie
377 4198 425 4254 der
442 4197 590 4253 romisohen
608 4197 732 4254 Bischofe
756 4195 797 4252 bis
815 4213 865 4253 zur
883 4197 964 4254 liitto
981 4199 1027 4254 des
1045 4199 1093 4256 IV.
1102 4199 1181 4256 Jahr-

88 4267 199 4332 lartuu
216 4293 267 4334 von
284 4279 316 4334 R
335 4281 367 4336 Δ.
385 4279 500 4352 Lipsius,
518 4280 582 4335 Riel
601 4281 677 4335 1669.
