2836 4804
442 451 597 523 ¹Celebratio
615 453 734 508 Ooucilii.
1118 455 1170 508 sot

12 653 13 658 ,
67 593 197 658 clarius:
222 591 336 658 θέλετε
357 592 399 658 τὰ
421 588 580 680 terpora·
605 595 829 680 mpoosrs'rssre
842 595 882 661 τὰ
906 592 1069 686 ἔγγραφοι).
1093 598 1170 663 Pro-

12 660 14 750 i
67 703 156 754 vocat
178 711 234 754 eos
258 693 359 775 igitur
382 691 460 756 Ibas
483 691 525 755 ad
549 693 756 778 probandum
789 694 851 759 hoc
874 717 916 759 ex
939 697 1069 780 seriptis
1092 697 1170 778 suis,

66 789 210 853 indicans
234 789 406 874 epistolam
430 789 473 854 ad
486 789 615 870 Marim,
640 813 725 877 quae
748 803 861 858 contm
885 815 960 856 eum
977 793 1050 878 jam
1073 803 1170 858 antea

65 887 183 972 prolata
207 886 323 951 fuerat.
355 923 399 934 --
430 889 494 951 Dei
525 890 735 954 amantissimi
756 892 897 978 episcopi
919 891 1100 956 diaeruatr
1135 890 1172 956 Si

60 996 127 1070 post
149 995 280 1048 mortem
311 985 484 1048 beatissimi
515 997 545 1049 et
567 989 757 1052 sanctissimi
784 985 898 1075 Cyrilii
918 987 1172 1076 religiosissimus

64 1085 223 1168 episcopus
245 1082 324 1146 Ibus
347 1103 414 1146 eum
436 1084 522 1146 visus
545 1093 591 1146 est
617 1079 658 1171 (si
683 1079 845 1172 φαίνεται)
868 1087 1054 1150 decreticum
1075 1087 1171 1149 aomi-

65 1203 147 1244 aasse
171 1191 203 1244 et
224 1180 412 1243 haereticam
425 1179 578 1260 babuisse,
593 1193 772 1246 monstrate.
821 1183 933 1247 Maras
955 1183 1060 1247 discit:
1096 1183 1170 1246 Pro·

65 1277 173 1342 tamea.
199 1315 244 1324 —
267 1277 362 1342 Tunc
386 1279 552 1363 sequitur:
576 1278 664 1342 Idem
676 1280 725 1344 vir
747 1280 963 1345 densissimas
985 1282 1171 1345 secretarius

64 1376 203 1440 similiter
225 1375 353 1460 relegit:
386 1375 440 1438 Ea·
469 1376 603 1461 epistola
626 1400 705 1462 quae
728 1380 848 1463 scripta
871 1387 917 1440 est
940 1401 960 1441 a
982 1377 1170 1442 reverendis·

12 1479 13 1552 t
64 1477 131 1536 simo
163 1473 225 1538 Iba
258 1475 401 1559 episcopo
431 1474 659 1538 Edesseaorum
691 1475 778 1539 Mari
805 1476 931 1554 Persae,
957 1486 1033 1561 post
1058 1496 1170 1562 prooe-

64 1574 149 1635 mium
173 1580 237 1635 etc.

12 1741 13 1748 ἵ
141 1669 197 1733 59.
223 1669 278 1732 Ex
300 1667 390 1733 hisee
423 1671 658 1753 comperimus,
682 1669 770 1755 quod
794 1671 905 1753 magni
929 1671 1086 1734 momenti
1110 1680 1168 1754 est,
1183 1679 1230 1720 ssas
1244 1679 1335 1730 eruar

12 1765 13 1776 ³
63 1789 119 1851 quo
141 1767 340 1852 pertinuerit
363 1765 419 1829 illa
440 1765 537 1829 lectio
562 1765 718 1852 epistolae
740 1766 820 1832 Ibae
844 1769 878 1833 in
903 1765 1050 1832 Concilio
1076 1766 1169 1833 Chal·
1229 1740 1293 1782 Μ’

63 1866 246 1942 sedonensi,
271 1873 303 1928 et
326 1863 387 1928 sub
411 1885 475 1948 quo
498 1873 649 1948 respectu
669 1865 784 1929 eadem
808 1863 850 1928 ab
874 1865 1086 1930 audientibus
1108 1864 1169 1930 lec·

12 2009 14 2070 t
62 1965 178 2027 ionem
194 1962 385 2027 examinata
406 1962 515 2025 fuerit.
561 1962 789 2043 Accusatores,
815 1970 851 2025 ut
873 1963 1049 2049 probarent
1072 1962 1171 2027 fidem

12 2091 13 2112 i
63 2061 133 2125 lbse
158 2083 227 2125 non
260 2081 329 2124 esse
362 2058 588 2140 orthodoxam,
622 2069 781 2145 tanquam
804 2070 1034 2144 argumentum
1057 2061 1170 2124 affere·

63 2157 143 2241 bant,
181 2158 272 2245 quod
306 2160 509 2242 reputaverit
543 2167 576 2220 et
611 2156 732 2221 dixerit
766 2155 926 2241 Cyrillum
958 2157 1170 2223 haereticum.

61 2255 131 2320 Post
163 2254 403 2340 explicationes
426 2253 516 2336 Ibae,
549 2256 694 2340 episcopi
728 2265 848 2319 statum
871 2256 1072 2340 quaestionis
1095 2263 1171 2340 apte

62 2351 386 2432 determinaverant,'
406 2351 715 2433 animadvertentes,
740 2352 985 2417 accusatoribus
1008 2374 1077 2416 esse
1101 2373 1171 2438 pro-

62 2451 214 2532 bandum,
240 2449 328 2536 quod
351 2449 427 2514 Ibas
459 2452 634 2514 asseruerit
658 2447 818 2533 Oyrillum
845 2450 946 2514 fuisse
970 2449 1171 2514 haereticum

12 2583 13 2622 i
63 2549 253 2613 nouaclum
277 2557 453 2634 antequam
468 2548 624 2611 unionem
649 2549 746 2612 iniret
765 2569 839 2612 cum
863 2548 1089 2630 Antiochenis,
1114 2548 1171 2612 sed

63 2649 243 2729 pervitam
277 2646 375 2710 stiam
407 2645 679 2730 subsequentem,
704 2647 751 2712 ita
779 2654 815 2708 ut
838 2655 911 2730 post
934 2656 1071 2710 mortem
1095 2667 1170 2709 eum

62 2742 211 2808 babuerit
233 2744 445 2808 haereticum.
492 2741 534 2807 Se
567 2742 652 2806 velle
675 2744 738 2806 hoc
761 2742 909 2828 probare,
934 2744 1172 2828 responderunt

62 2851 274 2921 accusatores,
299 2849 330 2904 et
354 2840 430 2904 dein
456 2862 557 2928 quum
577 2840 653 2904 Ibas
671 2841 742 2926 jam
767 2849 842 2904 ante
867 2841 1021 2904 dixisset:
1046 2839 1084 2905 Si
1105 2840 1171 2905 uul-
1224 2891 1229 2902 .

12 2955 13 2998 t
62 2939 97 3001 tis
118 2941 251 3024 scripta,
275 2937 385 3023 afferte
409 2940 540 3024 scripta,
559 2937 643 3002 lecta
658 2951 707 3002 est
730 2939 801 3024 ejus
824 2937 959 3024 epistola
983 2937 1025 3002 ad
1040 2939 1169 3002 Marim.

62 3035 95 3100 In
116 3037 171 3100 his
194 3035 362 3121 adjunctis
386 3036 501 3101 eadem
517 3037 617 3120 igitur
636 3036 697 3100 sub
721 3035 783 3099 boc
807 3038 997 3120 praesertim
1020 3045 1169 3121 respectu

61 3133 327 3216 examinabatur,
360 3144 469 3198 utrum
503 3135 537 3197 in
569 3134 684 3198 eadem
716 3132 794 3198 Ibus
823 3142 977 3198 tractaret
1010 3133 1170 3218 Cyrillum

61 3241 90 3294 at
110 3233 300 3296 marsicum
324 3233 417 3296 etiam
442 3243 518 3317 post
549 3234 710 3312 amionem
742 3241 840 3317 atque
864 3230 924 3295 snb
955 3231 1017 3295 hoc
1040 3253 1170 3317 quoque

60 3339 206 3415 respectu
239 3352 281 3393 ex
310 3329 446 3414 epistola
468 3329 545 3394 Ibas
576 3329 776 3393 orthodoxus
804 3329 857 3393 vel
881 3349 947 3394 non
970 3328 1171 3394 orthodoxus

12 3469 13 3488 1
61 3426 319 3508 pronuntiandus
343 3437 421 3493 erat.
468 3427 503 3494 Si
527 3427 610 3491 haec
625 3427 854 3508 attenduntur,
872 3427 968 3490 facile
984 3426 1170 3511 intelligun-

12 3513 14 3604 ξ
59 3535 108 3587 tnr
129 3535 209 3590 vota
232 3524 367 3589 Petrum
391 3547 476 3610 quae
499 3525 577 3590 dein
601 3525 678 3588 data
701 3533 785 3589 sunt.

12 3609 13 3632 ¹
143 3624 325 3698 60.,Leeta
348 3623 484 3708 epistola
507 3622 598 3704 Ibae,
622 3622 677 3686 hic
700 3623 803 3708 petiit,
828 3631 865 3685 ut
887 3623 986 3685 etiam
1008 3621 1171 3705 legeretur

60 3721 194 3806 epistola
231 3721 423 3785 clericorum
457 3721 623 3802 Edessae,
659 3742 758 3806 quam
803 3721 865 3804 ipsi
901 3721 1056 3783 miserant
1090 3719 1169 3784 dum

61 3841 155 3884 causa
188 3818 267 3883 Ibae
298 3818 413 3902 Beryti
445 3826 649 3883 tractaretur.
695 3817 822 3882 Eidem
852 3816 1018 3902 negabant
1047 3815 1167 3897 clerici,

61 3937 202 4002 unquam
226 3915 329 3980 verba
352 3915 408 3980 illa
430 3915 623 4001 blasphema
652 3918 687 3979 in
711 3913 888 3993 Christum,
912 3935 1051 3999 quorum
1074 3935 1169 3977 accu-

61 4013 199 4096 sabatur,
225 4013 266 4078 ab
292 4012 351 4076 Iba
375 4013 474 4077 fuisse
498 4012 634 4098 prolata.
682 4012 817 4097 Signata
840 4021 950 4076 autem
974 4021 1043 4076 erat
1065 4033 1085 4074 a
1108 4021 1169 4075 tre·

62 4108 164 4174 decim
193 4111 411 4197 presbyteris,
445 4113 580 4196 triginta
611 4121 735 4196 septem
759 4110 969 4174 diaconissa
993 4108 1169 4173 duodecim

62 4208 268 4276 subdiaconis
301 4219 333 4273 et
364 4209 552 4274 lectoribus.
584 4247 627 4256 -
659 4209 747 4272 Dein
779 4207 946 4295 proposita
975 4207 1039 4270 fuit
1069 4206 1168 4270 lectio

100 4325 227 4378 Jnngmann,
243 4327 420 4369 enneacrunos.
449 4327 507 4368 Tora.
524 4326 551 4368 11.
1027 4321 1062 4374 20
