2766 4836
374 463 531 522 Sententiae
550 465 584 522 de
601 464 678 533 lspsu
695 463 806 520 Liberii.
1106 465 1141 518 47

51 607 156 672 Natalis
186 606 408 694 Alexander>
440 610 563 694 pariter
595 619 722 692 censet,
754 608 949 672 Pontificem
980 607 1141 672 formulae

50 707 155 788 primos
177 705 418 790 subscripsisse,
442 727 518 770 eum
545 717 657 772 tamen
680 727 719 770 es
743 705 983 791 subscriptione
1005 727 1072 770 non
1095 708 1142 770 in·

49 802 149 866 cidisse
171 804 206 868 in
229 804 408 887 baeresim
432 803 613 890 eademque
637 814 687 868 est
709 805 820 889 opinio
844 801 1022 889 baroniis).
1045 802 1142 868 Tille-

50 900 204 987 montius³)
227 899 348 966 dubius
371 901 492 985 haeret,
524 903 579 966 cui
607 901 766 966 formulae
795 900 1025 986 subscripserit
1047 898 1143 965 Libe-

49 999 116 1080 rius3
143 1000 296 1084 opinatur
311 1008 420 1064 tamen
436 1003 535 1066 etiam
550 1002 631 1086 ipse,
647 1021 722 1064 eum
738 999 969 1084 subscripsisse
983 997 1144 1064 formulae

49 1097 163 1178 primae.
209 1096 363 1184 Pegius⁴)
388 1109 420 1161 et
442 1097 626 1184 Valesius⁵)
650 1099 850 1180 existiment,
874 1095 1046 1162 Liberium
1069 1096 1143 1160 sub-

47 1195 198 1278 scripsisse
223 1195 383 1260 formulae
406 1195 576 1260 Sirmiensi
610 1197 725 1260 tertiae
749 1217 834 1281 quae
858 1197 1076 1260 communiter
1098 1192 1144 1257 di·

47 1291 125 1354 citur.
170 1291 320 1378 Hefele⁶)
344 1296 467 1376 statuit,
486 1293 682 1360 Pontificem
707 1294 939 1379 subscripsisse
962 1291 1072 1358 libello
1096 1291 1143 1356 illi

46 1391 89 1472 qui
111 1413 151 1452 ex
173 1389 356 1456 Sozomeno
375 1415 405 1458 a.
424 1392 489 1458 358
503 1415 523 1456 a
542 1391 756 1458 Sensisrianis
770 1390 883 1456 Sirmii
906 1392 1062 1458 collectus
1085 1401 1143 1472 est,

46 1495 71 1547 et
89 1486 293 1556 definitiones
317 1499 430 1556 contre
461 1491 601 1556 Paulum
629 1488 879 1556 Samosatenum
912 1501 944 1556 et
965 1489 1144 1557 Photinum

45 1606 75 1648 se
95 1585 312 1670 professiones
330 1589 462 1654 concilii
477 1589 679 1654 Antiocheni
697 1590 731 1654 in
745 1590 913 1654 encaeniis
937 1588 1143 1668 continebat,

46 1679 133 1746 sbunc
147 1683 298 1752 libellum
312 1687 487 1752 formulam
504 1691 634 1756 tertiam
649 1683 862 1752 Sirmiensem
884 1688 952 1772 ipse
976 1684 1145 1771 appellat.)

46 1779 74 1842 [n
95 1780 179 1846 bano
203 1786 401 1850 sententiam
419 1787 491 1871 jem
514 1787 734 1856 Bellarminus
764 1784 939 1872 propendit
960 1783 1028 1872 (De
1050 1784 1144 1850 Rom.

47 1877 126 1944 Pout.
147 1879 208 1946 lv.
234 1879 279 1970 9).
303 1883 476 1968 Dbllinger
506 1888 684 1971 contendit,
717 1885 888 1952 Liberium
913 1882 1145 1967 subscripsisse

46 1977 193 2062 imprimis
217 1979 378 2047 formulae
390 1984 516 2068 primae
531 1984 720 2070 Sirmiensi3
742 1991 913 2070 praeterea
935 2002 1013 2044 vero
1038 1983 1146 2067 ipsum

47 2071 263 2164 subscripsisse
295 2078 405 2144 libello
443 2083 496 2147 isti
534 2092 798 2150 commemorato.
853 2077 959 2146 Simu]
992 2079 1146 2161 advertit,

46 2195 131 2256 quum
164 2176 202 2240 in
237 2175 291 2241 illo
323 2176 433 2242 libello
466 2181 565 2246 etiam
590 2185 812 2248 contineretur
841 2175 1009 2244 decretum
1033 2176 1146 2242 Antio-

47 2267 173 2338 cbenum
199 2285 314 2343 contra
332 2276 473 2342 Paulum
488 2277 748 2362 samosatenum,
772 2298 838 2364 quo
861 2276 1149 2344 consubstantialis

48 2389 99 2432 vox
119 2372 344 2458 rejiciebatur,
369 2396 406 2439 eo
431 2379 500 2461 ipso
524 2377 697 2444 Liberium
719 2402 740 2442 a
764 2377 1011 2444 definitionibus
1033 2376 1148 2442 Nicae-

45 2467 85 2530 nis
105 2469 317 2534 recedentem
341 2472 404 2538 hoo
428 2474 567 2541 verbum
597 2478 837 2564 proscripsisse,
862 2499 1004 2563 eumque
1027 2475 1148 2540 exinde

45 2588 106 2631 eum
128 2569 250 2655 rigidis
273 2591 403 2658 quoque
435 2571 569 2638 Arianis
593 2578 858 2642 communionem
886 2573 1082 2662 tenuisse.⁷).
1105 2613 1149 2622 -

46 2661 139 2730 Etiam
164 2665 211 2733 cl.
226 2667 355 2734 Mbhler
378 2672 591 2754 existimavit,
611 2672 784 2739 Liberium
807 2673 972 2740 secundae
986 2673 1149 2740 formulae

46 2763 207 2830 Sirmiensi
224 2767 465 2853 subscripsisse,
482 2781 793 2858 praeposteramque
803 2771 904 2836 hebet
917 2771 1025 2836 zelum
1034 2793 1149 2836 eorum

45 2863 88 2944 qni
110 2863 245 2950 lapsum
259 2865 384 2932 Liberii
408 2867 570 2954 denegare
594 2870 702 2934 conati
725 2868 843 2955 sonte).
869 2868 1036 2954 Corgneus
1058 2891 1148 2952 vero,

107 3042 131 3108 ¹)
149 3041 228 3096 Saeo.
247 3037 295 3098 Iu.
310 3043 426 3099 'Dissert
445 3043 559 3100 mm
635 3047 655 3118 ²)
675 3043 794 3102 Annales
813 3046 847 3100 ad
866 3063 889 3101 a
909 3050 961 3114 367
980 3063 1006 3103 n.
1027 3049 1069 3102 38.

106 3121 126 3192 ⁸)
144 3123 292 3178 Hemoires
310 3129 360 3179 etc.
379 3129 400 3178 t.
419 3123 467 3180 VI.
487 3127 586 3180 Aruns
605 3129 646 3181 st.

106 3203 127 3272 ί)
142 3203 253 3260 crisos
270 3206 299 3259 in
315 3205 413 3259 Boron.
432 3207 467 3259 ao
479 3223 509 3260 a
526 3207 588 3262 3⁶7.
644 3207 667 3278 ⁵)
685 3207 757 3262 Nota
774 3207 804 3261 in
822 3206 923 3262 Sorom.
942 3205 990 3262 IV.
1011 3195 1071 3262 15.²

106 3284 127 3347 ⁸)
147 3283 232 3340 conc
251 3285 353 3352 Gereb,
372 3285 403 3340 B.
421 3286 444 3342 L
463 3285 487 3356 §-
506 3287 549 3341 81.

107 3365 336 3432 OPsbstfabelm
354 3367 478 3422 Liberius
497 3367 552 3422 und
570 3366 654 3433 Felix,
673 3368 699 3424 b
720 3369 779 3422 107.

106 3445 178 3514 ⁸)S.
199 3447 342 3500 Attonsae
350 3447 379 3502 L.
387 3446 418 3503 V.
438 3463 463 3516 p.
483 3449 535 3502 192
552 3463 622 3516 sqq.;
643 3447 831 3502 Histoiredel’
840 3447 940 3517 quisc
951 3447 1150 3504 t.1.Deuxieme

45 3525 146 3582 Periode
169 3527 233 3600 §.t
278 3528 364 3594 Quom
392 3527 494 3582 Mbhler
520 3527 615 3582 ultimo
639 3526 696 3580 loco
720 3527 813 3596 paucis
840 3533 970 3596 congeret
989 3535 1151 3598 arguments

46 3607 165 3664 bnorica
183 3609 281 3676 coium
299 3609 358 3677 ojus
381 3608 519 3663 sententis
545 3607 661 3672 nititur,
689 3609 858 3661 errationes
877 3623 925 3663 our
942 3609 1073 3663 catholico
1092 3611 1152 3664 viro

45 3687 107 3744 baud
122 3691 241 3760 dignum
258 3689 297 3744 sit
314 3700 414 3758 segue
432 3688 533 3744 Liberti
552 3687 662 3757 lapsum,
688 3687 746 3756 eJus
765 3688 848 3742 verbs
866 3687 1010 3754 efferimus,
1029 3705 1080 3757 quo
1099 3707 1149 3744 me·

46 3769 91 3824 lios
107 3773 171 3826 dein
192 3775 348 3824 secuntum
365 3769 404 3824 rei
423 3768 726 3824 exameninstitnamus.
745 3767 857 3822 Scribit:
878 3768 985 3835 ,Qnsnt
1003 3784 1037 3822 sn
1056 3769 1153 3824 second

47 3849 205 3918 tornulaire,
232 3851 253 3904 il
270 3849 340 3904 etsit
357 3847 526 3918 l’expression
543 3849 672 3917 completo
689 3848 722 3903 de
740 3849 767 3901 le
793 3847 915 3904 doctrine
934 3849 1050 3914 suosne,
1069 3864 1115 3904 car
1133 3849 1153 3904 il
1253 3871 1259 3883 ·

46 3931 120 3988 discit
138 3947 193 4000 qne
212 3931 237 3986 le
254 3930 322 3986 Pers
340 3930 502 4000 l’emportsit
519 3945 566 3986 sur
583 3929 608 3983 le
626 3928 688 3984 Fils
702 3944 736 3984 en
754 3928 882 3994 honneur,
900 3944 935 3983 en
953 3929 1060 3998 dignite
1078 3934 1153 3984 eten

47 4012 159 4079 najeste„
199 4011 279 4065 Oetts
297 4007 411 4064 iormnle
429 4010 533 4064 fonmit
551 4025 605 4063 eux
617 4007 715 4063 Ariens
728 4007 864 4063 l'occssion
882 4008 915 4063 de
933 4025 962 4064 se
979 4009 1084 4064 scindor
1102 4024 1154 4064 eux

47 4095 143 4148 nemea
182 4089 253 4146 linis
272 4097 357 4148 erent
374 4095 445 4148 cette
457 4090 567 4149 scission
586 4088 696 4160 l’Ia'glise
710 4089 862 4156 ostholiqne
873 4089 1002 4144 ressentit
1019 4104 1073 4144 une
1090 4089 1154 4144 dou-

48 4169 98 4226 leur
115 4173 179 4226 bien
203 4177 357 4226 entremeut
386 4174 481 4236 smero,
509 4186 558 4239 por
588 4170 613 4223 la
641 4169 720 4224 ehute
737 4169 761 4223 d’
769 4169 848 4226 Ocius
866 4171 966 4237 essone
984 4169 1017 4224 de
1035 4169 1154 4226 Gordoue

48 4263 71 4304 et
87 4254 152 4308 celle
178 4253 214 4306 du
238 4268 305 4321 pape
322 4250 427 4306 Libere.
461 4251 561 4306 Hosius
578 4253 670 4318 presse
687 4249 721 4306 de
737 4249 868 4308 souscrire
885 4255 958 4306 cette
975 4249 1096 4320 formule,
1114 4254 1154 4306 rt·
