2806 4848
225 412 276 464 152
638 413 678 465 De
697 413 768 466 facto
786 410 914 466 Nectarii.

1367 464 1368 492 l

225 564 393 639 repugnet,
422 565 566 618 attamen
597 556 814 620 incommodis
847 578 914 620 non
944 566 1041 637 caret,
1072 577 1142 620 rem
1164 579 1231 620 non
1252 557 1316 620 satis
1367 563 1368 636 f

225 652 389 738 explanat,
415 675 475 716 nec
499 654 578 717 satis
592 654 726 718 videtur
739 654 835 718 nobis
850 654 1024 718 cohaerere
1048 675 1122 718 oum
1147 655 1316 718 narratione
1367 639 1368 670 ¹

226 752 368 818 Socratis
397 761 429 813 et
457 752 642 816 Sozomeni.
688 752 729 816 In
761 751 886 814 Valesii
914 750 1133 837 explicatione
1160 773 1228 816 non
1249 753 1317 816 bene

226 849 428 932 intelligitur,
453 849 616 934 quomodo
638 859 724 914 totus
739 851 800 913 iste
820 859 957 912 eventus
981 848 1129 913 scandali
1152 849 1265 934 plenus
1283 849 1317 912 ed

225 949 375 1010 notitiam
406 947 626 1011 multitudinis
656 948 855 1033 pervenerit.
900 947 972 1011 Imo
1002 947 1030 1010 si
1054 945 1183 1010 illorum
1209 945 1318 1010 histori-

226 1067 338 1109 corum
362 1044 475 1108 relatio
499 1045 597 1110 obvio
613 1067 709 1110 sensu
726 1047 875 1126 sumitur,
891 1044 1024 1126 dixeris,
1040 1055 1224 1110 matronam
1246 1044 1316 1108 illan

226 1153 258 1206 et
286 1165 370 1229 quae
393 1145 457 1229 ipsi
480 1143 662 1208 acciderint
684 1144 854 1208 notissima
878 1143 988 1224 fuisse,
1013 1152 1045 1206 et
1068 1143 1155 1224 inde,
1180 1145 1318 1227 instigan-

225 1242 314 1305 tibus
346 1243 428 1306 forte
458 1242 545 1306 illius
569 1244 776 1330 propinquis,
801 1263 1015 1326 permagnam
1051 1242 1317 1326 exasperationem

226 1349 330 1404 ortam
354 1341 464 1406 fuisse.

315 1438 368 1501 20.
393 1439 546 1501 Zacoarr‘a
579 1437 599 1501 l.
633 1461 660 1502 c.
699 1447 819 1519 censet,
853 1438 1033 1502 secundam
1066 1437 1155 1502 illam
1189 1436 1320 1502 mulieris

227 1535 480 1600 declarationem
504 1557 569 1600 non
592 1536 693 1600 fuisse
710 1536 957 1616 confessionem,
973 1535 1032 1600 sed
1055 1535 1320 1600 denuntiationem

227 1634 357 1697 diaconi
382 1655 402 1696 a
417 1631 553 1697 muliere
568 1635 689 1698 factam
704 1655 815 1698 coram
829 1633 987 1698 tribunali
1002 1633 1225 1698 ecclesiastico
1247 1653 1321 1718 prae·

227 1730 374 1794 sentibus
397 1730 500 1812 laicis,
525 1741 562 1794 ut
586 1733 743 1796 diaconus
766 1735 955 1818 puniretur,
980 1753 1019 1796 ac
1043 1732 1106 1796 hac
1130 1733 1254 1796 ratione
1274 1731 1322 1792 cri·

228 1850 302 1891 men
327 1827 408 1892 illud
431 1829 474 1893 ad
498 1831 648 1894 notitiam
672 1830 838 1914 publicam
862 1831 1062 1915 pervenisse.
1092 1828 1324 1894 Animadvertit

227 1928 261 1990 in
286 1926 566 1990 confirmationem
591 1951 668 1992 suae
701 1930 890 2008 sententiae,
922 1929 965 1993 ad
994 1928 1234 2013 designandam
1261 1947 1323 1988 con-

227 2025 401 2088 fessionem
425 2048 444 2088 a
468 2025 601 2090 Socrate
625 2026 776 2090 adhiberi
806 2048 921 2090 vocem
945 2024 1193 2107 ἒξομολογεῐται,
1217 2023 1258 2088 ad
1279 2043 1323 2084 cx·

227 2121 434 2206 primendam
449 2123 585 2187 alteram
600 2124 853 2188 declarationem
869 2124 1007 2188 verbum
1023 2121 1198 2209 κατιῃιόρει.
1215 2119 1323 2184 -Sed

227 2222 336 2283 minus
359 2220 529 2305 probabile
553 2222 693 2302 videtur,
718 2223 875 2310 feminam
895 2222 1039 2286 nobilem
1062 2221 1213 2286 adactam
1235 2219 1323 2282 fuiss(¹

228 2333 254 2380 a'
271 2308 468 2382 confessario
493 2319 535 2382 ad
569 2319 730 2405 ejusmodi
762 2320 931 2407 complicis
955 2320 1247 2399 denuntiationem,
1270 2337 1323 2400 qua

228 2418 300 2500 ipsa
319 2417 463 2480 maxime
478 2417 702 2483 infamabatur
716 2427 748 2482 et
762 2418 953 2482 scandalum
968 2411 1141 2502 publicum
1164 2415 1324 2480 oriebatur.

229 2513 353 2577 Verum
377 2515 510 2599 quidem
536 2525 598 2596 est,
623 2516 726 2580 verba
749 2515 901 2580 technica
924 2515 967 2580 ad
991 2513 1241 2600 significandam
1263 2531 1324 2574 con·

228 2611 402 2675 fessionem
427 2635 496 2678 csse
510 2610 751 2694 ὁμολογεῖσθαι,
773 2636 838 2698 quo
854 2614 1107 2678 communicatio
1132 2621 1323 2698 peccatorum
1367 2661 1368 2680 ο

229 2709 302 2774 aliis
316 2710 403 2774 facta
418 2712 452 2774 in
471 2713 692 2796 poenitentiae
717 2711 893 2796 disciplina
917 2711 1117 2795 designatur,
1134 2721 1165 2774 et
1180 2705 1322 2790 ἐξογοριῦ·
1367 2683 1368 2776 l

228 2811 338 2888 εσθαι,
352 2831 417 2894 qua
441 2829 522 2872 voce
546 2809 946 2894 singulorumcriminum
971 2811 1174 2872 enumeratio
1198 2807 1324 2871 insinua·

229 2915 291 2969 tur.
338 2906 404 2971 Sed
428 2917 504 2971 sunt
526 2917 695 2992 praeterea
718 2907 812 2992 plura
842 2907 945 2972 verba
972 2909 1137 2991 generica,
1163 2926 1242 2992 qnae
1264 2913 1322 2965 tum

229 3027 287 3088 pro
312 3005 574 3069 manifestatione
589 3006 726 3092 profana
750 3007 935 3084 criminum,
960 3014 1030 3068 tum
1053 3027 1112 3090 pro
1137 3003 1324 3068 confessione

166 3111 171 3120 “
230 3125 342 3166 eorum
367 3105 401 3166 in
434 3104 609 3189 disciplina
631 3106 852 3190 poenitentiae
885 3103 975 3188 apud
997 3104 1112 3167 Patres
1136 3113 1169 3167 et
1190 3102 1325 3184 antiquos

230 3201 403 3286 scriptores
435 3201 643 3283 adhibentur,
677 3205 725 3266 nti
758 3200 913 3288 φαοερόω,
938 3198 1051 3287 detrito,
1076 3196 1222 3287 ἐκφαίνω,
1245 3195 1324 3278 ἐξογ-

229 3297 337 3381 γέλλιο,
362 3297 492 3378 dulcidio,
516 3298 703 3386 κατηγορέω,
728 3309 788 3364 etc.
831 3299 980 3364 Verbum
1004 3303 1188 3386 κατηγορεῖν
1208 3317 1323 3360 accusa·

230 3400 352 3461 tionem
382 3400 546 3482 exprimit,
580 3409 678 3483 atque
711 3401 783 3483 ipsa
816 3397 917 3462 verba
950 3396 1094 3463 Socratis
1124 3399 1219 3462 etiam
1244 3389 1324 3456 aliud

230 3506 402 3581 peccatum
418 3499 584 3573 accusavit,
600 3499 647 3560 uti
662 3497 733 3582 jam
748 3495 1054 3577 animadvertimus,
1079 3497 1219 3560 innuunt
1233 3491 1322 3554 mani-

230 3594 436 3657 festationem
460 3594 600 3658 similem
624 3597 654 3658 ei
678 3617 777 3680 quam
798 3596 832 3658 in
852 3595 959 3679 prima
982 3593 1184 3658 confessione
1205 3591 1323 3654 lecerat

87 3705 195 3746 Binaria·
319 3694 372 3758 21.
395 3692 550 3756 [linter-ira
573 3691 678 3776 plebis
701 3693 984 3777 exasperationem
1015 3713 1157 3776 congrue
1185 3687 1257 3752 inde
1279 3705 1323 3746 ex·

230 3791 332 3876 ponit,
358 3789 445 3875 quod
475 3792 599 3854 crimen
615 3791 650 3854 in
667 3791 804 3854 ecclesia
824 3791 1032 3854 commissum
1048 3790 1155 3870 fuerit,
1178 3793 1325 3868 negatqut

231 3887 313 3952 illud
335 3911 394 3973 per
418 3886 548 3974 culpam
572 3889 755 3973 presbyteri
786 3888 1030 3974 poenitentiarii
1053 3888 1097 3951 ad
1120 3885 1230 3969 vnlgtm
1252 3881 1324 3945 noti-

231 3987 310 4050 tiam
334 3989 534 4072 pervenisse,
558 3987 615 4050 sed
639 4010 704 4072 qua
727 3988 853 4052 ratione
877 3985 1042 4069 evulgatio
1066 3981 1244 4071 provenerit
1266 3999 1324 4042 non

232 4083 420 4171 explicat1).
454 4124 497 4132 -
531 4085 665 4149 Natalis
688 4085 872 4150 Aleaeaadcr
896 4085 1018 4165 statuit,
1043 4083 1201 4170 duplicem
1221 4100 1240 4142 a
1262 4097 1323 4140 nru-

307 4211 326 4279 ¹)
344 4209 634 4279 Denkwttrdigkeiten,
652 4208 686 4265 V.
705 4211 730 4264 2.
749 4224 774 4278 p.
793 4209 854 4264 435.
