<?xml version="1.0" encoding="UTF-8"?>
<!DOCTYPE html PUBLIC "-//W3C//DTD XHTML 1.0 Transitional//EN"
    "http://www.w3.org/TR/xhtml1/DTD/xhtml1-transitional.dtd">
<html xmlns="http://www.w3.org/1999/xhtml" xml:lang="en" lang="en">
 <head>
  <title>
</title>
<meta http-equiv="Content-Type" content="text/html;charset=utf-8" />
  <meta name='ocr-system' content='tesseract 3.04.00' />
  <meta name='ocr-capabilities' content='ocr_page ocr_carea ocr_par ocr_line ocrx_word'/>
</head>
<body>
  <div class='ocr_page' id='page_1' title='image "./dissertationess02junggoog_0015.png"; bbox 0 0 2936 4814; ppageno 0'>
   <div class='ocr_carea' id='block_1_1' title="bbox 239 491 1075 561">
    <p class='ocr_par' dir='ltr' id='par_1_1' title="bbox 239 491 1075 561">
     <span class='ocr_line' id='line_1_1' title="bbox 239 491 1075 561; baseline 0 -15"><span class='ocrx_word' id='word_1_1' title='bbox 239 495 257 546; x_wconf 83' lang='lat' dir='ltr'><strong>s</strong></span> <span class='ocrx_word' id='word_1_2' title='bbox 516 492 556 547; x_wconf 93' lang='lat' dir='ltr'><strong>De</strong></span> <span class='ocrx_word' id='word_1_3' title='bbox 574 491 666 546; x_wconf 87' lang='lat' dir='ltr'><strong>histor.</strong></span> <span class='ocrx_word' id='word_1_4' title='bbox 685 492 776 547; x_wconf 86' lang='lat' dir='ltr'><strong>eccles.</strong></span> <span class='ocrx_word' id='word_1_5' title='bbox 795 497 857 547; x_wconf 92' lang='lat' dir='ltr'><strong>ortu</strong></span> <span class='ocrx_word' id='word_1_6' title='bbox 876 508 907 545; x_wconf 90' lang='lat' dir='ltr'><strong>ac</strong></span> <span class='ocrx_word' id='word_1_7' title='bbox 924 507 1075 561; x_wconf 76' lang='lat' dir='ltr'><strong>progressa</strong></span> 
     </span>
    </p>
   </div>
   <div class='ocr_carea' id='block_1_2' title="bbox 238 635 1356 821">
    <p class='ocr_par' dir='ltr' id='par_1_2' title="bbox 238 635 1356 821">
     <span class='ocr_line' id='line_1_2' title="bbox 238 635 1356 721; baseline -0.001 -22"><span class='ocrx_word' id='word_1_8' title='bbox 238 638 346 721; x_wconf 90' lang='lat' dir='ltr'><strong>prima</strong></span> <span class='ocrx_word' id='word_1_9' title='bbox 369 636 409 699; x_wconf 82' lang='lat' dir='ltr'><strong>ab</strong></span> <span class='ocrx_word' id='word_1_10' title='bbox 420 637 524 699; x_wconf 76' lang='lat' dir='ltr'><strong>initiis</strong></span> <span class='ocrx_word' id='word_1_11' title='bbox 537 637 761 700; x_wconf 68' lang='grc' dir='ltr'><strong>οὴνίειίαηίειηί</strong></span> <span class='ocrx_word' id='word_1_12' title='bbox 773 659 869 721; x_wconf 80' lang='lat' dir='ltr'><strong>usquc</strong></span> <span class='ocrx_word' id='word_1_13' title='bbox 885 635 928 698; x_wconf 81' lang='lat' dir='ltr'><strong>od</strong></span> <span class='ocrx_word' id='word_1_14' title='bbox 951 635 1109 699; x_wconf 82' lang='lat' dir='ltr'><strong>socculum</strong></span> <span class='ocrx_word' id='word_1_15' title='bbox 1127 636 1191 700; x_wconf 89' lang='lat' dir='ltr'><strong>VII</strong></span> <span class='ocrx_word' id='word_1_16' title='bbox 1207 658 1278 700; x_wconf 87' lang='lat' dir='ltr'><strong>sese</strong></span> <span class='ocrx_word' id='word_1_17' title='bbox 1302 659 1356 698; x_wconf 87' lang='lat' dir='ltr'><strong>ex·</strong></span> 
     </span>
     <span class='ocr_line' id='line_1_3' title="bbox 239 732 1355 821; baseline 0.001 -24"><span class='ocrx_word' id='word_1_18' title='bbox 239 732 355 816; x_wconf 89' lang='lat' dir='ltr'><strong>tendit,</strong></span> <span class='ocrx_word' id='word_1_19' title='bbox 379 733 482 796; x_wconf 89' lang='lat' dir='ltr'><strong>altera</strong></span> <span class='ocrx_word' id='word_1_20' title='bbox 505 759 526 802; x_wconf 84' lang='lat' dir='ltr'><strong>a</strong></span> <span class='ocrx_word' id='word_1_21' title='bbox 554 733 677 798; x_wconf 70' lang='lat' dir='ltr'><strong>coemto</strong></span> <span class='ocrx_word' id='word_1_22' title='bbox 708 734 772 797; x_wconf 89' lang='lat' dir='ltr'><strong>VH</strong></span> <span class='ocrx_word' id='word_1_23' title='bbox 781 757 875 821; x_wconf 78' lang='lat' dir='ltr'><strong>usqae</strong></span> <span class='ocrx_word' id='word_1_24' title='bbox 900 733 943 796; x_wconf 83' lang='lat' dir='ltr'><strong>ad</strong></span> <span class='ocrx_word' id='word_1_25' title='bbox 966 733 1124 798; x_wconf 65' lang='lat' dir='ltr'><strong>secedam</strong></span> <span class='ocrx_word' id='word_1_26' title='bbox 1145 734 1234 813; x_wconf 87' lang='lat' dir='ltr'><em>XVI,</em></span> <span class='ocrx_word' id='word_1_27' title='bbox 1258 735 1355 798; x_wconf 89' lang='lat' dir='ltr'><strong>tertia</strong></span> 
     </span>
    </p>
   </div>
   <div class='ocr_carea' id='block_1_3' title="bbox 240 829 1031 918">
    <p class='ocr_par' dir='ltr' id='par_1_3' title="bbox 240 829 1031 918">
     <span class='ocr_line' id='line_1_4' title="bbox 240 829 1031 918; baseline -0.001 -23"><span class='ocrx_word' id='word_1_28' title='bbox 240 856 262 895; x_wconf 90' lang='lat' dir='ltr'><strong>a</strong></span> <span class='ocrx_word' id='word_1_29' title='bbox 284 831 406 896; x_wconf 59' lang='lat' dir='ltr'><strong>‚assato</strong></span> <span class='ocrx_word' id='word_1_30' title='bbox 431 831 515 896; x_wconf 86' lang='lat' dir='ltr'><strong>XVI</strong></span> <span class='ocrx_word' id='word_1_31' title='bbox 531 855 626 918; x_wconf 77' lang='lat' dir='ltr'><strong>aeque</strong></span> <span class='ocrx_word' id='word_1_32' title='bbox 650 832 694 894; x_wconf 80' lang='lat' dir='ltr'><strong>od</strong></span> <span class='ocrx_word' id='word_1_33' title='bbox 717 843 857 918; x_wconf 83' lang='lat' dir='ltr'><strong>tempora</strong></span> <span class='ocrx_word' id='word_1_34' title='bbox 879 841 999 895; x_wconf 80' lang='lat' dir='ltr'><strong>nostro.</strong></span> <span class='ocrx_word' id='word_1_35' title='bbox 1008 829 1031 916; x_wconf 87' lang='lat'><strong>¹)</strong></span> 
     </span>
    </p>
   </div>
   <div class='ocr_carea' id='block_1_4' title="bbox 588 993 1006 1072">
    <p class='ocr_par' dir='ltr' id='par_1_4' title="bbox 588 993 1006 1072">
     <span class='ocr_line' id='line_1_5' title="bbox 588 993 1006 1072; baseline -0.005 -16"><span class='ocrx_word' id='word_1_36' title='bbox 588 993 788 1072; x_wconf 66' lang='lat' dir='ltr'><strong>apocha</strong></span> <span class='ocrx_word' id='word_1_37' title='bbox 820 995 1006 1072; x_wconf 75' lang='lat' dir='ltr'><strong>prtma.</strong></span> 
     </span>
    </p>
   </div>
   <div class='ocr_carea' id='block_1_5' title="bbox 69 1114 1464 3447">
    <p class='ocr_par' dir='ltr' id='par_1_5' title="bbox 69 1114 1464 2864">
     <span class='ocr_line' id='line_1_6' title="bbox 69 1114 1357 1201; baseline 0.001 -22"><span class='ocrx_word' id='word_1_38' title='bbox 69 1115 230 1165; x_wconf 65' lang='lat' dir='ltr'><strong>⁴⁰¹¹⁶¹¹³⁰⁸²⁰l</strong></span> <span class='ocrx_word' id='word_1_39' title='bbox 329 1115 359 1180; x_wconf 78' lang='lat'><strong>2.</strong></span> <span class='ocrx_word' id='word_1_40' title='bbox 382 1115 482 1178; x_wconf 88' lang='lat' dir='ltr'><strong>Initio</strong></span> <span class='ocrx_word' id='word_1_41' title='bbox 507 1114 752 1198; x_wconf 82' lang='lat' dir='ltr'><strong>christianismi,</strong></span> <span class='ocrx_word' id='word_1_42' title='bbox 782 1115 915 1201; x_wconf 90' lang='lat' dir='ltr'><strong>quando</strong></span> <span class='ocrx_word' id='word_1_43' title='bbox 935 1115 1104 1180; x_wconf 80' lang='lat' dir='ltr'><strong>Ecclesiae</strong></span> <span class='ocrx_word' id='word_1_44' title='bbox 1134 1116 1298 1180; x_wconf 86' lang='lat' dir='ltr'><strong>exultavit</strong></span> <span class='ocrx_word' id='word_1_45' title='bbox 1320 1127 1357 1180; x_wconf 89' lang='lat' dir='ltr'><strong>ut</strong></span> 
     </span>
     <span class='ocr_line' id='line_1_7' title="bbox 239 1212 1356 1299; baseline 0.002 -23"><span class='ocrx_word' id='word_1_46' title='bbox 239 1214 333 1298; x_wconf 83' lang='lat' dir='ltr'><strong>gigas</strong></span> <span class='ocrx_word' id='word_1_47' title='bbox 362 1213 406 1277; x_wconf 90' lang='lat' dir='ltr'><strong>ad</strong></span> <span class='ocrx_word' id='word_1_48' title='bbox 439 1212 636 1277; x_wconf 88' lang='lat' dir='ltr'><strong>currendam</strong></span> <span class='ocrx_word' id='word_1_49' title='bbox 666 1215 757 1276; x_wconf 91' lang='lat' dir='ltr'><strong>viam</strong></span> <span class='ocrx_word' id='word_1_50' title='bbox 792 1234 895 1296; x_wconf 90' lang='lat' dir='ltr'><strong>suam,</strong></span> <span class='ocrx_word' id='word_1_51' title='bbox 931 1214 1092 1298; x_wconf 86' lang='lat' dir='ltr'><strong>originem</strong></span> <span class='ocrx_word' id='word_1_52' title='bbox 1122 1213 1193 1299; x_wconf 88' lang='lat' dir='ltr'><strong>ejus</strong></span> <span class='ocrx_word' id='word_1_53' title='bbox 1223 1224 1255 1277; x_wconf 89' lang='lat' dir='ltr'><strong>et</strong></span> <span class='ocrx_word' id='word_1_54' title='bbox 1283 1233 1356 1298; x_wconf 91' lang='lat' dir='ltr'><strong>pro·</strong></span> 
     </span>
     <span class='ocr_line' id='line_1_8' title="bbox 241 1307 1356 1398; baseline 0 -23"><span class='ocrx_word' id='word_1_55' title='bbox 241 1313 450 1397; x_wconf 87' lang='lat' dir='ltr'><strong>pagationem</strong></span> <span class='ocrx_word' id='word_1_56' title='bbox 477 1309 626 1396; x_wconf 77' lang='lat' dir='ltr'><strong>Apostoli</strong></span> <span class='ocrx_word' id='word_1_57' title='bbox 648 1322 678 1374; x_wconf 87' lang='lat' dir='ltr'><strong>et</strong></span> <span class='ocrx_word' id='word_1_58' title='bbox 691 1311 913 1398; x_wconf 76' lang='lat' dir='ltr'><strong>anaqalt&#39;stoe</strong></span> <span class='ocrx_word' id='word_1_59' title='bbox 935 1307 1032 1376; x_wconf 91' lang='lat' dir='ltr'><strong>nobis</strong></span> <span class='ocrx_word' id='word_1_60' title='bbox 1055 1333 1097 1374; x_wconf 88' lang='lat' dir='ltr'><strong>ex</strong></span> <span class='ocrx_word' id='word_1_61' title='bbox 1120 1321 1214 1397; x_wconf 90' lang='lat' dir='ltr'><strong>parte</strong></span> <span class='ocrx_word' id='word_1_62' title='bbox 1237 1311 1356 1376; x_wconf 91' lang='lat' dir='ltr'><strong>descri-</strong></span> 
     </span>
     <span class='ocr_line' id='line_1_9' title="bbox 239 1407 1356 1494; baseline 0 -22"><span class='ocrx_word' id='word_1_63' title='bbox 239 1419 386 1494; x_wconf 89' lang='lat' dir='ltr'><strong>pserunt.</strong></span> <span class='ocrx_word' id='word_1_64' title='bbox 432 1407 558 1472; x_wconf 92' lang='lat' dir='ltr'><strong>Eorum</strong></span> <span class='ocrx_word' id='word_1_65' title='bbox 588 1409 690 1492; x_wconf 89' lang='lat' dir='ltr'><strong>igitur</strong></span> <span class='ocrx_word' id='word_1_66' title='bbox 718 1409 804 1491; x_wconf 87' lang='lat' dir='ltr'><strong>libri,</strong></span> <span class='ocrx_word' id='word_1_67' title='bbox 836 1411 935 1473; x_wconf 90' lang='lat' dir='ltr'><strong>etiam</strong></span> <span class='ocrx_word' id='word_1_68' title='bbox 966 1410 993 1473; x_wconf 91' lang='lat' dir='ltr'><strong>si</strong></span> <span class='ocrx_word' id='word_1_69' title='bbox 1024 1431 1044 1472; x_wconf 90' lang='lat' dir='ltr'><strong>a</strong></span> <span class='ocrx_word' id='word_1_70' title='bbox 1074 1407 1191 1474; x_wconf 86' lang='lat' dir='ltr'><strong>divina</strong></span> <span class='ocrx_word' id='word_1_71' title='bbox 1219 1411 1356 1494; x_wconf 89' lang='lat' dir='ltr'><strong>inspira·</strong></span> 
     </span>
     <span class='ocr_line' id='line_1_10' title="bbox 241 1506 1357 1593; baseline 0.001 -22"><span class='ocrx_word' id='word_1_72' title='bbox 241 1509 329 1572; x_wconf 90' lang='lat' dir='ltr'><strong>tione</strong></span> <span class='ocrx_word' id='word_1_73' title='bbox 349 1507 628 1593; x_wconf 88' lang='lat' dir='ltr'><strong>praescindimus‚</strong></span> <span class='ocrx_word' id='word_1_74' title='bbox 653 1516 866 1571; x_wconf 89' lang='lat' dir='ltr'><strong>monumenta</strong></span> <span class='ocrx_word' id='word_1_75' title='bbox 889 1517 966 1571; x_wconf 89' lang='lat' dir='ltr'><strong>sunt</strong></span> <span class='ocrx_word' id='word_1_76' title='bbox 995 1528 1122 1571; x_wconf 89' lang='lat' dir='ltr'><strong>summe</strong></span> <span class='ocrx_word' id='word_1_77' title='bbox 1145 1506 1294 1571; x_wconf 87' lang='lat' dir='ltr'><strong>veridica</strong></span> <span class='ocrx_word' id='word_1_78' title='bbox 1317 1529 1357 1572; x_wconf 92' lang='lat' dir='ltr'><strong>ac</strong></span> 
     </span>
     <span class='ocr_line' id='line_1_11' title="bbox 239 1604 1356 1692; baseline -0.001 -23"><span class='ocrx_word' id='word_1_79' title='bbox 239 1606 488 1692; x_wconf 90' lang='lat' dir='ltr'><strong>pretiosissima,</strong></span> <span class='ocrx_word' id='word_1_80' title='bbox 513 1604 635 1691; x_wconf 90' lang='lat' dir='ltr'><strong>quibus</strong></span> <span class='ocrx_word' id='word_1_81' title='bbox 658 1605 748 1689; x_wconf 88' lang='lat' dir='ltr'><strong>origo</strong></span> <span class='ocrx_word' id='word_1_82' title='bbox 764 1614 797 1668; x_wconf 89' lang='lat' dir='ltr'><strong>et</strong></span> <span class='ocrx_word' id='word_1_83' title='bbox 811 1606 921 1669; x_wconf 92' lang='lat' dir='ltr'><strong>missio</strong></span> <span class='ocrx_word' id='word_1_84' title='bbox 942 1605 1058 1669; x_wconf 90' lang='lat' dir='ltr'><strong>divina</strong></span> <span class='ocrx_word' id='word_1_85' title='bbox 1071 1604 1242 1668; x_wconf 79' lang='lat' dir='ltr'><strong>Ecclesiae</strong></span> <span class='ocrx_word' id='word_1_86' title='bbox 1265 1625 1356 1668; x_wconf 89' lang='lat' dir='ltr'><strong>enar·</strong></span> 
     </span>
     <span class='ocr_line' id='line_1_12' title="bbox 240 1702 1355 1789; baseline -0.001 -22"><span class='ocrx_word' id='word_1_87' title='bbox 240 1713 331 1767; x_wconf 87' lang='lat' dir='ltr'><strong>ratur</strong></span> <span class='ocrx_word' id='word_1_88' title='bbox 352 1712 453 1789; x_wconf 90' lang='lat' dir='ltr'><strong>atque</strong></span> <span class='ocrx_word' id='word_1_89' title='bbox 476 1703 635 1788; x_wconf 90' lang='lat' dir='ltr'><strong>probatur</strong></span> <span class='ocrx_word' id='word_1_90' title='bbox 657 1725 677 1766; x_wconf 98' lang='lat' dir='ltr'><strong>a</strong></span> <span class='ocrx_word' id='word_1_91' title='bbox 696 1702 834 1789; x_wconf 86' lang='lat' dir='ltr'><strong>testibus</strong></span> <span class='ocrx_word' id='word_1_92' title='bbox 850 1705 997 1785; x_wconf 89' lang='lat' dir='ltr'><strong>summis,</strong></span> <span class='ocrx_word' id='word_1_93' title='bbox 1011 1703 1118 1788; x_wconf 87' lang='lat' dir='ltr'><strong>iisque</strong></span> <span class='ocrx_word' id='word_1_94' title='bbox 1141 1704 1355 1786; x_wconf 76' lang='lat' dir='ltr'><strong>argumentis,</strong></span> 
     </span>
     <span class='ocr_line' id='line_1_13' title="bbox 239 1799 1356 1887; baseline -0.001 -22"><span class='ocrx_word' id='word_1_95' title='bbox 239 1812 277 1866; x_wconf 90' lang='lat' dir='ltr'><strong>ut</strong></span> <span class='ocrx_word' id='word_1_96' title='bbox 306 1801 388 1866; x_wconf 92' lang='lat' dir='ltr'><strong>nihil</strong></span> <span class='ocrx_word' id='word_1_97' title='bbox 418 1802 521 1887; x_wconf 82' lang='lat' dir='ltr'><strong>possit</strong></span> <span class='ocrx_word' id='word_1_98' title='bbox 551 1799 732 1869; x_wconf 84' lang='lat' dir='ltr'><strong>desiderari</strong></span> <span class='ocrx_word' id='word_1_99' title='bbox 762 1800 899 1883; x_wconf 86' lang='lat' dir='ltr'><strong>firmius,</strong></span> <span class='ocrx_word' id='word_1_100' title='bbox 931 1799 1068 1868; x_wconf 86' lang='lat' dir='ltr'><strong>solidius</strong></span> <span class='ocrx_word' id='word_1_101' title='bbox 1091 1799 1186 1871; x_wconf 87' lang='lat' dir='ltr'><strong>nihil.</strong></span> <span class='ocrx_word' id='word_1_102' title='bbox 1232 1799 1356 1864; x_wconf 90' lang='lat' dir='ltr'><strong>Notum</strong></span> 
     </span>
     <span class='ocr_line' id='line_1_14' title="bbox 240 1897 1356 1984; baseline 0 -22"><span class='ocrx_word' id='word_1_103' title='bbox 240 1908 351 1963; x_wconf 88' lang='lat' dir='ltr'><strong>tamen</strong></span> <span class='ocrx_word' id='word_1_104' title='bbox 375 1908 424 1962; x_wconf 89' lang='lat' dir='ltr'><strong>ost</strong></span> <span class='ocrx_word' id='word_1_105' title='bbox 446 1897 610 1980; x_wconf 89' lang='lat' dir='ltr'><strong>omnibus,</strong></span> <span class='ocrx_word' id='word_1_106' title='bbox 641 1919 708 1963; x_wconf 90' lang='lat' dir='ltr'><strong>non</strong></span> <span class='ocrx_word' id='word_1_107' title='bbox 731 1898 767 1963; x_wconf 90' lang='lat' dir='ltr'><strong>id</strong></span> <span class='ocrx_word' id='word_1_108' title='bbox 798 1901 920 1963; x_wconf 90' lang='lat' dir='ltr'><strong>sanctis</strong></span> <span class='ocrx_word' id='word_1_109' title='bbox 951 1897 1015 1962; x_wconf 89' lang='lat' dir='ltr'><strong>illis</strong></span> <span class='ocrx_word' id='word_1_110' title='bbox 1046 1899 1128 1962; x_wconf 86' lang='lat' dir='ltr'><strong>viris</strong></span> <span class='ocrx_word' id='word_1_111' title='bbox 1151 1899 1356 1984; x_wconf 91' lang='lat' dir='ltr'><strong>propositum</strong></span> 
     </span>
     <span class='ocr_line' id='line_1_15' title="bbox 240 1993 1356 2090; baseline 0.005 -31"><span class='ocrx_word' id='word_1_112' title='bbox 240 1995 358 2084; x_wconf 82' lang='lat' dir='ltr'><strong>fuisse,</strong></span> <span class='ocrx_word' id='word_1_113' title='bbox 377 2006 413 2059; x_wconf 90' lang='lat' dir='ltr'><strong>ut</strong></span> <span class='ocrx_word' id='word_1_114' title='bbox 436 1997 599 2080; x_wconf 88' lang='lat' dir='ltr'><strong>integram</strong></span> <span class='ocrx_word' id='word_1_115' title='bbox 622 1995 801 2082; x_wconf 85' lang='lat' dir='ltr'><strong>quamdam</strong></span> <span class='ocrx_word' id='word_1_116' title='bbox 815 1995 938 2066; x_wconf 82' lang='lat' dir='ltr'><strong>Christi</strong></span> <span class='ocrx_word' id='word_1_117' title='bbox 952 1995 1094 2077; x_wconf 68' lang='lat' dir='ltr'><strong>Domini,</strong></span> <span class='ocrx_word' id='word_1_118' title='bbox 1114 1993 1356 2090; x_wconf 63' lang='lat' dir='ltr'><strong>biographiam,</strong></span> 
     </span>
     <span class='ocr_line' id='line_1_16' title="bbox 240 2092 1356 2178; baseline 0.003 -23"><span class='ocrx_word' id='word_1_119' title='bbox 240 2094 294 2157; x_wconf 88' lang='lat' dir='ltr'><strong>vel</strong></span> <span class='ocrx_word' id='word_1_120' title='bbox 330 2093 527 2178; x_wconf 82' lang='lat' dir='ltr'><strong>completam</strong></span> <span class='ocrx_word' id='word_1_121' title='bbox 555 2095 720 2157; x_wconf 90' lang='lat' dir='ltr'><strong>nascentis</strong></span> <span class='ocrx_word' id='word_1_122' title='bbox 750 2093 920 2157; x_wconf 86' lang='lat' dir='ltr'><strong>Ecclesiae</strong></span> <span class='ocrx_word' id='word_1_123' title='bbox 956 2094 1127 2158; x_wconf 89' lang='lat' dir='ltr'><strong>historiam</strong></span> <span class='ocrx_word' id='word_1_124' title='bbox 1164 2092 1356 2159; x_wconf 90' lang='lat' dir='ltr'><strong>scriberent.</strong></span> 
     </span>
     <span class='ocr_line' id='line_1_17' title="bbox 240 2190 1358 2275; baseline 0 -19"><span class='ocrx_word' id='word_1_125' title='bbox 240 2192 379 2275; x_wconf 86' lang='lat' dir='ltr'><strong>Scripsit</strong></span> <span class='ocrx_word' id='word_1_126' title='bbox 402 2190 435 2256; x_wconf 83' lang='lat' dir='ltr'><strong>S.</strong></span> <span class='ocrx_word' id='word_1_127' title='bbox 459 2190 647 2255; x_wconf 85' lang='lat' dir='ltr'><strong>Matthaeus</strong></span> <span class='ocrx_word' id='word_1_128' title='bbox 670 2213 708 2254; x_wconf 90' lang='lat' dir='ltr'><strong>eo</strong></span> <span class='ocrx_word' id='word_1_129' title='bbox 740 2191 816 2275; x_wconf 87' lang='lat' dir='ltr'><strong>fine,</strong></span> <span class='ocrx_word' id='word_1_130' title='bbox 854 2202 890 2255; x_wconf 91' lang='lat' dir='ltr'><strong>ut</strong></span> <span class='ocrx_word' id='word_1_131' title='bbox 913 2191 1052 2257; x_wconf 89' lang='lat' dir='ltr'><strong>Judaeis</strong></span> <span class='ocrx_word' id='word_1_132' title='bbox 1087 2191 1283 2274; x_wconf 87' lang='lat' dir='ltr'><strong>ostenderet,</strong></span> <span class='ocrx_word' id='word_1_133' title='bbox 1319 2193 1358 2256; x_wconf 92' lang='lat' dir='ltr'><strong>in</strong></span> 
     </span>
     <span class='ocr_line' id='line_1_18' title="bbox 241 2287 1358 2376; baseline 0.002 -24"><span class='ocrx_word' id='word_1_134' title='bbox 241 2287 371 2352; x_wconf 85' lang='lat' dir='ltr'><strong>Christo</strong></span> <span class='ocrx_word' id='word_1_135' title='bbox 387 2290 546 2353; x_wconf 86' lang='lat' dir='ltr'><strong>vaticinia</strong></span> <span class='ocrx_word' id='word_1_136' title='bbox 565 2287 800 2373; x_wconf 89' lang='lat' dir='ltr'><strong>prophetarum</strong></span> <span class='ocrx_word' id='word_1_137' title='bbox 824 2311 895 2353; x_wconf 87' lang='lat' dir='ltr'><strong>esse</strong></span> <span class='ocrx_word' id='word_1_138' title='bbox 918 2288 1108 2373; x_wconf 87' lang='lat' dir='ltr'><strong>adimpleta.</strong></span> <span class='ocrx_word' id='word_1_139' title='bbox 1145 2289 1358 2376; x_wconf 86' lang='lat' dir='ltr'><strong>Scripserunt</strong></span> 
     </span>
     <span class='ocr_line' id='line_1_19' title="bbox 239 2369 1464 2472; baseline -0.002 -20"><span class='ocrx_word' id='word_1_140' title='bbox 239 2387 388 2469; x_wconf 88' lang='lat' dir='ltr'><strong>Marcus,</strong></span> <span class='ocrx_word' id='word_1_141' title='bbox 412 2385 538 2470; x_wconf 87' lang='lat' dir='ltr'><strong>Lucas,</strong></span> <span class='ocrx_word' id='word_1_142' title='bbox 562 2386 709 2454; x_wconf 79' lang='lat' dir='ltr'><strong>loannes</strong></span> <span class='ocrx_word' id='word_1_143' title='bbox 734 2385 856 2454; x_wconf 81' lang='lat' dir='ltr'><strong>Christi</strong></span> <span class='ocrx_word' id='word_1_144' title='bbox 879 2385 1017 2452; x_wconf 89' lang='lat' dir='ltr'><strong>Domini</strong></span> <span class='ocrx_word' id='word_1_145' title='bbox 1040 2386 1129 2452; x_wconf 78' lang='lat' dir='ltr'><strong>saon</strong></span> <span class='ocrx_word' id='word_1_146' title='bbox 1158 2395 1194 2450; x_wconf 91' lang='lat' dir='ltr'><strong>et</strong></span> <span class='ocrx_word' id='word_1_147' title='bbox 1213 2387 1356 2472; x_wconf 87' lang='lat' dir='ltr'><strong>eloquia,</strong></span> <span class='ocrx_word' id='word_1_148' title='bbox 1463 2369 1464 2387; x_wconf 44' lang='lat'>¹</span> 
     </span>
     <span class='ocr_line' id='line_1_20' title="bbox 240 2483 1356 2570; baseline 0 -22"><span class='ocrx_word' id='word_1_149' title='bbox 240 2483 299 2550; x_wconf 87' lang='lat' dir='ltr'><strong>sod</strong></span> <span class='ocrx_word' id='word_1_150' title='bbox 329 2505 366 2550; x_wconf 91' lang='lat' dir='ltr'><strong>eo</strong></span> <span class='ocrx_word' id='word_1_151' title='bbox 396 2486 506 2570; x_wconf 88' lang='lat' dir='ltr'><strong>potius</strong></span> <span class='ocrx_word' id='word_1_152' title='bbox 536 2506 646 2568; x_wconf 89' lang='lat' dir='ltr'><strong>scopo,</strong></span> <span class='ocrx_word' id='word_1_153' title='bbox 676 2494 714 2548; x_wconf 91' lang='lat' dir='ltr'><strong>ut</strong></span> <span class='ocrx_word' id='word_1_154' title='bbox 743 2487 845 2550; x_wconf 87' lang='lat' dir='ltr'><strong>menti</strong></span> <span class='ocrx_word' id='word_1_155' title='bbox 869 2484 1020 2552; x_wconf 88' lang='lat' dir='ltr'><strong>fidelium</strong></span> <span class='ocrx_word' id='word_1_156' title='bbox 1047 2483 1126 2550; x_wconf 76' lang='lat' dir='ltr'><strong>hac.</strong></span> <span class='ocrx_word' id='word_1_157' title='bbox 1145 2483 1277 2550; x_wconf 83' lang='lat' dir='ltr'><strong>facilius</strong></span> <span class='ocrx_word' id='word_1_158' title='bbox 1300 2483 1356 2550; x_wconf 90' lang='lat' dir='ltr'><strong>ob·</strong></span> 
     </span>
     <span class='ocr_line' id='line_1_21' title="bbox 240 2581 1357 2668; baseline 0.004 -24"><span class='ocrx_word' id='word_1_159' title='bbox 240 2592 466 2664; x_wconf 84' lang='lat' dir='ltr'><strong>versarentur,</strong></span> <span class='ocrx_word' id='word_1_160' title='bbox 497 2591 599 2668; x_wconf 88' lang='lat' dir='ltr'><strong>utque</strong></span> <span class='ocrx_word' id='word_1_161' title='bbox 629 2583 692 2667; x_wconf 91' lang='lat' dir='ltr'><strong>ipsi</strong></span> <span class='ocrx_word' id='word_1_162' title='bbox 723 2581 960 2648; x_wconf 83' lang='lat' dir='ltr'><strong>christianismi</strong></span> <span class='ocrx_word' id='word_1_163' title='bbox 995 2581 1207 2650; x_wconf 79' lang='lat' dir='ltr'><strong>divinitatem</strong></span> <span class='ocrx_word' id='word_1_164' title='bbox 1243 2603 1292 2646; x_wconf 70' lang='lat' dir='ltr'><strong>ax</strong></span> <span class='ocrx_word' id='word_1_165' title='bbox 1314 2583 1357 2648; x_wconf 84' lang='lat' dir='ltr'><strong>iis</strong></span> 
     </span>
     <span class='ocr_line' id='line_1_22' title="bbox 240 2665 1463 2766; baseline -0.002 -19"><span class='ocrx_word' id='word_1_166' title='bbox 240 2689 469 2764; x_wconf 82' lang='lat' dir='ltr'><strong>agnoscerent,</strong></span> <span class='ocrx_word' id='word_1_167' title='bbox 507 2701 607 2766; x_wconf 88' lang='lat' dir='ltr'><strong>quam</strong></span> <span class='ocrx_word' id='word_1_168' title='bbox 644 2687 681 2744; x_wconf 92' lang='lat' dir='ltr'><strong>ut</strong></span> <span class='ocrx_word' id='word_1_169' title='bbox 716 2681 958 2746; x_wconf 87' lang='lat' dir='ltr'><strong>enarrationem</strong></span> <span class='ocrx_word' id='word_1_170' title='bbox 994 2688 1183 2746; x_wconf 84' lang='lat' dir='ltr'><strong>accuratam</strong></span> <span class='ocrx_word' id='word_1_171' title='bbox 1206 2679 1358 2744; x_wconf 88' lang='lat' dir='ltr'><strong>omnium</strong></span> <span class='ocrx_word' id='word_1_172' title='bbox 1462 2665 1463 2693; x_wconf 58' lang='lat'>¹</span> 
     </span>
     <span class='ocr_line' id='line_1_23' title="bbox 240 2777 787 2864; baseline 0 -22"><span class='ocrx_word' id='word_1_173' title='bbox 240 2799 325 2864; x_wconf 88' lang='lat' dir='ltr'><strong>quae</strong></span> <span class='ocrx_word' id='word_1_174' title='bbox 347 2777 542 2844; x_wconf 86' lang='lat' dir='ltr'><strong>acciderunt</strong></span> <span class='ocrx_word' id='word_1_175' title='bbox 563 2786 787 2844; x_wconf 84' lang='lat' dir='ltr'><strong>contexerent.</strong></span> 
     </span>
    </p>

    <p class='ocr_par' dir='ltr' id='par_1_6' title="bbox 238 2873 1462 3447">
     <span class='ocr_line' id='line_1_24' title="bbox 328 2873 1462 2961; baseline 0.003 -23"><span class='ocrx_word' id='word_1_176' title='bbox 328 2875 359 2944; x_wconf 81' lang='lat'><strong>3.</strong></span> <span class='ocrx_word' id='word_1_177' title='bbox 383 2875 495 2944; x_wconf 85' lang='lat' dir='ltr'><strong>Etiam</strong></span> <span class='ocrx_word' id='word_1_178' title='bbox 531 2884 769 2961; x_wconf 82' lang='lat' dir='ltr'><strong>postestatem</strong></span> <span class='ocrx_word' id='word_1_179' title='bbox 797 2873 1032 2961; x_wconf 85' lang='lat' dir='ltr'><strong>Apostolorum</strong></span> <span class='ocrx_word' id='word_1_180' title='bbox 1068 2876 1138 2940; x_wconf 78' lang='lat' dir='ltr'><strong>vix,</strong></span> <span class='ocrx_word' id='word_1_181' title='bbox 1165 2874 1358 2941; x_wconf 77' lang='lat' dir='ltr'><strong>invenimus</strong></span> <span class='ocrx_word' id='word_1_182' title='bbox 1461 2937 1462 2948; x_wconf 71' lang='grc'>,</span> 
     </span>
     <span class='ocr_line' id='line_1_25' title="bbox 239 2971 1358 3059; baseline -0.004 -19"><span class='ocrx_word' id='word_1_183' title='bbox 239 2983 406 3055; x_wconf 87' lang='lat' dir='ltr'><strong>auctores,</strong></span> <span class='ocrx_word' id='word_1_184' title='bbox 450 2974 506 3059; x_wconf 90' lang='lat' dir='ltr'><strong>qui</strong></span> <span class='ocrx_word' id='word_1_185' title='bbox 549 2971 719 3038; x_wconf 85' lang='lat' dir='ltr'><strong>historiam</strong></span> <span class='ocrx_word' id='word_1_186' title='bbox 761 2973 917 3058; x_wconf 85' lang='lat' dir='ltr'><strong>aliquam.</strong></span> <span class='ocrx_word' id='word_1_187' title='bbox 934 2971 1105 3040; x_wconf 83' lang='lat' dir='ltr'><strong>Ecclesiae</strong></span> <span class='ocrx_word' id='word_1_188' title='bbox 1146 2971 1358 3038; x_wconf 83' lang='lat' dir='ltr'><strong>conscribere</strong></span> 
     </span>
     <span class='ocr_line' id='line_1_26' title="bbox 239 3067 1356 3157; baseline 0 -23"><span class='ocrx_word' id='word_1_189' title='bbox 239 3071 384 3156; x_wconf 86' lang='lat' dir='ltr'><strong>aggressi</strong></span> <span class='ocrx_word' id='word_1_190' title='bbox 409 3072 484 3139; x_wconf 89' lang='lat' dir='ltr'><strong>sint.</strong></span> <span class='ocrx_word' id='word_1_191' title='bbox 521 3070 723 3156; x_wconf 83' lang='lat' dir='ltr'><strong>Temporum</strong></span> <span class='ocrx_word' id='word_1_192' title='bbox 746 3071 904 3157; x_wconf 85' lang='lat' dir='ltr'><strong>adjuncta</strong></span> <span class='ocrx_word' id='word_1_193' title='bbox 926 3071 1087 3137; x_wconf 86' lang='lat' dir='ltr'><strong>rationem</strong></span> <span class='ocrx_word' id='word_1_194' title='bbox 1110 3067 1210 3155; x_wconf 86' lang='lat' dir='ltr'><strong>hujus</strong></span> <span class='ocrx_word' id='word_1_195' title='bbox 1233 3069 1356 3136; x_wconf 86' lang='lat' dir='ltr'><strong>silentii</strong></span> 
     </span>
     <span class='ocr_line' id='line_1_27' title="bbox 239 3167 1461 3253; baseline -0.003 -17"><span class='ocrx_word' id='word_1_196' title='bbox 239 3171 320 3236; x_wconf 86' lang='lat' dir='ltr'><strong>satis</strong></span> <span class='ocrx_word' id='word_1_197' title='bbox 342 3168 520 3253; x_wconf 87' lang='lat' dir='ltr'><strong>explicant.</strong></span> <span class='ocrx_word' id='word_1_198' title='bbox 567 3167 679 3248; x_wconf 81' lang='lat' dir='ltr'><strong>Quum</strong></span> <span class='ocrx_word' id='word_1_199' title='bbox 703 3170 792 3234; x_wconf 87' lang='lat' dir='ltr'><strong>enim</strong></span> <span class='ocrx_word' id='word_1_200' title='bbox 815 3168 966 3234; x_wconf 86' lang='lat' dir='ltr'><strong>Ecclesia</strong></span> <span class='ocrx_word' id='word_1_201' title='bbox 996 3189 1058 3253; x_wconf 90' lang='lat' dir='ltr'><strong>ope</strong></span> <span class='ocrx_word' id='word_1_202' title='bbox 1080 3177 1114 3232; x_wconf 88' lang='lat' dir='ltr'><strong>ct</strong></span> <span class='ocrx_word' id='word_1_203' title='bbox 1136 3167 1245 3233; x_wconf 84' lang='lat' dir='ltr'><strong>studio</strong></span> <span class='ocrx_word' id='word_1_204' title='bbox 1269 3168 1356 3232; x_wconf 88' lang='lat' dir='ltr'><strong>viro-</strong></span> <span class='ocrx_word' id='word_1_205' title='bbox 1460 3171 1461 3200; x_wconf 57' lang='lat' dir='ltr'><strong>l</strong></span> 
     </span>
     <span class='ocr_line' id='line_1_28' title="bbox 238 3265 1357 3350; baseline -0.001 -19"><span class='ocrx_word' id='word_1_206' title='bbox 238 3288 312 3336; x_wconf 88' lang='lat' dir='ltr'><strong>rum</strong></span> <span class='ocrx_word' id='word_1_207' title='bbox 342 3265 609 3350; x_wconf 81' lang='lat' dir='ltr'><strong>Apostolicorum</strong></span> <span class='ocrx_word' id='word_1_208' title='bbox 639 3274 719 3336; x_wconf 84' lang='lat' dir='ltr'><strong>tuno</strong></span> <span class='ocrx_word' id='word_1_209' title='bbox 748 3265 944 3331; x_wconf 86' lang='lat' dir='ltr'><strong>fundaretur</strong></span> <span class='ocrx_word' id='word_1_210' title='bbox 974 3275 1006 3328; x_wconf 91' lang='lat' dir='ltr'><strong>et</strong></span> <span class='ocrx_word' id='word_1_211' title='bbox 1035 3273 1288 3350; x_wconf 82' lang='lat' dir='ltr'><strong>propagaretur,</strong></span> <span class='ocrx_word' id='word_1_212' title='bbox 1321 3266 1357 3330; x_wconf 86' lang='lat' dir='ltr'><strong>in</strong></span> 
     </span>
     <span class='ocr_line' id='line_1_29' title="bbox 239 3359 1355 3447; baseline 0 -19"><span class='ocrx_word' id='word_1_213' title='bbox 239 3365 294 3430; x_wconf 90' lang='lat' dir='ltr'><strong>illo</strong></span> <span class='ocrx_word' id='word_1_214' title='bbox 318 3363 426 3431; x_wconf 89' lang='lat' dir='ltr'><strong>stadio</strong></span> <span class='ocrx_word' id='word_1_215' title='bbox 450 3362 573 3430; x_wconf 88' lang='lat' dir='ltr'><strong>laboris</strong></span> <span class='ocrx_word' id='word_1_216' title='bbox 597 3373 629 3426; x_wconf 92' lang='lat' dir='ltr'><strong>et</strong></span> <span class='ocrx_word' id='word_1_217' title='bbox 651 3364 792 3430; x_wconf 90' lang='lat' dir='ltr'><strong>actionis</strong></span> <span class='ocrx_word' id='word_1_218' title='bbox 809 3363 845 3430; x_wconf 87' lang='lat' dir='ltr'><strong>id</strong></span> <span class='ocrx_word' id='word_1_219' title='bbox 868 3365 966 3428; x_wconf 86' lang='lat' dir='ltr'><strong>unice</strong></span> <span class='ocrx_word' id='word_1_220' title='bbox 989 3361 1036 3429; x_wconf 91' lang='lat' dir='ltr'><strong>illi</strong></span> <span class='ocrx_word' id='word_1_221' title='bbox 1061 3363 1124 3428; x_wconf 91' lang='lat' dir='ltr'><strong>viri</strong></span> <span class='ocrx_word' id='word_1_222' title='bbox 1149 3359 1355 3447; x_wconf 85' lang='lat' dir='ltr'><strong>spectabant,</strong></span> 
     </span>
    </p>
   </div>
   <div class='ocr_carea' id='block_1_6' title="bbox 238 3459 1460 4036">
    <p class='ocr_par' dir='ltr' id='par_1_7' title="bbox 238 3459 1460 4036">
     <span class='ocr_line' id='line_1_30' title="bbox 239 3459 1460 3546; baseline -0.001 -20"><span class='ocrx_word' id='word_1_223' title='bbox 239 3473 276 3529; x_wconf 88' lang='lat' dir='ltr'><strong>ut</strong></span> <span class='ocrx_word' id='word_1_224' title='bbox 305 3483 418 3528; x_wconf 88' lang='lat' dir='ltr'><strong>omnes</strong></span> <span class='ocrx_word' id='word_1_225' title='bbox 448 3463 536 3529; x_wconf 84' lang='lat' dir='ltr'><strong>vires</strong></span> <span class='ocrx_word' id='word_1_226' title='bbox 564 3483 640 3526; x_wconf 87' lang='lat' dir='ltr'><strong>suas</strong></span> <span class='ocrx_word' id='word_1_227' title='bbox 670 3469 703 3526; x_wconf 85' lang='lat' dir='ltr'><strong>et</strong></span> <span class='ocrx_word' id='word_1_228' title='bbox 725 3481 825 3546; x_wconf 89' lang='lat' dir='ltr'><strong>opera</strong></span> <span class='ocrx_word' id='word_1_229' title='bbox 847 3460 1018 3526; x_wconf 85' lang='lat' dir='ltr'><strong>Ecclesiae</strong></span> <span class='ocrx_word' id='word_1_230' title='bbox 1047 3459 1305 3526; x_wconf 80' lang='lat' dir='ltr'><strong>confirmandae</strong></span> <span class='ocrx_word' id='word_1_231' title='bbox 1324 3471 1358 3526; x_wconf 87' lang='lat' dir='ltr'><strong>et</strong></span> <span class='ocrx_word' id='word_1_232' title='bbox 1459 3461 1460 3478; x_wconf 77' lang='lat'>³</span> 
     </span>
     <span class='ocr_line' id='line_1_31' title="bbox 239 3548 1358 3642; baseline -0.004 -15"><span class='ocrx_word' id='word_1_233' title='bbox 239 3548 428 3628; x_wconf 81' lang='lat' dir='ltr'><strong>dilatandae</strong></span> <span class='ocrx_word' id='word_1_234' title='bbox 451 3567 621 3641; x_wconf 86' lang='lat' dir='ltr'><strong>voverent,</strong></span> <span class='ocrx_word' id='word_1_235' title='bbox 651 3579 720 3624; x_wconf 89' lang='lat' dir='ltr'><strong>non</strong></span> <span class='ocrx_word' id='word_1_236' title='bbox 743 3580 820 3624; x_wconf 86' lang='lat' dir='ltr'><strong>vero</strong></span> <span class='ocrx_word' id='word_1_237' title='bbox 848 3559 883 3624; x_wconf 89' lang='lat' dir='ltr'><strong>id</strong></span> <span class='ocrx_word' id='word_1_238' title='bbox 913 3560 1108 3641; x_wconf 83' lang='lat' dir='ltr'><strong>cogitarunt,</strong></span> <span class='ocrx_word' id='word_1_239' title='bbox 1139 3567 1178 3622; x_wconf 88' lang='lat' dir='ltr'><strong>ut</strong></span> <span class='ocrx_word' id='word_1_240' title='bbox 1198 3555 1358 3642; x_wconf 68' lang='lat' dir='ltr'><strong>preclara</strong></span> 
     </span>
     <span class='ocr_line' id='line_1_32' title="bbox 239 3655 1459 3741; baseline -0.003 -19"><span class='ocrx_word' id='word_1_241' title='bbox 239 3679 299 3722; x_wconf 86' lang='lat' dir='ltr'><strong>sua</strong></span> <span class='ocrx_word' id='word_1_242' title='bbox 321 3656 409 3726; x_wconf 85' lang='lat' dir='ltr'><strong>facta</strong></span> <span class='ocrx_word' id='word_1_243' title='bbox 431 3655 549 3724; x_wconf 85' lang='lat' dir='ltr'><strong>litteris</strong></span> <span class='ocrx_word' id='word_1_244' title='bbox 579 3657 821 3740; x_wconf 85' lang='lat' dir='ltr'><strong>consignarent.</strong></span> <span class='ocrx_word' id='word_1_245' title='bbox 868 3656 944 3723; x_wconf 88' lang='lat' dir='ltr'><strong>Huc</strong></span> <span class='ocrx_word' id='word_1_246' title='bbox 973 3657 1116 3740; x_wconf 87' lang='lat' dir='ltr'><strong>pertinet</strong></span> <span class='ocrx_word' id='word_1_247' title='bbox 1138 3655 1228 3741; x_wconf 90' lang='lat' dir='ltr'><strong>quod</strong></span> <span class='ocrx_word' id='word_1_248' title='bbox 1252 3677 1291 3720; x_wconf 85' lang='lat' dir='ltr'><strong>ea</strong></span> <span class='ocrx_word' id='word_1_249' title='bbox 1314 3655 1358 3720; x_wconf 88' lang='lat' dir='ltr'><strong>de</strong></span> <span class='ocrx_word' id='word_1_250' title='bbox 1458 3725 1459 3738; x_wconf 46' lang='lat'><strong>,</strong></span> 
     </span>
     <span class='ocr_line' id='line_1_33' title="bbox 238 3753 1459 3841; baseline 0 -23"><span class='ocrx_word' id='word_1_251' title='bbox 238 3777 274 3818; x_wconf 89' lang='lat' dir='ltr'><strong>re</strong></span> <span class='ocrx_word' id='word_1_252' title='bbox 288 3756 444 3840; x_wconf 90' lang='lat' dir='ltr'><strong>antiquus</strong></span> <span class='ocrx_word' id='word_1_253' title='bbox 459 3756 602 3841; x_wconf 48' lang='lat' dir='ltr'><strong>scriptor¹</strong></span> <span class='ocrx_word' id='word_1_254' title='bbox 622 3753 864 3820; x_wconf 88' lang='lat' dir='ltr'><strong>ecclesiasticus</strong></span> <span class='ocrx_word' id='word_1_255' title='bbox 878 3755 1017 3820; x_wconf 79' lang='lat' dir='ltr'><strong>notavit</strong></span> <span class='ocrx_word' id='word_1_256' title='bbox 1069 3753 1212 3840; x_wconf 75' lang='lat' dir='ltr'><strong>Antiqui,</strong></span> <span class='ocrx_word' id='word_1_257' title='bbox 1236 3753 1357 3838; x_wconf 87' lang='lat' dir='ltr'><strong>inquit,</strong></span> <span class='ocrx_word' id='word_1_258' title='bbox 1458 3769 1459 3809; x_wconf 72' lang='grc' dir='ltr'>ι</span> 
     </span>
     <span class='ocr_line' id='line_1_34' title="bbox 239 3851 1358 3939; baseline 0 -23"><span class='ocrx_word' id='word_1_259' title='bbox 239 3851 319 3918; x_wconf 80' lang='lat' dir='ltr'><strong>nibil</strong></span> <span class='ocrx_word' id='word_1_260' title='bbox 342 3851 529 3931; x_wconf 56' lang='lat' dir='ltr'><strong>scatebant,</strong></span> <span class='ocrx_word' id='word_1_261' title='bbox 552 3877 591 3920; x_wconf 79' lang='lat' dir='ltr'><strong>aa</strong></span> <span class='ocrx_word' id='word_1_262' title='bbox 615 3862 734 3938; x_wconf 79' lang='lat' dir='ltr'><strong>tempus</strong></span> <span class='ocrx_word' id='word_1_263' title='bbox 763 3853 847 3939; x_wconf 78' lang='lat' dir='ltr'><strong>qaod</strong></span> <span class='ocrx_word' id='word_1_264' title='bbox 870 3851 1032 3920; x_wconf 75' lang='lat' dir='ltr'><strong>scribendo</strong></span> <span class='ocrx_word' id='word_1_265' title='bbox 1057 3862 1280 3931; x_wconf 75' lang='lat' dir='ltr'><strong>coassnnerast,</strong></span> <span class='ocrx_word' id='word_1_266' title='bbox 1304 3877 1358 3916; x_wconf 82' lang='lat' dir='ltr'><strong>aa·</strong></span> 
     </span>
     <span class='ocr_line' id='line_1_35' title="bbox 239 3949 1458 4036; baseline 0 -23"><span class='ocrx_word' id='word_1_267' title='bbox 239 3951 394 4020; x_wconf 61' lang='lat' dir='ltr'><strong>carradae</strong></span> <span class='ocrx_word' id='word_1_268' title='bbox 408 3950 545 4017; x_wconf 63' lang='lat' dir='ltr'><strong>attotam</strong></span> <span class='ocrx_word' id='word_1_269' title='bbox 556 3949 759 4016; x_wconf 80' lang='lat' dir='ltr'><strong>instructioni</strong></span> <span class='ocrx_word' id='word_1_270' title='bbox 772 3949 996 4029; x_wconf 59' lang='lat' dir='ltr'><strong>maslerant,</strong></span> <span class='ocrx_word' id='word_1_271' title='bbox 1011 3961 1041 4014; x_wconf 86' lang='lat' dir='ltr'><strong>ct</strong></span> <span class='ocrx_word' id='word_1_272' title='bbox 1062 3952 1246 4036; x_wconf 74' lang='lat' dir='ltr'><strong>requisitum</strong></span> <span class='ocrx_word' id='word_1_273' title='bbox 1259 3951 1360 4014; x_wconf 79' lang='lat' dir='ltr'><strong>otiam</strong></span> <span class='ocrx_word' id='word_1_274' title='bbox 1457 4003 1458 4022; x_wconf 69' lang='lat'><strong>,</strong></span> 
     </span>
    </p>
   </div>
   <div class='ocr_carea' id='block_1_7' title="bbox 238 4105 1359 4278">
    <p class='ocr_par' dir='ltr' id='par_1_8' title="bbox 238 4105 1359 4278">
     <span class='ocr_line' id='line_1_36' title="bbox 315 4105 1359 4176; baseline 0 -16"><span class='ocrx_word' id='word_1_275' title='bbox 315 4106 335 4174; x_wconf 87' lang='lat'><strong>¹)</strong></span> <span class='ocrx_word' id='word_1_276' title='bbox 353 4105 456 4176; x_wconf 78' lang='lat' dir='ltr'><strong>Magna</strong></span> <span class='ocrx_word' id='word_1_277' title='bbox 473 4121 506 4160; x_wconf 86' lang='lat' dir='ltr'><strong>ax</strong></span> <span class='ocrx_word' id='word_1_278' title='bbox 528 4111 607 4174; x_wconf 83' lang='lat' dir='ltr'><strong>parte</strong></span> <span class='ocrx_word' id='word_1_279' title='bbox 625 4121 684 4173; x_wconf 84' lang='lat' dir='ltr'><strong>quse</strong></span> <span class='ocrx_word' id='word_1_280' title='bbox 702 4110 852 4173; x_wconf 90' lang='lat' dir='ltr'><strong>sequuntur</strong></span> <span class='ocrx_word' id='word_1_281' title='bbox 870 4111 967 4160; x_wconf 83' lang='lat' dir='ltr'><strong>exacta</strong></span> <span class='ocrx_word' id='word_1_282' title='bbox 988 4111 1053 4161; x_wconf 87' lang='lat' dir='ltr'><strong>sunt</strong></span> <span class='ocrx_word' id='word_1_283' title='bbox 1077 4106 1111 4160; x_wconf 81' lang='lat' dir='ltr'><strong>ad</strong></span> <span class='ocrx_word' id='word_1_284' title='bbox 1134 4122 1167 4161; x_wconf 87' lang='lat' dir='ltr'><strong>ea</strong></span> <span class='ocrx_word' id='word_1_285' title='bbox 1190 4121 1249 4173; x_wconf 80' lang='lat' dir='ltr'><strong>quse</strong></span> <span class='ocrx_word' id='word_1_286' title='bbox 1273 4105 1359 4175; x_wconf 73' lang='lat' dir='ltr'><strong>scrip</strong></span> 
     </span>
     <span class='ocr_line' id='line_1_37' title="bbox 238 4183 1359 4278; baseline 0.002 -40"><span class='ocrx_word' id='word_1_287' title='bbox 238 4183 276 4239; x_wconf 88' lang='lat' dir='ltr'><strong>sit</strong></span> <span class='ocrx_word' id='word_1_288' title='bbox 299 4183 393 4278; x_wconf 78' lang='lat' dir='ltr'><strong>lllmns</strong></span> <span class='ocrx_word' id='word_1_289' title='bbox 420 4183 529 4252; x_wconf 84' lang='lat' dir='ltr'><strong>Hefsle,</strong></span> <span class='ocrx_word' id='word_1_290' title='bbox 559 4183 724 4253; x_wconf 59' lang='lat' dir='ltr'><strong>malbarget</strong></span> <span class='ocrx_word' id='word_1_291' title='bbox 746 4183 979 4254; x_wconf 81' lang='lat' dir='ltr'><strong>Kirehsnlaxloon,</strong></span> <span class='ocrx_word' id='word_1_292' title='bbox 1004 4187 1035 4240; x_wconf 91' lang='grc' dir='ltr'><strong>Β.</strong></span> <span class='ocrx_word' id='word_1_293' title='bbox 1058 4183 1107 4241; x_wconf 77' lang='lat' dir='ltr'><strong>vt</strong></span> <span class='ocrx_word' id='word_1_294' title='bbox 1137 4187 1197 4242; x_wconf 79' lang='lat' dir='ltr'><strong>Art</strong></span> <span class='ocrx_word' id='word_1_295' title='bbox 1224 4185 1359 4240; x_wconf 85' lang='lat' dir='ltr'><strong>Kirchen·</strong></span> 
     </span>
    </p>
   </div>
   <div class='ocr_carea' id='block_1_8' title="bbox 238 4263 401 4332">
    <p class='ocr_par' dir='ltr' id='par_1_9' title="bbox 238 4263 401 4332">
     <span class='ocr_line' id='line_1_38' title="bbox 238 4263 401 4332; baseline 0 0"><span class='ocrx_word' id='word_1_296' title='bbox 238 4263 401 4332; x_wconf 58' lang='lat' dir='ltr'><strong>ammata</strong></span> 
     </span>
    </p>
   </div>
   <div class='ocr_carea' id='block_1_9' title="bbox 0 0 1472 4814">
    <p class='ocr_par' dir='ltr' id='par_1_10' title="bbox 0 0 1472 4814">
     <span class='ocr_line' id='line_1_39' title="bbox 0 0 1472 4814; baseline 0 0"><span class='ocrx_word' id='word_1_297' title='bbox 0 0 1472 4814; x_wconf 95' lang='lat' dir='ltr'><strong> </strong></span> 
     </span>
    </p>
   </div>
  </div>
 </body>
</html>
