2908 4828
483 443 591 512 Epochs
609 443 701 498 tertia.
1137 445 1169 496 17

58 609 101 646 rc>
129 595 240 668 gestas
275 585 509 668 describerent,
538 583 704 650 Ceratae-ies
727 607 824 649 suum
848 607 930 669 opus
952 585 1168 670 appellarunt.

58 683 172 746 llarum
207 681 446 748 centuriarum
478 684 638 748 tredecim
670 683 746 747 libri
770 685 805 746 in
837 681 944 746 lucem
968 683 1048 746 editi
1082 693 1167 748 sunt.

56 781 205 844 ‚luctores
230 781 337 864 igitur
359 781 406 846 illi
434 790 651 866 protestantes
675 780 765 844 haud
796 781 917 864 exigua
940 779 1074 865 quidem
1098 802 1167 843 eru-

54 876 178 958 ditione,
203 877 266 942 sed
292 879 390 943 simul
415 901 490 942 eum
514 878 804 945 vehementissimo
829 877 904 940 edio
928 878 963 940 in
981 875 1166 940 Ecclesiam

55 995 125 1056 opus
157 975 391 1058 coniecerunt,
425 999 490 1061 quo
523 977 713 1040 universam
746 975 917 1038 historiam
950 971 1167 1038 falsificarunt

54 1082 80 1128 ct
101 1081 212 1136 centn
246 1071 430 1138 catholicos
462 1095 482 1136 a
505 1095 583 1136 vero
617 1073 834 1137 detorserunt.
881 1070 944 1134 Vel
976 1073 1039 1156 ipsi
1062 1079 1166 1156 prote-

56 1179 166 1230 stantes
196 1172 409 1254 posteriores,
433 1179 469 1234 ut
493 1169 593 1252 Cave,
618 1167 820 1248 Schroeekh,
845 1168 1009 1248 Stendlin,
1033 1167 1166 1232 fraudes

55 1265 315 1330 l'euturiatorum
339 1277 534 1351 agnoscunt,
559 1276 591 1331 et
604 1267 647 1332 ab
662 1268 742 1353 ipsis
764 1265 865 1330 multa
888 1267 1013 1348 emissa,
1032 1276 1167 1350 peccata

57 1361 151 1438 trulla,
158 1363 254 1448 salse
270 1367 420 1452 exposita
435 1364 549 1444 malta,
565 1365 718 1429 latentur.
744 1362 974 1448 Quetempere
986 1383 1063 1425 vero
1077 1361 1166 1425 volu-

57 1459 133 1520 mina
159 1472 401 1546 apparuerunt,
433 1460 547 1546 plenis
589 1461 705 1526 buccis
745 1459 950 1546 triumphum
992 1469 1166 1524 cantarunt

58 1551 217 1638 haeretiei,
243 1558 464 1645 devictosque
488 1561 588 1624 etiam
610 1558 653 1623 ab
678 1559 750 1644 ipsa
773 1558 910 1622 historia
928 1557 1069 1620 Romani
1083 1557 1165 1620 Pon-

56 1651 140 1714 titicis
162 1656 320 1739 asseclas,
346 1656 604 1722 conclamarunt.

133 1750 183 1816 21.
208 1753 256 1817 At
281 1776 352 1819 non
387 1753 493 1818 defuit
525 1754 641 1818 divina
671 1754 880 1839 providentia
913 1753 1012 1816 etiam
1044 1753 1080 1815 in
1102 1751 1166 1814 hac
1228 1759 1301 1800 rona

58 1867 83 1904 rc
98 1845 274 1934 Ecclesiae,
288 1852 543 1936 conjunctisque
556 1851 730 1915 haereticis
744 1849 897 1935 opposuit
919 1849 1027 1911 virum
1052 1870 1165 1929 unum,

59 1945 103 2023 qui
127 1956 264 2012 cenatus
288 1950 428 2012 istorum
453 1948 624 2012 hominum
646 1948 742 2030 elisit,
766 1956 865 2032 atque
889 1945 932 2008 ad
955 1943 1095 2009 nihilum
1119 1966 1165 2008 re·

57 2037 142 2122 degit.
169 2041 292 2109 Caesar
301 2045 475 2124 Baroaias,
483 2045 623 2110 Romani
635 2045 777 2110 Oratorii
789 2042 941 2109 sacerdos
955 2041 995 2105 ae
1008 2052 1122 2126 postea
1131 2042 1164 2106 S.

61 2134 131 2201 ltu.
144 2137 345 2224 Cardinalis,
357 2164 516 2226 magnum
527 2142 609 2206 illud
624 2143 791 2226 negotium
806 2141 957 2204 hortante
968 2140 1000 2205 S.
1011 2139 1164 2226 Philippo

58 2230 142 2298 Nerio
165 2242 324 2326 suscepit,
350 2248 388 2303 ut
402 2238 667 2304 Centuriatorum
691 2240 848 2304 refutaret
869 2238 1051 2302 calumnias
1073 2259 1164 2302 vcra-

60 2351 181 2416 rcmqne
195 2335 360 2401 Ecclesiae
384 2337 554 2402 historiam
579 2345 739 2401 exararet.
786 2335 924 2401 Saeculo
953 2337 1053 2419 igitur
1080 2334 1164 2398 XVI

62 2423 176 2494 labente
209 2456 294 2520 opus
328 2433 412 2498 illud
445 2436 479 2499 in
511 2444 708 2520 perpetuum
741 2433 990 2496 celeberrimum
1023 2433 1163 2518 scripsit,

61 2525 103 2585 cni
124 2527 264 2596 Annales
289 2531 498 2596 ecclesiastici
526 2554 646 2596 nomeu
670 2540 734 2612 est,
758 2553 798 2595 ac
828 2530 1004 2594 duodecim
1027 2529 1163 2592 volumi-

61 2619 144 2684 nibus
166 2625 347 2693 duodecim
387 2628 592 2693 saeculorum
629 2628 799 2692 historiam
832 2629 957 2712 ingenti
991 2627 1100 2690 studio
1124 2649 1163 2690 ac

61 2713 156 2783 labere
179 2724 376 2790 elaboravit.
422 2727 497 2790 Non
530 2725 634 2790 selum
669 2747 797 2788 summa
821 2747 897 2788 cum
924 2723 1107 2788 eruditione
1132 2732 1163 2786 et

61 2811 200 2882 tidclitate
222 2825 257 2888 in
283 2823 351 2886 hoc
373 2845 470 2909 opere
494 2822 663 2887 Ecclesiae
695 2823 762 2886 fata
786 2833 916 2887 enarrat
938 2829 971 2884 et
995 2820 1163 2884 Centuria-

63 2920 133 2974 tems
163 2919 291 3002 refellit,
327 2920 386 2984 sed
419 2923 520 2986 etiam
544 2923 717 2984 innumera
750 2921 779 2982 ei
803 2920 942 2984 inseruit
965 2918 1162 2981 documenta

62 3005 179 3094 inedita,
202 3037 244 3080 ex
269 3017 432 3082 archiviis
464 3018 696 3086 ecclesiasticis
719 3017 859 3103 aliisque
889 3015 1092 3101 deprompta,
1117 3017 1162 3078 ita

64 3116 91 3162 ut
112 3107 181 3173 inde
204 3137 340 3200 quoque
372 3136 536 3178 summum
568 3117 711 3200 pretium
735 3114 842 3180 eidem
870 3111 1016 3180 accedat.
1064 3111 1162 3192 Quod

61 3211 156 3266 autem
178 3231 261 3276 nnus
286 3213 355 3293 vir,
379 3209 514 3298 (etenim
537 3212 704 3298 adjutores
727 3213 889 3278 Baronius
921 3232 988 3275 non
1020 3205 1161 3294 habuit)

62 3303 159 3364 crucia
179 3307 238 3372 ista
262 3318 432 3395 praestare
461 3311 617 3394 potuerit,
652 3311 686 3374 id
718 3310 943 3395 prodigiosum
976 3329 1091 3371 revera
1115 3307 1160 3370 di-

63 3395 186 3464 l⁴¹11dum
208 3417 268 3486 est,
295 3427 358 3470 nee
381 3404 515 3470 aliunde
530 3405 723 3492 explicatur,
738 3409 801 3472 nisi
820 3407 908 3494 quod
931 3408 1002 3491 ipse
1027 3405 1160 3490 quidem

63 3509 157 3594 umore
186 3499 357 3567 Ecclesiae
380 3505 524 3588 percitus
548 3525 661 3567 omnes
681 3506 833 3568 acerrimi
859 3506 908 3567 rui
933 3502 1058 3586 ingenii
1074 3503 1160 3564 vires

65 3591 227 3682 intenderit,
243 3621 451 3685 aeneamque
469 3599 660 3664 adhibuerit
672 3603 866 3686 patientiam
882 3612 914 3664 et
937 3599 1158 3682 diligentiam3

68 3679 142 3750 licus
164 3713 249 3780 vcro,
276 3698 372 3782 cujus
405 3719 539 3762 eausam
563 3699 770 3780 defendebat,
794 3697 961 3783 peculiare
984 3697 1046 3780 ipsi
1070 3717 1159 3778 prae-

65 3791 149 3847 staret
167 3791 205 3855 ad
228 3793 342 3858 hostes
365 3793 578 3858 debellandos
601 3795 773 3860 auxilium.
806 3833 849 3842 -—
881 3795 1054 3858 Eximium
1078 3814 1159 3877 epus

67 3873 179 3949 Barenii
201 3893 439 3956 continuarunt
462 3891 572 3977 plures
603 3895 666 3956 viri
697 3893 888 3974 doctissimi,
920 3889 1075 3954 videlieet
1096 3889 1158 3954 Ab·

67 3975 190 4049 ruarmo,
209 3989 347 4054 Bactrius
360 3987 514 4071 Pelonus,
532 3991 686 4054 Hearicas
700 3989 890 4076 spondam
913 3985 1038 4066 Gallus,
1067 3987 1158 4052 Olde-

69 4071 326 4150 econamum
348 4095 381 4150 et
394 4085 535 4150 Jacchcs
551 4087 728 4150 Laderclras
751 4085 843 4168 Itali3
872 4085 1050 4170 Spondaue
1074 4087 1159 4149 inter

69 4161 117 4230 hos
129 4183 283 4248 meximas
297 4181 414 4248 laudes
436 4182 636 4248 tribuuntur.
669 4183 796 4247 Nostris
819 4181 937 4246 diebus
951 4181 1158 4264 Augustinus

112 4277 221 4340 ’ur-2
236 4291 414 4334 meacm
1035 4287 1053 4339 2
