2790 4812
197 487 250 540 428
507 489 546 542 De
564 489 715 544 Anauismo
733 505 765 543 ac
782 491 815 543 de
833 490 911 544 Gonc.
929 489 1054 542 Mesene.

198 651 312 694 omnes
334 631 514 696 Praesules.
562 632 674 712 Quum
705 653 782 696 vero
814 630 908 696 multi
936 633 1081 717 episcopi
1113 633 1143 694 ei
1178 631 1315 695 obtulis-

199 736 271 792 sent
292 727 420 792 libellos
449 729 590 814 querelis
618 731 752 794 insuar
787 729 929 814 collegas
958 729 1105 811 refertos,
1129 729 1318 814 Imperator

199 824 382 910 respondit:
407 825 491 890 Istae
514 830 729 892 commotiones
757 839 875 914 tempus
907 827 1031 914 quidem
1053 827 1115 890 sibi
1132 827 1317 912 praexrip-

200 936 264 988 tam
286 924 408 1002 habeat,
432 927 539 1010 mopsi
553 923 672 1015 judicu
704 927 804 1007 dicm;
828 925 969 1015 jstdlcem
990 945 1062 988 vcro
1085 945 1153 987 cum
1174 927 1232 1008 qui
1254 947 1317 986 om·

199 1045 254 1088 oss
278 1021 483 1112 judicatum
515 1033 570 1088 est.
617 1025 700 1087 Mitt
729 1047 801 1088 vcro
834 1045 901 1086 acm
932 1024 1019 1085 borno
1052 1023 1120 1101 dm,
1152 1021 1248 1108 uorsus
1271 1031 1318 1082 est

199 1120 376 1210 hujusmodi
397 1143 501 1184 rerum
524 1123 727 1207 cognitionem
758 1123 835 1184 mitt
857 1141 1021 1206 tempere,
1045 1141 1112 1182 cum
1135 1129 1165 1181 et
1188 1120 1245 1204 qui
1268 1141 1317 1180 cc·

200 1228 310 1283 curant
333 1227 363 1281 ct
385 1220 440 1302 qai
462 1229 650 1282 accusantur
672 1220 848 1282 sacerdotes
871 1220 934 1282 sint
942 1217 975 1303 ¹).
1022 1215 1216 1280 Generatim
1234 1213 1317 1278 Ocn-

201 1317 364 1380 stantinus
387 1337 454 1380 non
477 1315 540 1380 sibi
564 1319 730 1400 arrogavit
759 1319 882 1402 primas
908 1323 1018 1402 partes
1041 1315 1076 1377 in
1099 1312 1319 1398 disponendis

200 1412 299 1476 rebus
323 1412 399 1476 fidei
424 1423 456 1476 et
478 1413 657 1496 Ecclesiae,
681 1437 742 1478 nec
763 1437 801 1479 eo
824 1421 974 1500 spectant
997 1411 1100 1476 verba
1123 1411 1194 1495 ejus
1219 1412 1319 1473 notis·

202 1511 295 1592 sima,
319 1531 354 1573 se
374 1531 444 1574 esse
458 1513 649 1598 Episcopum
664 1523 835 1591 catenam,
850 1511 939 1598 quod
953 1510 1114 1594 gubernio
1129 1529 1186 1572 suo
1201 1505 1319 1571 Eccle-

202 1609 285 1672 siam
309 1607 471 1692 subjicere
504 1610 654 1674 voluerit.
701 1611 767 1675 Sed
800 1610 946 1673 officium
979 1617 1012 1670 et
1043 1625 1164 1670 munus
1190 1613 1320 1690 pretec-

202 1707 301 1770 tionis
324 1705 492 1770 Ecclesiae
516 1729 555 1771 ac
578 1708 746 1791 religionis
775 1710 846 1792 ipse
869 1708 984 1770 merito
1009 1704 1170 1788 suscepit3
1196 1703 1317 1787 quodsi

203 1802 369 1868 interdum
392 1803 478 1868 ultra
504 1803 624 1869 limites
654 1825 844 1892 progressus
875 1812 924 1868 est
951 1825 990 1867 sc
1013 1802 1188 1867 haereticis
1213 1809 1321 1886 patro·

203 1903 328 1965 ciuium
364 1903 545 1986 praestitit,
584 1903 619 1966 id
655 1905 764 1988 potius
801 1901 917 1987 crdpae
956 1900 1152 1964 venandum
1185 1899 1322 1984 quibus-

204 1998 279 2063 dam
304 1999 476 2084 episcopis,
500 2009 537 2062 ut
568 1999 712 2064 Eusebio
736 1999 982 2064 Nicomediensi
1015 1998 1163 2082 aliisque,
1189 1998 1250 2081 qui
1275 1998 1321 2060 in·

204 2097 297 2161 fluxu
321 2118 379 2160 suo
403 2120 423 2160 a
446 2107 534 2160 recto
558 2100 689 2161 tramite
712 2098 948 2183 Imperatorem
971 2091 1231 2178 retrahebant2).

293 2219 346 2286 90.
370 2217 438 2284 Alii
463 2221 597 2308 quidem
621 2231 770 2286 auctores
794 2219 985 2286 Alexandro
1002 2217 1244 2302 Alexandrino,
1270 2215 1323 2282 vel

204 2317 378 2384 Eustathio
395 2317 602 2382 Antiocheno
623 2319 789 2404 episcope,
815 2318 868 2382 vel
891 2320 1022 2404 utrique
1046 2315 1235 2380 alternatim
1261 2313 1322 2402 (uti

205 2413 390 2502 Schrbckh)
415 2415 599 2480 attribuunt
622 2417 878 2501 praesidentiam
903 2411 1054 2480 Concilii.
1101 2413 1167 2478 Sed
1192 2413 1322 2478 nullum

205 2513 303 2599 hujus
336 2514 500 2598 opinionis
533 2523 581 2577 est
613 2513 753 2578 solidum
784 2513 1046 2596 fundamentum,
1071 2511 1228 2597 quamvis
1251 2531 1322 2596 pro·

205 2610 359 2676 habiliter
381 2608 416 2673 hi
441 2612 587 2696 episcopi
611 2621 684 2697 post
703 2611 845 2676 Hosium
869 2619 900 2674 et
922 2609 1088 2674 Romanos
1110 2605 1322 2694 presbyteros

205 2710 303 2774 rebus
326 2709 361 2774 in
386 2707 533 2772 Concilio
558 2709 751 2774 ordinandis
784 2719 817 2772 et
839 2709 992 2794 gerendis
1016 2705 1236 2793 praefuerint,
1260 2705 1322 2790 pri-

207 2829 341 2893 masque
357 2810 392 2871 in
405 2805 456 2870 his
471 2815 580 2892 partes
597 2805 783 2872 habuerint.
808 2805 847 2870 ld
862 2807 949 2870 enim
965 2805 1008 2870 ad
1018 2825 1185 2868 summum
1201 2824 1246 2866 ex
1255 2803 1323 2888 qui

204 2905 345 2970 busdam
379 2906 650 2971 documentorum
683 2913 715 2969 et
738 2911 909 2969 auctorum
941 2903 1151 2988 antiquorum
1175 2899 1323 2964 textibus

210 3091 416 3102 annu—-n--a-

282 3213 301 3285 1)
320 3213 420 3268 Senem.
439 3213 472 3267 H.
492 3213 523 3268 E.
543 3209 560 3266 l
579 3227 601 3267 e.
620 3207 709 3265 xvu.

282 3293 302 3365 ἢ
322 3294 508 3364 Opportunum
536 3297 578 3346 est
604 3295 699 3344 notare
719 3302 787 3354 quae
804 3283 936 3341 Eusebius
960 3285 993 3339 de
1011 3279 1108 3339 celebri
1127 3283 1174 3338 illo
1194 3283 1324 3337 Constan-

208 3375 261 3430 tini
280 3373 362 3428 effato
381 3373 471 3429 habet.
496 3373 643 3438 Postquam
661 3367 694 3423 de
711 3369 780 3422 Vita
798 3363 970 3421 Constantini
988 3365 1019 3420 L.
1038 3363 1087 3421 IV.
1106 3379 1128 3418 a
1148 3362 1248 3418 xxm
1265 3377 1324 3417 ncr-

208 3455 294 3511 ravit:
323 3453 458 3521 Quomodo
486 3453 616 3508 idolorum
643 3450 746 3504 cultum
778 3446 924 3514 prohibuit,
955 3446 1106 3512 Martyrum
1132 3449 1228 3498 sutem
1255 3443 1325 3498 fars

208 3534 363 3600 honoraria
383 3535 472 3602 capite
489 3529 733 3597 xxivsequitur:
759 3527 834 3595 Quod
853 3542 942 3581 rerum
960 3530 1133 3580 externarum
1151 3523 1231 3591 quasi
1259 3523 1324 3590 epis·

209 3631 303 3685 copum
320 3629 349 3669 cc
367 3629 425 3668 esso
444 3613 514 3667 dixit
538 3612 590 3679 (ὅτι
616 3615 670 3662 τῶν
693 3610 742 3673 ἔξω
761 3605 931 3678 πραγμάτων
950 3606 1038 3674 ὥσπερ
1058 3605 1210 3656 ἐπίσκοπον
1229 3602 1324 3657 tuende

210 3695 285 3750 εἶπεν
313 3693 401 3760 εἶναι).
440 3693 585 3760 „Quocirca
611 3706 666 3745 non
693 3687 824 3752 absurde,
852 3702 913 3740 cum
935 3685 1071 3754 episcopos
1101 3681 1249 3750 aliquando
1268 3698 1324 3736 con·

210 3775 284 3830 rivio
303 3775 450 3844 exciperet,
470 3787 498 3828 se
517 3787 621 3839 quoqne
649 3770 801 3837 episcopum
828 3781 886 3821 esse
904 3765 981 3830 uixit
1009 3763 1052 3818 his
1078 3763 1135 3818 tere
1153 3761 1247 3817 verbis
1262 3777 1324 3830 usus

211 3855 287 3911 nobis
314 3854 513 3924 praesentibus:
542 3851 596 3906 Vos
615 3849 730 3916 quidem,
757 3847 855 3914 inquit,
882 3844 964 3899 iniis
982 3857 1050 3910 quse
1077 3843 1153 3897 inu·
1178 3842 1323 3896 Ecclesiam

210 3941 275 3992 sunt
293 3933 410 4004 episcopi
428 3934 503 3989 estis.
540 3933 600 4000 Ego
624 3945 689 3984 vero
713 3929 741 3982 in
764 3927 797 3980 iis
816 3939 885 3994 quae
902 3929 982 3980 extra
998 3927 1134 3993 geruntur
1151 3921 1325 3990 episcopus·

211 4017 267 4072 Deo
285 4031 345 4070 sum
363 4015 535 4070 constitutus.
555 4011 637 4080 (Ἐγώ
655 4009 684 4060 δέ
703 4012 757 4060 τῶν
775 4007 848 4064 ἐκτὸς
860 4004 915 4057 ὑπὸ
931 4007 1002 4058 Θεοῦ
1020 4005 1233 4070 καθεσταμένος,
1251 4003 1323 4054 tatu-

211 4114 293 4153 κοπος
311 4095 346 4147 ἄν
365 4095 442 4162 εἴην.)
479 4095 575 4159 Itaque
593 4088 705 4143 consilia
718 4086 825 4154 capiens
843 4083 924 4139 dietis
939 4081 1124 4150 congruentia
1144 4095 1237 4136 omnes
1247 4081 1323 4147 impe

211 4175 251 4229 rio
270 4185 318 4228 sue
336 4173 468 4242 subjmtos
487 4168 630 4240 episcopali
647 4165 834 4222 sollicitudine·
844 4161 1015 4232 gubernabat
1032 4161 1205 4230 (ἐπεσκόπει),
1225 4167 1254 4216 ct
1271 4157 1324 4226 qni·

211 4256 373 4321 beccumque
391 4252 475 4307 modis
492 4255 607 4320 poteret
625 4255 659 4302 ut
675 4261 767 4301 reram
785 4245 915 4313 pietatem
932 4244 1151 4298 consectarentur
1170 4240 1324 4296 inciumu‘
