2936 4814
474 478 676 552 Argmnnntmn
693 463 828 553 generale
1171 460 1209 532 3⁷⁴

91 617 167 690 haec
189 647 261 690 esse
285 625 382 691 falsa.
429 625 573 712 Intelligi
599 627 734 712 quidem
768 636 876 713 posset
908 636 1096 710 utcumque,
1130 645 1207 708 quo-

96 723 185 788 modo
216 725 388 810 supposito
417 723 565 788 Romano
596 725 686 788 Petri
710 724 827 788 itinere
859 733 892 788 et
915 725 1116 808 episcopatu,
1139 731 1208 785 tan·

95 843 187 908 qnam
210 821 300 885 facto
324 820 463 907 probato
487 830 520 884 et
543 820 697 885 omnibus
721 823 862 907 cognito,
887 823 998 907 opinio
1023 821 1064 885 de
1087 819 1209 904 signifi·

96 922 221 983 catione
241 918 428 1003 Babylonis
460 919 537 982 oriri
561 921 714 1004 potuerit,
738 929 771 984 et
794 918 958 1006 quaedam
990 927 1082 1004 gesta
1106 915 1210 1003 splen-

96 1017 170 1081 dida
192 1016 285 1081 haud
309 1013 523 1101 comprobata
546 1016 683 1082 attribui
701 1017 798 1082 Petro
822 1019 998 1103 potuerint.
1023 1016 1089 1082 Sed
1112 1015 1211 1080 nimis

95 1115 254 1178 absonum
278 1123 328 1177 est
351 1113 577 1200 praetendere,
607 1117 852 1200 persuasionem
876 1115 968 1180 illam
990 1113 1211 1180 universalem

94 1225 124 1276 et
146 1221 366 1294 constantem,
391 1211 485 1298 cnjus
501 1214 704 1278 consectaria
718 1215 908 1278 universam
922 1212 1092 1278 Ecclesiae
1114 1211 1212 1276 histo·

94 1313 174 1375 riam
199 1311 319 1374 intime
349 1309 547 1395 pervadunt,
578 1319 686 1374 ortum
709 1311 863 1376 habuisse
893 1331 934 1374 ex
958 1309 1070 1395 aliqua
1092 1309 1213 1374 fabella

93 1421 123 1471 ct
136 1409 286 1494 gratuita
301 1407 570 1493 interpretatione
584 1408 722 1472 voculae
745 1431 765 1472 a
788 1408 987 1494 quibusdam
1005 1409 1181 1492 proposita.
1190 1405 1213 1492 ¹)

184 1507 237 1571 14.
262 1504 426 1568 Generale
457 1504 521 1568 hoc
552 1513 784 1590 argumentum
807 1507 1004 1570 resumimus
1030 1505 1155 1590 paucis,
1179 1505 1370 1609 utffiffi

94 1605 266 1669 efficacius
280 1602 353 1688 ejus
367 1604 419 1666 vis
443 1611 609 1688 appareat.
639 1603 674 1674 Si
690 1603 829 1690 alicujus
853 1603 932 1667 facti
956 1605 1120 1688 perennis,
1145 1602 1215 1666 uni·
1248 1579 1276 1618 μ
1370 1593 1377 1607 '

97 1701 244 1782 versalia,
270 1702 391 1764 summi
415 1701 572 1764 momenti
595 1703 679 1765 ratio
694 1700 789 1765 reddi
813 1702 937 1787 nequit,
962 1701 1025 1765 nisi
1049 1703 1161 1784 agnita
1184 1708 1217 1763 et

95 1803 262 1864 affirmata
278 1799 419 1862 veritate
434 1796 568 1861 alterius
582 1798 661 1862 facti
676 1798 766 1885 quod
788 1797 1042 1862 fundamentum
1057 1799 1098 1861 sit
1112 1795 1215 1861 illius:

96 1911 174 1962 tunc
199 1919 270 1961 non
294 1897 405 1960 minus
434 1905 522 1978 nota,
552 1917 592 1960 ae
622 1917 751 1982 semper
779 1917 933 1982 praesens
961 1906 1010 1960 est
1031 1893 1216 1958 testificatio

96 1997 197 2082 hujus
221 1994 303 2058 facti
328 1993 498 2077 originarii
522 2003 555 2056 et
578 1994 729 2077 causalis,
744 2014 844 2080 quam
868 1995 990 2058 veritas
1013 1994 1116 2078 ipsius
1139 1992 1217 2056 facti

96 2093 341 2178 consequentis.
388 2091 465 2156 Jam
497 2111 576 2154 vero
608 2099 677 2156 tota
709 2093 779 2155 vita
812 2101 844 2155 et
876 2091 1019 2155 evolutio
1049 2089 1219 2155 Ecclesiae

96 2187 460 2270 Romano-catholicae,
488 2199 521 2252 et
542 2192 772 2275 praeeminens
799 2189 947 2254 influxus
975 2189 1132 2254 ecclesiae
1158 2189 1220 2252 Ro-

97 2285 1222 2372 manaefactnmestuniversale,planeingensetevidens.Porroper

97 2385 294 2474 quindecim
318 2383 450 2448 saecula
473 2393 509 2447 ut
532 2383 611 2447 facti
627 2383 725 2471 hujus
749 2385 904 2452 solemnis
927 2395 959 2450 et
983 2387 1128 2471 ingentis
1150 2387 1222 2450 fun-

99 2485 296 2549 damentum
312 2479 375 2545 fuit
393 2482 526 2566 agnitus
549 2491 583 2544 et
605 2481 768 2547 admissus
791 2484 834 2549 ab
859 2484 1012 2549 omnibus
1026 2485 1116 2548 Petri
1141 2485 1222 2570 epis·

100 2591 240 2668 capatus
282 2579 468 2660 Romanas,
510 2589 609 2665 atque
654 2601 697 2643 ex
727 2581 800 2674 'hoc
841 2583 1033 2667 episcopatu
1076 2582 1223 2647 doctores

101 2677 276 2743 Ecclesiae
298 2677 481 2740 universim
511 2675 680 2740 Ecclesiae
704 2680 971 2743 constitutionem
999 2689 1032 2744 et
1055 2682 1223 2764 magistra·

101 2777 164 2841 lem
209 2775 442 2839 auctoritatem
484 2772 697 2859 explicabant
737 2785 770 2839 ct
810 2786 923 2840 contra
964 2777 1147 2842 haereticos
1193 2786 1226 2840 et

102 2873 333 2938 schismaticos
364 2871 594 2938 vindicabant.
658 2871 723 2960 (lta
760 2896 788 2939 e.
827 2896 858 2958 g.
891 2875 962 2962 jam
998 2875 1155 2939 Irenaeus
1194 2883 1227 2938 et

102 2967 356 3057 Tertullianus).
387 2969 556 3034 Haeretici
581 2991 658 3035 vero
682 2992 722 3034 ac
744 2971 944 3036 schismatici
970 2995 1131 3058 numqum
1154 2972 1226 3036 ausi

104 3079 180 3134 sunt
213 3069 272 3131 hoc
295 3068 423 3154 factam
456 3069 537 3153 ipsis
569 3077 728 3154 tanquam
761 3069 1009 3134 fundamentale
1042 3071 1228 3155 oppositum

105 3167 275 3252 denegare
298 3163 352 3229 vel
375 3167 410 3229 in
441 3164 581 3230 dubium
604 3187 771 3249 revocare,
802 3167 859 3232 sed
889 3167 963 3232 aliis
993 3169 1131 3252 argutiis
1154 3188 1229 3230 suos

105 3287 234 3329 errores
258 3271 368 3348 tegere
399 3261 606 3329 studuerunt.
652 3263 740 3348 Ergo
771 3265 888 3329 eadem
921 3265 1133 3347 certitudine,
1165 3285 1230 3350 qua

106 3371 239 3428 constat
264 3360 306 3424 de
330 3361 401 3446 ipsa
431 3359 602 3426 Ecclesiae
624 3361 971 3426 Romano-catholicae
1001 3364 1071 3426 vita
1102 3373 1134 3426 et
1157 3383 1231 3426 evo-

106 3462 235 3526 lutione
269 3457 452 3544 splendida,
486 3479 571 3544 quae
604 3459 721 3522 nititur
744 3458 833 3525 Petri
868 3462 1059 3545 episcopatu
1083 3459 1231 3524 Romano

108 3571 143 3622 ut
166 3557 259 3622 facto
284 3555 421 3638 causali,
446 3555 562 3620 eadem
587 3557 785 3622 certitudine
816 3560 915 3622 etiam
945 3565 1073 3622 constat
1097 3555 1138 3620 de
1162 3557 1232 3640 ipso

108 3652 1235 3742 hocsactoEtsicutiuniversalipersuasioneperquindecimsaecula

109 3755 162 3820 ille
177 3753 270 3818 Petri
287 3753 495 3837 episcopatus
511 3752 656 3816 creditus
672 3753 751 3834 fuit,
776 3775 815 3817 ac
838 3753 891 3816 vel
908 3753 950 3817 ab
969 3753 1047 3839 ipsis
1062 3751 1236 3815 haereticis

108 3863 140 3916 ct
155 3849 382 3916 schismaticis
399 3849 578 3913 admissus:
600 3851 645 3914 ita
664 3872 763 3914 sanae
777 3853 897 3914 rationi
914 3851 1048 3914 omnino
1063 3857 1235 3934 repugnat,

109 3959 183 4038 post
193 3947 254 4013 illa
268 3945 401 4011 saecula
416 3946 479 4010 hoc
493 3946 619 4010 factum
629 3969 750 4033 negare
768 3948 821 4013 vel
836 3951 872 4014 in
887 3948 1027 4013 dubium
1040 3945 1237 4031 revocare.²)

185 4087 204 4140 'l
225 4080 283 4135 Gir.
302 4078 480 4147 Sanguinetti
498 4079 516 4134 l.
536 4097 557 4133 c.

185 4165 208 4232 ¹)
228 4161 276 4216 Ita
294 4159 433 4228 praeclare
456 4163 550 4214 eontra
568 4159 706 4214 ministros
734 4165 918 4228 protestantes
936 4159 965 4214 in
984 4157 1169 4226 disputatione
1188 4159 1239 4210 Ro

110 4259 193 4298 mna
211 4243 245 4296 R
265 4241 299 4295 D.
318 4237 411 4302 fluidi,
430 4239 579 4294 Beseconto
598 4257 623 4308 p.
645 4241 697 4294 162
714 4255 771 4306 sqq.
