2766 4836
230 461 266 514 40
479 461 518 514 De
538 461 683 516 Ariouisrni
702 461 767 517 letis
786 477 818 516 eo
835 461 868 516 de
886 461 964 528 lapsu
982 458 1091 514 hiberii.

77 625 140 667 ιιοιιι
156 635 212 668 non
317 604 495 670 Existimat
503 605 539 672 P.
554 603 668 681 Gams,
683 605 824 670 Hosium
840 605 934 670 brevi
959 614 1041 690 post,
1056 602 1183 666 seilicet
1196 601 1236 666 27
1253 599 1328 682 Aug.

229 725 259 766 a.
283 701 358 784 357,
383 701 494 768 Sirmii
519 705 552 768 in
577 703 674 768 exilio
708 713 873 768 mortuum
895 725 976 784 esse,
1005 701 1104 787 idque
1127 721 1171 763 ex
1194 699 1329 762 Menaeis
1373 731 1374 784 ι

230 799 442 882 Graecorum,
466 823 509 864 ex
532 801 564 866 S.
589 801 781 880 Athanasio,
814 799 964 886 alliisque
996 799 1199 884 argumentis
1228 795 1329 860 confir·
1373 787 1374 844 l

230 919 319 962 mare
343 899 467 963 nititur.
512 899 605 964 Varii
638 909 787 964 auctores
820 906 963 978 censent,
1000 918 1077 962 eum
1109 919 1152 959 ex
1185 892 1281 958 exilio
1303 895 1329 956 in

229 995 427 1080 Hispaniam
450 996 595 1078 rediisse,
611 1007 709 1082 atque
721 997 844 1062 ibidem
859 1005 932 1082 post
954 1015 1057 1059 unum
1081 993 1263 1059 alterumve
1284 1013 1330 1054 an·

230 1115 308 1158 num
333 1094 462 1158 obiisse.
487 1093 582 1160 Certe
606 1096 639 1162 S.
667 1094 877 1160 Phoebadius
904 1092 994 1178 loqui
1018 1091 1151 1157 videtur
1176 1089 1218 1154 de
1241 1089 1330 1152 Hosio

231 1201 267 1254 ut
290 1192 386 1272 vivo,
411 1193 476 1258 imo
500 1194 599 1260 etiam
614 1193 647 1259 S.
664 1192 820 1273 Hilarius,
835 1191 887 1256 De
901 1189 1045 1276 Synodis
1058 1212 1093 1254 n.
1112 1189 1154 1253 87
1181 1187 1330 1252 scribens:

231 1287 293 1352 Sed
304 1351 306 1358 ,
308 1287 398 1372 forte
422 1289 542 1356 dicetur·
564 1292 653 1354 mihi:
677 1291 788 1376 Aliqui
809 1290 900 1354 hodie
929 1312 969 1354 ea
990 1289 1039 1352 tis
1061 1288 1115 1373 pei
1139 1298 1206 1350 tam
1228 1283 1331 1372 synodo

230 1385 423 1474 (Nicaenae)
446 1387 667 1472 interfuerunt,
702 1389 866 1452 tacendum
893 1387 931 1451 de
953 1387 1111 1450 homousio
1135 1385 1331 1448 deame.

230 1485 272 1548 Et
295 1507 358 1570 epo,
382 1486 499 1550 invitus
523 1486 603 1568 licet,
634 1486 826 1572 respondebo
859 1486 991 1550 dicenti:
1038 1483 1205 1569 Numquid
1226 1489 1333 1546 eoiret

229 1583 294 1668 ipsi
316 1583 479 1648 tacendum
502 1584 540 1648 de
562 1586 736 1649 homoeusio
759 1584 973 1650 constituunt?
1023 1581 1084 1646 Oro
1109 1605 1180 1660 eos,
1204 1603 1244 1644 ae
1263 1579 1332 1664 quis·

230 1703 322 1765 qaam
354 1681 438 1746 aliae
460 1705 500 1746 ex
530 1683 579 1746 hie
596 1693 727 1768 praeter
749 1683 893 1760 Hosinm,
925 1692 955 1746 et
977 1682 1080 1766 ipsum
1102 1678 1197 1742 illum
1219 1676 1334 1742 ιιίιιιίιιιιι
1374 1671 1375 1748 l

231 1779 281 1842 eui
304 1778 439 1864 sepulcri
453 1791 618 1858 amantem,
639 1782 828 1866 reperiatur,
843 1782 898 1866 qni
914 1778 1078 1844 mandam
1100 1801 1167 1842 esse
1191 1777 1334 1840 manat
1374 1781 1375 1814 ³

231 1876 417 1961 electroque.
434 1913 478 1924 -
492 1877 558 1942 Sed
575 1877 616 1942 de
631 1879 734 1944 Hosio
750 1878 832 1943 haec
848 1896 906 1963 pro
923 1897 1021 1962 scopo
1037 1883 1149 1940 nostro
1168 1873 1333 1938 sufficiant.

319 1973 372 2039 56.
396 1973 572 2042 Formulee
600 1975 765 2041 secundae
788 1976 961 2042 Sirmiensi
990 1974 1151 2038 laetantes
1176 1989 1333 2038 consense-

231 2080 308 2136 runt
329 2070 448 2136 Ariani
477 2072 659 2158 rigidiores.
705 2073 860 2158 Synodus
889 2073 1004 2138 habita
1035 2080 1092 2154 est,
1125 2073 1177 2136 uti
1216 2067 1336 2132 videtur

232 2170 365 2234 ineunte
388 2191 474 2236 anno
499 2171 574 2252 358,
607 2172 807 2238 Antiochiae
833 2171 984 2257 praeside
1011 2168 1163 2237 Eudoxio
1194 2168 1335 2254 episcopo

231 2265 449 2350 Antiocheno,
474 2271 527 2334 eui
551 2269 730 2334 adfuerunt
751 2272 837 2336 inter
859 2269 941 2335 alios
954 2266 1099 2332 Aeacius
1124 2261 1336 2332 Caesariensis

232 2373 264 2428 et
281 2364 427 2430 Uraniue
442 2365 611 2450 'l'yriensis
634 2369 789 2453 episcopi,
814 2369 848 2432 in
872 2389 977 2454 eaque
999 2364 1141 2432 formula
1165 2361 1337 2450 approbata

231 2462 295 2528 fuit
307 2461 499 2551 litteraeque
514 2465 610 2530 datae
626 2465 669 2530 ad
684 2466 868 2548 Valentem,
884 2465 1060 2530 Ursaeium
1079 2473 1112 2526 et
1125 2459 1336 2534 Germininm,

233 2559 354 2646 quihus
376 2561 627 2646 gratrdabantur
656 2563 783 2645 iisdem,
814 2562 903 2651 quod
927 2558 1159 2628 occidentales
1183 2555 1337 2624 adlidere
1375 2625 1376 2636 χ

232 2659 412 2743 genuinam
434 2658 637 2726 reduxerint.
682 2662 856 2727 Eudoxias
888 2682 965 2725 vero
994 2658 1072 2724 dein
1103 2657 1338 2722 Anemoeorum
1375 2647 1376 2660 ¹

233 2756 395 2820 haeresim
420 2757 581 2824 violenter
604 2758 801 2825 Antiochiae
834 2757 1041 2824 introducere
1064 2757 1155 2820 nisus
1181 2763 1241 2818 est
1285 2747 1339 2812 Sed

234 2863 305 2918 tum
328 2855 363 2920 in
378 2853 559 2922 Occidente
583 2859 686 2943 impia
708 2857 850 2923 formula
867 2856 991 2943 rejecta
1012 2863 1070 2936 est,
1094 2863 1165 2916 tum
1181 2845 1340 2916 Praesides

236 2951 368 3037 plurimi
392 2954 589 3020 Samiariani
612 2958 648 3020 in
663 2955 798 3021 Oriente
821 2977 941 3040 magno
963 2975 1043 3018 cum
1065 2953 1182 3036 vigore
1206 2950 1247 3012 iis
1269 2963 1340 3030 quw

103 3055 150 3084 Μ·
237 3049 348 3116 Sirmii
372 3061 447 3118 acta
470 3064 564 3118 erant
587 3075 656 3118 sese
687 3063 918 3140 opposuerunt.
964 3049 1159 3114 Samiariani
1187 3045 1341 3110 videlicet

236 3147 387 3214 hortante
428 3151 622 3236 praesertim
663 3151 805 3236 Georgia
846 3149 1035 3216 Laodiceno
1068 3147 1246 3234 episcopo,
1278 3153 1341 3204 ante

237 3245 365 3312 Pascha
397 3272 427 3314 a.
460 3249 524 3314 358
558 3247 735 3316 concilium
774 3247 982 3314 celebrarunt
1013 3245 1167 3332 Ancyrae,
1204 3235 1342 3330 praeside

238 3341 361 3410 Racilio
386 3346 566 3434 Aneyram,
591 3350 625 3414 in
649 3370 752 3434 eoque
770 3345 946 3412 formulam
964 3343 1055 3412 illam
1077 3341 1263 3408 secundam
1284 3357 1342 3421 pro·

239 3443 458 3528 scripserunt,
481 3455 513 3508 et
537 3446 660 3512 Filium
692 3446 782 3510 Patri
821 3443 961 3510 similem
989 3463 1059 3508 esse
1096 3439 1237 3526 professi
1269 3444 1343 3499 sunt.

239 3539 421 3625 Epistulam
445 3541 620 3608 ediderunt
633 3543 825 3627 synodicam
848 3551 880 3605 et
905 3541 945 3606 18
972 3538 1274 3615 anathematismos,
1296 3527 1343 3615 qui

240 3638 387 3702 maxima
420 3651 512 3728 parte
544 3637 642 3728 plane
673 3639 846 3705 orthodoxi
870 3649 972 3703 erant.
1018 3632 1174 3702 Attamen
1201 3631 1261 3698 18¹³
1283 3627 1342 3712 reji-

240 3736 390 3802 ciebatur
413 3759 480 3804 vox
502 3739 676 3806 homousios
698 3739 750 3804 his
773 3737 899 3806 verbis:
946 3736 984 3803 Si
1011 3738 1081 3823 ᾳιιίι
1112 3736 1241 3802 Petram
1265 3737 1344 3816 potr·

242 3847 322 3901 stote
345 3837 439 3902 simol
461 3849 492 3904 et
513 3837 692 3904 adamatis
721 3838 800 3902 Filii
822 3838 948 3902 Patrem
978 3857 1131 3910 maerens,
1154 3829 1343 3896 eorusbstos·

243 3935 351 3998 Salem
372 3935 422 3998 ael
444 3937 583 4026 ejusdem
603 3959 671 4000 erun
694 3937 790 4000 Patre
812 3935 1007 4000 substantioe
1031 3933 1147 3998 sutrim
1169 3949 1235 3994 erse
1258 3927 1343 3998 dicul,

244 4035 409 4097 anathema
432 4031 514 4121 siu).
975 4038 978 4048 '
1013 4074 1016 4079 -

243 4171 455 4179 *-

321 4240 340 4307 Ι)
358 4239 383 4294 e.
402 4237 531 4306 marius,
559 4239 599 4295 oe
617 4239 730 4307 synoda
757 4255 783 4296 n.
802 4201 837 4294 ci
862 4236 1239 4301 semesarumque
1254 4229 1341 4288 sanir
