2900 4800
244 437 300 494 388
619 435 659 492 De
677 451 760 492 cansa
777 435 892 492 Honorii
910 436 943 492 R.
962 435 994 494 P.

247 583 430 667 antiquitas.
485 579 566 646 Vicit
589 581 671 644 enim
700 581 867 646 sanctitate
899 579 1082 660 Ananiam,
1106 581 1290 668 eloquentia
1317 581 1370 668 Cy·

241 681 404 767 amnon,
428 676 866 765 sapientiarsapientiam),
899 677 1038 763 Singula
1060 677 1212 764 Gregorii
1237 684 1372 768 egregia

246 778 334 842 facta
358 777 503 845 hicnon
535 775 789 856 recensebimus,
821 773 904 840 illud
933 779 1219 863 operaepretium
1244 789 1296 844 est
1320 779 1372 844 sd·

247 885 385 954 vertere,
419 875 535 938 divina
566 871 777 960 providentia
807 873 933 940 factum
966 895 1046 956 esse,
1081 885 1116 940 ut
1147 887 1299 962 tempore
1332 878 1372 942 ob

247 974 361 1038 turbas
390 971 542 1059 politicas
575 971 792 1053 difficillimo,
822 970 993 1038 Ecclesiae
1025 983 1191 1058 praeesset
1213 975 1373 1042 Pontifex

247 1081 368 1154 tantus,
393 1073 449 1157 qui
474 1069 639 1150 omnibus,
663 1091 730 1136 non
745 1068 850 1134 solum
865 1069 1037 1155 dignitate,
1062 1072 1120 1136 sed
1144 1074 1269 1138 virtute
1297 1095 1371 1159 quo·

248 1192 326 1257 que,
351 1170 524 1256 sapientia,
549 1167 752 1248 fortitudine,
777 1169 1033 1253 praeemineret,
1057 1191 1097 1234 ac
1121 1174 1373 1238 venerationem

249 1271 412 1353 insignem
444 1265 523 1332 Sodi
547 1264 758 1352 Apostolioae
791 1264 992 1332 conciliaret.
1038 1267 1123 1332 Nam
1154 1270 1256 1334 etiam
1282 1269 1371 1356 apud

248 1365 486 1450 Langobardos
516 1374 548 1428 et
575 1361 761 1430 Orientales
793 1365 930 1428 maximi
963 1362 1150 1430 habebatur
1181 1366 1238 1430 hio
1260 1368 1371 1434 Ponti·

248 1467 314 1546 fex,
338 1485 498 1548 suamque
521 1461 723 1547 amplissimo
750 1462 826 1546 jure
859 1461 1036 1526 exercebat
1057 1463 1274 1547 apostolicam
1298 1489 1373 1532 auc

248 1564 424 1628 toritatem.
471 1561 504 1626 S.
529 1559 709 1644 Gregorius
732 1559 775 1624 ad
799 1560 910 1625 Deum
933 1561 1090 1644 migravit
1112 1561 1166 1626 die
1192 1564 1235 1626 12
1260 1563 1373 1628 Martii

249 1663 329 1725 anni
353 1660 429 1726 604.

339 1839 369 1904 8.
393 1837 476 1924 Ejus
500 1857 667 1902 successor
690 1837 725 1904 in
748 1834 941 1920 pontificatu
966 1834 1030 1898 fuit
1044 1833 1250 1916 Sabinianus,
1275 1849 1373 1903 autea

251 1939 284 2004 S.
303 1935 454 2020 Gregorii
471 1935 560 2022 apud
577 1935 771 2000 Mauritium
784 1933 1022 2018 Imperatorem
1045 1935 1292 2018 apocrisiarius,
1317 1938 1371 2021 qui

250 2037 336 2100 rexit
359 2033 545 2098 Ecclesiam
580 2055 684 2118 usque
724 2031 767 2096 ad
802 2031 891 2096 diem
925 2031 968 2094 22
992 2031 1166 2096 Februarii
1191 2033 1273 2096 anni
1298 2033 1371 2096 606.

251 2133 397 2198 -Eum
422 2141 553 2196 secutus
577 2139 626 2194 est
641 2152 753 2196 mense
771 2128 951 2194 Februario
967 2152 996 2194 a.
1022 2129 1085 2194 607
1101 2128 1292 2214 Bonifatius
1313 2131 1372 2208 lll,

251 2240 348 2296 antea
371 2229 404 2296 S.
428 2229 597 2294 Romanae
630 2227 789 2294 ecclesiae
823 2227 997 2306 diaconus,
1022 2230 1076 2314 qni
1104 2251 1133 2290 a.
1160 2224 1192 2290 S.
1221 2226 1372 2314 Gregorio

251 2331 362 2394 misna
377 2327 492 2414 fuerat
520 2325 824 2412 Constantinopolin
848 2326 1078 2412 apocrisiarius
1101 2324 1146 2388 ad
1162 2325 1300 2390 Pbocam
1315 2327 1371 2390 Ins-

245 2438 437 2514 paraturam.
462 2426 514 2490 Ita
536 2425 700 2490 Baronius
731 2424 775 2490 ad
797 2447 827 2488 a.
853 2423 917 2488 606
941 2446 974 2490 n.
1001 2427 1030 2506 1,
1055 2424 1112 2488 ubi
1136 2423 1251 2490 addit:
1290 2425 1371 2508 „Ac-

252 2525 371 2590 cidisse
396 2523 551 2606 vidimus,
576 2531 613 2587 ut
636 2523 693 2608 qui
717 2544 754 2586 eo
784 2522 889 2586 iuncti
920 2531 1028 2586 essent
1051 2544 1187 2586 munere
1213 2521 1314 2586 iidem
1337 2524 1367 2586 in

252 2644 417 2688 summum
459 2621 655 2685 Pontificem
696 2621 828 2704 saepius
867 2617 1085 2704 eligerentur:
1123 2621 1169 2684 ita
1200 2619 1366 2704 Vigilium.

251 2722 435 2806 Pelagium,
459 2718 658 2804 Gregorium
688 2727 787 2803 atque
810 2717 1028 2784 Sabinianum
1060 2717 1179 2784 electos
1203 2720 1304 2784 finisse
1325 2739 1367 2781 re·

252 2822 407 2906 perimus.
457 2817 556 2900 Quod
579 2817 668 2882 enim
697 2838 739 2880 ex
767 2814 975 2881 orientalium
999 2817 1243 2902 Imperatorum
1266 2827 1366 2900 tyran·

252 2917 332 2982 uide
355 2917 508 2982 electioni
543 2911 630 2980 Cleri
664 2923 828 3000 oporteret
858 2913 1015 2978 accedere
1048 2935 1246 2978 consensum
1268 2915 1366 2999 lmpe·

251 3017 379 3098 ratoris,
413 3036 489 3080 eum
522 3012 642 3097 eligere
675 3011 853 3076 studebant
885 3033 983 3098 quem
1017 3013 1138 3076 scirent
1172 3011 1282 3076 eidem
1303 3011 1368 3076 lore

253 3111 448 3200 gratum“²).
493 3112 612 3176 Brevis
644 3109 707 3174 fuit
738 3109 898 3174 Bonifatii
935 3109 987 3174 lll
1018 3109 1250 3196 pontificatus3
1292 3109 1371 3174 obiit

328 3345 349 3412 ¹)
367 3343 426 3397 Lib.
445 3343 478 3398 de
496 3342 592 3410 Script.
612 3339 704 3397 eccles.

328 3424 351 3491 ¹)
368 3423 467 3478 Petrus
485 3421 518 3478 de
541 3423 642 3488 Maca,
666 3422 706 3478 De
725 3420 865 3476 concordia
882 3420 1031 3476 Sacerdotii
1057 3427 1085 3474 et
1103 3420 1213 3490 Imperii
1232 3419 1263 3474 L.
1281 3419 1332 3477 lIL
1350 3433 1370 3470 a

256 3506 297 3558 16.
317 3505 341 3574 ξ.
360 3505 394 3570 o,
413 3502 523 3570 loquens
542 3503 575 3556 de
592 3502 719 3572 Pelagio,
740 3501 786 3570 qni
805 3499 838 3554 ab
858 3501 982 3569 agapeto
1001 3500 1189 3568 apocrisiarius
1208 3501 1297 3556 lactus
1315 3511 1369 3554 est:

257 3585 330 3652 ,Quo
348 3599 466 3648 munere,
486 3581 581 3650 inquit,
601 3599 654 3638 uon
668 3587 710 3637 est
722 3581 762 3636 illi
778 3579 975 3650 Jurisdiotionis
990 3581 1088 3635 collata
1107 3579 1231 3646 facultas,
1251 3579 1297 3634 sed
1315 3587 1370 3632 tan·

255 3671 313 3718 tnm
331 3661 462 3728 monendi,
482 3661 672 3730 interpellandi
700 3661 836 3730 principia,
866 3659 1051 3730 suggestionis
1069 3677 1123 3714 uon
1142 3660 1266 3725 actionis,
1287 3673 1371 3727 quem·

255 3745 397 3798 admodum
416 3743 444 3796 in
463 3742 574 3797 tuliano
601 3739 697 3796 Cotusi
716 3741 771 3796 Leo
788 3741 908 3796 muueris
926 3739 1005 3811 hujus
1027 3741 1164 3808 exemplar
1182 3747 1212 3794 at
1230 3741 1371 3808 imaginem

255 3827 448 3894 expresserat.u
476 3853 507 3864 -
527 3821 703 3891 Apocriaarii
728 3837 826 3877 manas
851 3821 974 3878 'obtinuit
997 3821 1140 3890 praecipue
1167 3836 1184 3874 a
1211 3817 1371 3889 temporibm

244 3903 414 3960 -Justiniani
451 3903 552 3972 Legati
571 3903 650 3971 hujus
669 3901 777 3971 generis
790 3903 965 3970 apocrisiarii
984 3909 1013 3957 at
1031 3902 1210 3970 Rasponsslos
1228 3901 1293 3956 dicti
1310 3904 1370 3952 suut

256 3986 289 4040 ab
307 3985 382 4040 illins
400 3983 500 4038 sacculi
519 3983 702 4050 scriptoribus,
722 3982 792 4049 quod
816 3997 944 4050 responsa
967 3998 1014 4038 scu
1033 3981 1163 4037 mandata
1181 3984 1370 4048 aequenntor

256 4081 354 4130 eoram,
374 4081 390 4118 s
408 4063 505 4131 quibus
532 4064 607 4118 missi
635 4069 722 4120 eraut,
760 4062 910 4132 Απόκρισις
937 4063 1009 4118 euim
1034 4062 1171 4130 responsio
1190 4069 1241 4118 est
1277 4061 1369 4114 nomn

255 4143 373 4197 irsflnxm
404 4143 638 4211 Constantinopoli
666 4149 694 4196 et
721 4142 749 4196 in
780 4142 890 4210 reliquis
915 4142 1035 4198 Orientis
1059 4141 1183 4211 partibus
1210 4155 1320 4211 magnos
1343 4141 1371 4188 et

255 4221 335 4276 valde
352 4223 480 4276 smutaris
499 4229 567 4278 erat.
