<?xml version="1.0" encoding="UTF-8"?>
<!DOCTYPE html PUBLIC "-//W3C//DTD XHTML 1.0 Transitional//EN"
    "http://www.w3.org/TR/xhtml1/DTD/xhtml1-transitional.dtd">
<html xmlns="http://www.w3.org/1999/xhtml" xml:lang="en" lang="en">
 <head>
  <title>
</title>
<meta http-equiv="Content-Type" content="text/html;charset=utf-8" />
  <meta name='ocr-system' content='tesseract 3.04.00' />
  <meta name='ocr-capabilities' content='ocr_page ocr_carea ocr_par ocr_line ocrx_word'/>
</head>
<body>
  <div class='ocr_page' id='page_1' title='image "./dissertationess02junggoog_0021.png"; bbox 0 0 2936 4814; ppageno 0'>
   <div class='ocr_carea' id='block_1_1' title="bbox 206 389 1045 461">
    <p class='ocr_par' dir='ltr' id='par_1_1' title="bbox 206 389 1045 461">
     <span class='ocr_line' id='line_1_1' title="bbox 206 389 1045 461; baseline -0.001 -14"><span class='ocrx_word' id='word_1_1' title='bbox 206 395 224 447; x_wconf 86' lang='grc'><strong>8</strong></span> <span class='ocrx_word' id='word_1_2' title='bbox 483 392 524 448; x_wconf 89' lang='lat' dir='ltr'><strong>Dc</strong></span> <span class='ocrx_word' id='word_1_3' title='bbox 542 389 635 448; x_wconf 85' lang='lat' dir='ltr'><strong>histor.</strong></span> <span class='ocrx_word' id='word_1_4' title='bbox 655 391 748 448; x_wconf 76' lang='lat' dir='ltr'><strong>eccles</strong></span> <span class='ocrx_word' id='word_1_5' title='bbox 765 397 828 446; x_wconf 86' lang='lat' dir='ltr'><strong>ertu</strong></span> <span class='ocrx_word' id='word_1_6' title='bbox 845 407 877 446; x_wconf 86' lang='lat' dir='ltr'><strong>sc</strong></span> <span class='ocrx_word' id='word_1_7' title='bbox 894 407 1045 461; x_wconf 77' lang='lat' dir='ltr'><strong>progressu</strong></span> 
     </span>
    </p>
   </div>
   <div class='ocr_carea' id='block_1_2' title="bbox 38 530 1332 4042">
    <p class='ocr_par' dir='ltr' id='par_1_2' title="bbox 38 530 1332 4042">
     <span class='ocr_line' id='line_1_2' title="bbox 206 530 1324 622; baseline -0.004 -22"><span class='ocrx_word' id='word_1_8' title='bbox 206 537 370 622; x_wconf 77' lang='lat' dir='ltr'><strong>riparium</strong></span> <span class='ocrx_word' id='word_1_9' title='bbox 394 535 527 600; x_wconf 82' lang='lat' dir='ltr'><strong>cuidem</strong></span> <span class='ocrx_word' id='word_1_10' title='bbox 550 537 586 599; x_wconf 92' lang='lat' dir='ltr'><strong>in</strong></span> <span class='ocrx_word' id='word_1_11' title='bbox 608 534 779 600; x_wconf 77' lang='lat' dir='ltr'><strong>Ecclesiae</strong></span> <span class='ocrx_word' id='word_1_12' title='bbox 806 533 992 619; x_wconf 79' lang='lat' dir='ltr'>disciplina,</span> <span class='ocrx_word' id='word_1_13' title='bbox 1023 555 1164 619; x_wconf 90' lang='lat' dir='ltr'><strong>eumque</strong></span> <span class='ocrx_word' id='word_1_14' title='bbox 1187 534 1223 596; x_wconf 88' lang='lat' dir='ltr'><strong>in</strong></span> <span class='ocrx_word' id='word_1_15' title='bbox 1246 530 1324 614; x_wconf 86' lang='lat' dir='ltr'><strong>dog-</strong></span> 
     </span>
     <span class='ocr_line' id='line_1_3' title="bbox 207 629 1324 719; baseline -0.004 -23"><span class='ocrx_word' id='word_1_16' title='bbox 207 632 352 698; x_wconf 89' lang='lat' dir='ltr'><strong>matibus</strong></span> <span class='ocrx_word' id='word_1_17' title='bbox 382 633 608 719; x_wconf 88' lang='lat' dir='ltr'><strong>dijudicandis</strong></span> <span class='ocrx_word' id='word_1_18' title='bbox 637 633 748 698; x_wconf 90' lang='lat' dir='ltr'><strong>minus</strong></span> <span class='ocrx_word' id='word_1_19' title='bbox 778 653 849 696; x_wconf 90' lang='lat' dir='ltr'><strong>esse</strong></span> <span class='ocrx_word' id='word_1_20' title='bbox 879 640 1057 713; x_wconf 86' lang='lat' dir='ltr'><strong>versatum,</strong></span> <span class='ocrx_word' id='word_1_21' title='bbox 1083 630 1155 716; x_wconf 87' lang='lat' dir='ltr'><strong>jam</strong></span> <span class='ocrx_word' id='word_1_22' title='bbox 1184 629 1324 694; x_wconf 86' lang='lat' dir='ltr'><strong>Photius</strong></span> 
     </span>
     <span class='ocr_line' id='line_1_4' title="bbox 207 731 453 796; baseline 0.004 -1"><span class='ocrx_word' id='word_1_23' title='bbox 207 731 453 796; x_wconf 87' lang='lat' dir='ltr'><strong>animadvertit.</strong></span> 
     </span>
     <span class='ocr_line' id='line_1_5' title="bbox 298 824 1325 913; baseline -0.004 -19"><span class='ocrx_word' id='word_1_24' title='bbox 298 827 349 894; x_wconf 91' lang='lat'><strong>10.</strong></span> <span class='ocrx_word' id='word_1_25' title='bbox 373 829 500 894; x_wconf 82' lang='lat' dir='ltr'><strong>Eodem</strong></span> <span class='ocrx_word' id='word_1_26' title='bbox 532 829 601 893; x_wconf 85' lang='lat' dir='ltr'><strong>fere</strong></span> <span class='ocrx_word' id='word_1_27' title='bbox 637 837 784 913; x_wconf 89' lang='lat' dir='ltr'><strong>tempore</strong></span> <span class='ocrx_word' id='word_1_28' title='bbox 820 827 905 892; x_wconf 82' lang='lat' dir='ltr'><strong>alius</strong></span> <span class='ocrx_word' id='word_1_29' title='bbox 937 826 1126 891; x_wconf 75' lang='lat' dir='ltr'><strong>causidicus</strong></span> <span class='ocrx_word' id='word_1_30' title='bbox 1166 824 1325 890; x_wconf 86' lang='lat' dir='ltr'><strong>Constan-</strong></span> 
     </span>
     <span class='ocr_line' id='line_1_6' title="bbox 104 923 1324 1012; baseline -0.001 -26"><span class='ocrx_word' id='word_1_31' title='bbox 104 957 185 987; x_wconf 61' lang='grc' dir='ltr'><strong>ηοω.</strong></span> <span class='ocrx_word' id='word_1_32' title='bbox 206 927 457 1012; x_wconf 82' lang='lat' dir='ltr'><strong>tinopolitanus,</strong></span> <span class='ocrx_word' id='word_1_33' title='bbox 471 927 619 990; x_wconf 80' lang='lat' dir='ltr'><strong>Hermiae</strong></span> <span class='ocrx_word' id='word_1_34' title='bbox 632 923 818 990; x_wconf 81' lang='lat' dir='ltr'><strong>Sozomenus</strong></span> <span class='ocrx_word' id='word_1_35' title='bbox 835 927 959 1010; x_wconf 86' lang='lat' dir='ltr'><strong>pariter</strong></span> <span class='ocrx_word' id='word_1_36' title='bbox 975 925 1153 990; x_wconf 70' lang='lat' dir='ltr'><strong><em>Historiam</em></strong></span> <span class='ocrx_word' id='word_1_37' title='bbox 1164 923 1324 986; x_wconf 78' lang='lat' dir='ltr'><strong>Ecclesiae</strong></span> 
     </span>
     <span class='ocr_line' id='line_1_7' title="bbox 208 1021 1324 1110; baseline -0.005 -21"><span class='ocrx_word' id='word_1_38' title='bbox 208 1027 339 1110; x_wconf 81' lang='lat' dir='ltr'><strong>scripsit</strong></span> <span class='ocrx_word' id='word_1_39' title='bbox 361 1048 469 1088; x_wconf 76' lang='lat' dir='ltr'><strong>raonem</strong></span> <span class='ocrx_word' id='word_1_40' title='bbox 492 1024 593 1103; x_wconf 82' lang='lat' dir='ltr'><strong>libris,</strong></span> <span class='ocrx_word' id='word_1_41' title='bbox 626 1023 747 1110; x_wconf 93' lang='lat' dir='ltr'><strong>quibus</strong></span> <span class='ocrx_word' id='word_1_42' title='bbox 779 1021 848 1086; x_wconf 87' lang='lat' dir='ltr'><strong>fere</strong></span> <span class='ocrx_word' id='word_1_43' title='bbox 881 1022 969 1086; x_wconf 92' lang='lat' dir='ltr'><strong>idem</strong></span> <span class='ocrx_word' id='word_1_44' title='bbox 999 1024 1156 1107; x_wconf 90' lang='lat' dir='ltr'><strong>temporis</strong></span> <span class='ocrx_word' id='word_1_45' title='bbox 1180 1023 1324 1106; x_wconf 89' lang='lat' dir='ltr'><strong>spatium</strong></span> 
     </span>
     <span class='ocr_line' id='line_1_8' title="bbox 206 1119 1324 1206; baseline -0.004 -20"><span class='ocrx_word' id='word_1_46' title='bbox 206 1145 246 1186; x_wconf 89' lang='lat' dir='ltr'><strong>ac</strong></span> <span class='ocrx_word' id='word_1_47' title='bbox 261 1123 411 1188; x_wconf 78' lang='lat' dir='ltr'><strong>Socrates</strong></span> <span class='ocrx_word' id='word_1_48' title='bbox 436 1122 628 1206; x_wconf 79' lang='lat' dir='ltr'><strong>complexus</strong></span> <span class='ocrx_word' id='word_1_49' title='bbox 652 1129 709 1185; x_wconf 92' lang='lat' dir='ltr'><strong>est.</strong></span> <span class='ocrx_word' id='word_1_50' title='bbox 757 1120 849 1204; x_wconf 86' lang='lat' dir='ltr'><strong>Stylo</strong></span> <span class='ocrx_word' id='word_1_51' title='bbox 875 1130 989 1184; x_wconf 87' lang='lat' dir='ltr'><strong>ornato</strong></span> <span class='ocrx_word' id='word_1_52' title='bbox 1013 1129 1113 1206; x_wconf 86' lang='lat' dir='ltr'><strong>atque</strong></span> <span class='ocrx_word' id='word_1_53' title='bbox 1136 1119 1324 1204; x_wconf 88' lang='lat' dir='ltr'><strong>gratissimo</strong></span> 
     </span>
     <span class='ocr_line' id='line_1_9' title="bbox 208 1217 1325 1304; baseline -0.005 -18"><span class='ocrx_word' id='word_1_54' title='bbox 208 1219 409 1286; x_wconf 88' lang='lat' dir='ltr'><strong>Sozomenus</strong></span> <span class='ocrx_word' id='word_1_55' title='bbox 424 1240 624 1304; x_wconf 80' lang='lat' dir='ltr'><strong>magnopere</strong></span> <span class='ocrx_word' id='word_1_56' title='bbox 638 1239 709 1282; x_wconf 88' lang='lat' dir='ltr'><strong>sese</strong></span> <span class='ocrx_word' id='word_1_57' title='bbox 724 1218 948 1300; x_wconf 62' lang='lat' dir='ltr'><strong>commendam</strong></span> <span class='ocrx_word' id='word_1_58' title='bbox 978 1227 1144 1282; x_wconf 84' lang='lat' dir='ltr'><strong>caeterum</strong></span> <span class='ocrx_word' id='word_1_59' title='bbox 1158 1237 1237 1280; x_wconf 85' lang='lat' dir='ltr'><strong>vero</strong></span> <span class='ocrx_word' id='word_1_60' title='bbox 1253 1217 1325 1302; x_wconf 91' lang='lat' dir='ltr'><strong>ejus</strong></span> 
     </span>
     <span class='ocr_line' id='line_1_10' title="bbox 208 1315 1325 1403; baseline -0.004 -22"><span class='ocrx_word' id='word_1_61' title='bbox 208 1340 291 1403; x_wconf 91' lang='lat' dir='ltr'><strong>opus</strong></span> <span class='ocrx_word' id='word_1_62' title='bbox 314 1339 381 1381; x_wconf 92' lang='lat' dir='ltr'><strong>non</strong></span> <span class='ocrx_word' id='word_1_63' title='bbox 413 1316 561 1403; x_wconf 88' lang='lat' dir='ltr'><strong>ejusdem</strong></span> <span class='ocrx_word' id='word_1_64' title='bbox 593 1325 642 1380; x_wconf 90' lang='lat' dir='ltr'><strong>est</strong></span> <span class='ocrx_word' id='word_1_65' title='bbox 665 1337 741 1379; x_wconf 90' lang='lat' dir='ltr'><strong>cum</strong></span> <span class='ocrx_word' id='word_1_66' title='bbox 765 1315 909 1380; x_wconf 87' lang='lat' dir='ltr'><strong>Socratis</strong></span> <span class='ocrx_word' id='word_1_67' title='bbox 939 1318 1064 1398; x_wconf 80' lang='lat' dir='ltr'><strong>meriti3</strong></span> <span class='ocrx_word' id='word_1_68' title='bbox 1102 1317 1212 1380; x_wconf 90' lang='lat' dir='ltr'><strong>minus</strong></span> <span class='ocrx_word' id='word_1_69' title='bbox 1236 1315 1325 1378; x_wconf 89' lang='lat' dir='ltr'><strong>enim</strong></span> 
     </span>
     <span class='ocr_line' id='line_1_11' title="bbox 203 1412 1327 1500; baseline -0.004 -23"><span class='ocrx_word' id='word_1_70' title='bbox 203 1414 332 1500; x_wconf 89' lang='lat' dir='ltr'><strong>judicio</strong></span> <span class='ocrx_word' id='word_1_71' title='bbox 341 1437 380 1478; x_wconf 90' lang='lat' dir='ltr'><strong>ac</strong></span> <span class='ocrx_word' id='word_1_72' title='bbox 387 1435 497 1477; x_wconf 90' lang='lat' dir='ltr'><strong>rerum</strong></span> <span class='ocrx_word' id='word_1_73' title='bbox 506 1413 629 1477; x_wconf 88' lang='lat' dir='ltr'><strong>selectu</strong></span> <span class='ocrx_word' id='word_1_74' title='bbox 643 1412 784 1477; x_wconf 87' lang='lat' dir='ltr'><strong>excellit.</strong></span> <span class='ocrx_word' id='word_1_75' title='bbox 800 1451 843 1460; x_wconf 90' lang='lat'>—</span> <span class='ocrx_word' id='word_1_76' title='bbox 859 1413 1022 1498; x_wconf 89' lang='lat' dir='ltr'><strong>Utrosque</strong></span> <span class='ocrx_word' id='word_1_77' title='bbox 1036 1423 1147 1478; x_wconf 88' lang='lat' dir='ltr'><strong>autem</strong></span> <span class='ocrx_word' id='word_1_78' title='bbox 1156 1413 1327 1498; x_wconf 86' lang='lat' dir='ltr'><strong>superavit</strong></span> 
     </span>
     <span class='ocr_line' id='line_1_12' title="bbox 38 1507 1326 1596; baseline -0.002 -22"><span class='ocrx_word' id='word_1_79' title='bbox 38 1533 191 1576; x_wconf 70' lang='lat' dir='ltr'><strong>mereatu.</strong></span> <span class='ocrx_word' id='word_1_80' title='bbox 213 1512 423 1575; x_wconf 76' lang='lat' dir='ltr'><strong>Theodoretus</strong></span> <span class='ocrx_word' id='word_1_81' title='bbox 455 1511 640 1596; x_wconf 83' lang='lat' dir='ltr'><strong>Episcopus</strong></span> <span class='ocrx_word' id='word_1_82' title='bbox 672 1507 762 1594; x_wconf 84' lang='lat' dir='ltr'><strong>Cyri,</strong></span> <span class='ocrx_word' id='word_1_83' title='bbox 796 1510 998 1576; x_wconf 88' lang='lat' dir='ltr'><strong>clarissimus</strong></span> <span class='ocrx_word' id='word_1_84' title='bbox 1034 1511 1123 1576; x_wconf 90' lang='lat' dir='ltr'><strong>idem</strong></span> <span class='ocrx_word' id='word_1_85' title='bbox 1156 1512 1190 1574; x_wconf 90' lang='lat' dir='ltr'><strong>in</strong></span> <span class='ocrx_word' id='word_1_86' title='bbox 1224 1509 1326 1574; x_wconf 89' lang='lat' dir='ltr'><strong>sacris</strong></span> 
     </span>
     <span class='ocr_line' id='line_1_13' title="bbox 209 1607 1325 1695; baseline -0.001 -24"><span class='ocrx_word' id='word_1_87' title='bbox 209 1608 466 1693; x_wconf 81' lang='lat' dir='ltr'><strong>interpretandis</strong></span> <span class='ocrx_word' id='word_1_88' title='bbox 499 1609 687 1693; x_wconf 88' lang='lat' dir='ltr'><strong>Scripturis,</strong></span> <span class='ocrx_word' id='word_1_89' title='bbox 721 1609 779 1692; x_wconf 91' lang='lat' dir='ltr'><strong>qui</strong></span> <span class='ocrx_word' id='word_1_90' title='bbox 811 1607 911 1692; x_wconf 90' lang='lat' dir='ltr'><strong>paulo</strong></span> <span class='ocrx_word' id='word_1_91' title='bbox 944 1618 1019 1694; x_wconf 89' lang='lat' dir='ltr'><strong>post</strong></span> <span class='ocrx_word' id='word_1_92' title='bbox 1050 1611 1198 1695; x_wconf 85' lang='lat' dir='ltr'><strong>quinque</strong></span> <span class='ocrx_word' id='word_1_93' title='bbox 1220 1607 1325 1685; x_wconf 90' lang='lat' dir='ltr'><strong>libris,</strong></span> 
     </span>
     <span class='ocr_line' id='line_1_14' title="bbox 210 1704 1327 1793; baseline -0.003 -22"><span class='ocrx_word' id='word_1_94' title='bbox 210 1717 246 1771; x_wconf 86' lang='lat' dir='ltr'><strong>ut</strong></span> <span class='ocrx_word' id='word_1_95' title='bbox 278 1709 485 1771; x_wconf 84' lang='lat' dir='ltr'><strong>continuaret</strong></span> <span class='ocrx_word' id='word_1_96' title='bbox 507 1705 646 1770; x_wconf 91' lang='lat' dir='ltr'><strong>Eusebii</strong></span> <span class='ocrx_word' id='word_1_97' title='bbox 679 1704 860 1788; x_wconf 87' lang='lat' dir='ltr'><strong>historiam,</strong></span> <span class='ocrx_word' id='word_1_98' title='bbox 894 1715 1043 1793; x_wconf 85' lang='lat' dir='ltr'><strong>tempora</strong></span> <span class='ocrx_word' id='word_1_99' title='bbox 1076 1706 1166 1771; x_wconf 76' lang='lat' dir='ltr'><strong>inde&#39;</strong></span> <span class='ocrx_word' id='word_1_100' title='bbox 1186 1706 1229 1772; x_wconf 84' lang='lat' dir='ltr'><strong>ab</strong></span> <span class='ocrx_word' id='word_1_101' title='bbox 1253 1715 1327 1770; x_wconf 90' lang='lat' dir='ltr'><strong>ortu</strong></span> 
     </span>
     <span class='ocr_line' id='line_1_15' title="bbox 209 1802 1327 1889; baseline 0.001 -23"><span class='ocrx_word' id='word_1_102' title='bbox 209 1803 390 1866; x_wconf 86' lang='lat' dir='ltr'><strong>Arianismi</strong></span> <span class='ocrx_word' id='word_1_103' title='bbox 415 1825 519 1888; x_wconf 91' lang='lat' dir='ltr'><strong>usque</strong></span> <span class='ocrx_word' id='word_1_104' title='bbox 543 1802 587 1866; x_wconf 90' lang='lat' dir='ltr'><strong>ad</strong></span> <span class='ocrx_word' id='word_1_105' title='bbox 610 1803 841 1868; x_wconf 87' lang='lat' dir='ltr'><strong>initiasseculi</strong></span> <span class='ocrx_word' id='word_1_106' title='bbox 865 1806 974 1889; x_wconf 89' lang='lat' dir='ltr'><strong>quinti</strong></span> <span class='ocrx_word' id='word_1_107' title='bbox 998 1806 1176 1870; x_wconf 81' lang='lat' dir='ltr'><strong>enarravit.</strong></span> <span class='ocrx_word' id='word_1_108' title='bbox 1211 1802 1327 1876; x_wconf 86' lang='lat' dir='ltr'><strong>Quam·</strong></span> 
     </span>
     <span class='ocr_line' id='line_1_16' title="bbox 208 1900 1328 1988; baseline 0.004 -26"><span class='ocrx_word' id='word_1_109' title='bbox 208 1900 535 1984; x_wconf 88' lang='lat' dir='ltr'><strong>quam,scribitinitio</strong></span> <span class='ocrx_word' id='word_1_110' title='bbox 545 1901 711 1964; x_wconf 87' lang='lat' dir='ltr'><strong>Historiae</strong></span> <span class='ocrx_word' id='word_1_111' title='bbox 726 1923 815 1982; x_wconf 88' lang='lat' dir='ltr'><strong>suae,</strong></span> <span class='ocrx_word' id='word_1_112' title='bbox 825 1904 966 1987; x_wconf 88' lang='lat' dir='ltr'><strong>pictores</strong></span> <span class='ocrx_word' id='word_1_113' title='bbox 981 1905 1035 1988; x_wconf 89' lang='lat' dir='ltr'><strong>qui</strong></span> <span class='ocrx_word' id='word_1_114' title='bbox 1047 1913 1164 1966; x_wconf 86' lang='lat' dir='ltr'><strong>ueteres</strong></span> <span class='ocrx_word' id='word_1_115' title='bbox 1178 1904 1328 1968; x_wconf 75' lang='lat' dir='ltr'><strong>historias</strong></span> 
     </span>
     <span class='ocr_line' id='line_1_17' title="bbox 207 1997 1328 2087; baseline 0.003 -27"><span class='ocrx_word' id='word_1_116' title='bbox 207 1998 243 2060; x_wconf 89' lang='lat' dir='ltr'><strong>in</strong></span> <span class='ocrx_word' id='word_1_117' title='bbox 267 1997 384 2062; x_wconf 67' lang='lat' dir='ltr'><strong>tabidis</strong></span> <span class='ocrx_word' id='word_1_118' title='bbox 408 2009 438 2061; x_wconf 91' lang='lat' dir='ltr'><strong>et</strong></span> <span class='ocrx_word' id='word_1_119' title='bbox 450 1997 632 2084; x_wconf 81' lang='lat' dir='ltr'><strong>parietibus</strong></span> <span class='ocrx_word' id='word_1_120' title='bbox 646 1999 835 2076; x_wconf 80' lang='lat' dir='ltr'><strong>describunt,</strong></span> <span class='ocrx_word' id='word_1_121' title='bbox 852 2010 916 2064; x_wconf 89' lang='lat' dir='ltr'><strong>tum</strong></span> <span class='ocrx_word' id='word_1_122' title='bbox 929 2002 1118 2064; x_wconf 76' lang='lat' dir='ltr'><strong>intuentiam</strong></span> <span class='ocrx_word' id='word_1_123' title='bbox 1140 2023 1328 2087; x_wconf 69' lang='lat' dir='ltr'><strong>mafflaopere</strong></span> 
     </span>
     <span class='ocr_line' id='line_1_18' title="bbox 209 2093 1329 2180; baseline 0.006 -24"><span class='ocrx_word' id='word_1_124' title='bbox 209 2093 366 2158; x_wconf 86' lang='lat' dir='ltr'><strong>delectant</strong></span> <span class='ocrx_word' id='word_1_125' title='bbox 389 2094 505 2174; x_wconf 87' lang='lat' dir='ltr'><strong>oculos,</strong></span> <span class='ocrx_word' id='word_1_126' title='bbox 530 2107 594 2160; x_wconf 89' lang='lat' dir='ltr'><strong>tum</strong></span> <span class='ocrx_word' id='word_1_127' title='bbox 616 2118 720 2158; x_wconf 88' lang='lat' dir='ltr'><strong>rerum</strong></span> <span class='ocrx_word' id='word_1_128' title='bbox 737 2098 989 2180; x_wconf 67' lang='lat' dir='ltr'><strong>praeteritorem</strong></span> <span class='ocrx_word' id='word_1_129' title='bbox 1011 2098 1261 2162; x_wconf 82' lang='lat' dir='ltr'><strong>recordatione-m</strong></span> <span class='ocrx_word' id='word_1_130' title='bbox 1284 2099 1329 2163; x_wconf 87' lang='lat' dir='ltr'><strong>ud</strong></span> 
     </span>
     <span class='ocr_line' id='line_1_19' title="bbox 205 2190 1328 2281; baseline 0.006 -28"><span class='ocrx_word' id='word_1_131' title='bbox 205 2190 370 2276; x_wconf 81' lang='lat' dir='ltr'><strong>protinam</strong></span> <span class='ocrx_word' id='word_1_132' title='bbox 394 2195 542 2278; x_wconf 85' lang='lat' dir='ltr'><strong>temporis</strong></span> <span class='ocrx_word' id='word_1_133' title='bbox 572 2194 711 2279; x_wconf 81' lang='lat' dir='ltr'><strong>spatium</strong></span> <span class='ocrx_word' id='word_1_134' title='bbox 731 2193 899 2278; x_wconf 83' lang='lat' dir='ltr'><strong>florentem</strong></span> <span class='ocrx_word' id='word_1_135' title='bbox 928 2207 1073 2276; x_wconf 55' lang='lat' dir='ltr'><strong>seruant·</strong></span> <span class='ocrx_word' id='word_1_136' title='bbox 1103 2207 1207 2260; x_wconf 87' lang='lat' dir='ltr'><strong>tamen</strong></span> <span class='ocrx_word' id='word_1_137' title='bbox 1230 2198 1328 2281; x_wconf 70' lang='lat' dir='ltr'><strong>scrap-</strong></span> 
     </span>
     <span class='ocr_line' id='line_1_20' title="bbox 210 2290 1329 2380; baseline 0.005 -30"><span class='ocrx_word' id='word_1_138' title='bbox 210 2298 300 2368; x_wconf 84' lang='lat' dir='ltr'><strong>tores,</strong></span> <span class='ocrx_word' id='word_1_139' title='bbox 325 2291 380 2374; x_wconf 90' lang='lat' dir='ltr'><strong>qui</strong></span> <span class='ocrx_word' id='word_1_140' title='bbox 396 2313 460 2375; x_wconf 83' lang='lat' dir='ltr'><strong>pro</strong></span> <span class='ocrx_word' id='word_1_141' title='bbox 485 2290 603 2354; x_wconf 82' lang='lat' dir='ltr'><strong>tabulis</strong></span> <span class='ocrx_word' id='word_1_142' title='bbox 625 2293 831 2354; x_wconf 81' lang='lat' dir='ltr'><strong>monumentis</strong></span> <span class='ocrx_word' id='word_1_143' title='bbox 861 2291 1027 2370; x_wconf 82' lang='lat' dir='ltr'><strong>librorum,</strong></span> <span class='ocrx_word' id='word_1_144' title='bbox 1057 2304 1087 2358; x_wconf 87' lang='lat' dir='ltr'><strong>et</strong></span> <span class='ocrx_word' id='word_1_145' title='bbox 1104 2317 1167 2380; x_wconf 86' lang='lat' dir='ltr'><strong>pro</strong></span> <span class='ocrx_word' id='word_1_146' title='bbox 1191 2294 1329 2358; x_wconf 77' lang='lat' dir='ltr'><strong>cotona</strong></span> 
     </span>
     <span class='ocr_line' id='line_1_21' title="bbox 207 2387 1328 2478; baseline 0.005 -28"><span class='ocrx_word' id='word_1_147' title='bbox 207 2388 361 2450; x_wconf 85' lang='lat' dir='ltr'><strong>varietate</strong></span> <span class='ocrx_word' id='word_1_148' title='bbox 377 2387 683 2474; x_wconf 80' lang='lat' dir='ltr'><strong>orationisflosculis</strong></span> <span class='ocrx_word' id='word_1_149' title='bbox 696 2398 841 2466; x_wconf 85' lang='lat' dir='ltr'><strong>utuntur,</strong></span> <span class='ocrx_word' id='word_1_150' title='bbox 849 2392 1030 2454; x_wconf 69' lang='lat' dir='ltr'><strong>materiam</strong></span> <span class='ocrx_word' id='word_1_151' title='bbox 1043 2415 1147 2456; x_wconf 83' lang='lat' dir='ltr'><strong>reram</strong></span> <span class='ocrx_word' id='word_1_152' title='bbox 1159 2403 1328 2478; x_wconf 83' lang='lat' dir='ltr'><strong>qestarum,</strong></span> 
     </span>
     <span class='ocr_line' id='line_1_22' title="bbox 210 2483 1330 2575; baseline 0.007 -28"><span class='ocrx_word' id='word_1_153' title='bbox 210 2483 255 2566; x_wconf 86' lang='lat' dir='ltr'><strong>(si</strong></span> <span class='ocrx_word' id='word_1_154' title='bbox 278 2484 402 2568; x_wconf 86' lang='lat' dir='ltr'><strong>quidem</strong></span> <span class='ocrx_word' id='word_1_155' title='bbox 423 2508 474 2548; x_wconf 88' lang='lat' dir='ltr'><strong>rcs</strong></span> <span class='ocrx_word' id='word_1_156' title='bbox 486 2487 647 2571; x_wconf 85' lang='lat' dir='ltr'><strong>pictorum</strong></span> <span class='ocrx_word' id='word_1_157' title='bbox 662 2485 797 2568; x_wconf 79' lang='lat' dir='ltr'><strong>artificio</strong></span> <span class='ocrx_word' id='word_1_158' title='bbox 812 2487 989 2573; x_wconf 84' lang='lat' dir='ltr'><strong>descriptas</strong></span> <span class='ocrx_word' id='word_1_159' title='bbox 1005 2490 1153 2575; x_wconf 86' lang='lat' dir='ltr'><strong>temporis</strong></span> <span class='ocrx_word' id='word_1_160' title='bbox 1176 2492 1330 2555; x_wconf 77' lang='lat' dir='ltr'><strong>consumit</strong></span> 
     </span>
     <span class='ocr_line' id='line_1_23' title="bbox 209 2580 1329 2675; baseline 0.01 -33"><span class='ocrx_word' id='word_1_161' title='bbox 209 2580 386 2666; x_wconf 78' lang='lat' dir='ltr'><strong>conficitque</strong></span> <span class='ocrx_word' id='word_1_162' title='bbox 417 2581 664 2668; x_wconf 84' lang='lat' dir='ltr'><strong>lonqinqne&#39;tas),</strong></span> <span class='ocrx_word' id='word_1_163' title='bbox 695 2583 791 2647; x_wconf 90' lang='lat' dir='ltr'><strong>multo</strong></span> <span class='ocrx_word' id='word_1_164' title='bbox 822 2585 1052 2650; x_wconf 80' lang='lat' dir='ltr'><strong>dintnnaiorem</strong></span> <span class='ocrx_word' id='word_1_165' title='bbox 1075 2587 1329 2675; x_wconf 77' lang='lat' dir='ltr'><strong>stabilioremque</strong></span> 
     </span>
     <span class='ocr_line' id='line_1_24' title="bbox 208 2677 1330 2767; baseline 0.009 -27"><span class='ocrx_word' id='word_1_166' title='bbox 208 2677 359 2764; x_wconf 84' lang='lat' dir='ltr'><strong>efficiant.</strong></span> <span class='ocrx_word' id='word_1_167' title='bbox 411 2677 482 2751; x_wconf 84' lang='lat' dir='ltr'><strong>Qua</strong></span> <span class='ocrx_word' id='word_1_168' title='bbox 511 2680 637 2744; x_wconf 84' lang='lat' dir='ltr'><strong>ratione</strong></span> <span class='ocrx_word' id='word_1_169' title='bbox 667 2683 734 2766; x_wconf 77' lang='lat' dir='ltr'><strong>iqree</strong></span> <span class='ocrx_word' id='word_1_170' title='bbox 764 2682 906 2767; x_wconf 79' lang='lat' dir='ltr'><strong>equidem</strong></span> <span class='ocrx_word' id='word_1_171' title='bbox 935 2683 1092 2750; x_wconf 74' lang='lat' dir='ltr'><strong>udductm</strong></span> <span class='ocrx_word' id='word_1_172' title='bbox 1121 2709 1198 2765; x_wconf 85' lang='lat' dir='ltr'><strong>sum,</strong></span> <span class='ocrx_word' id='word_1_173' title='bbox 1228 2699 1263 2752; x_wconf 84' lang='lat' dir='ltr'><strong>at</strong></span> <span class='ocrx_word' id='word_1_174' title='bbox 1290 2711 1330 2750; x_wconf 89' lang='lat' dir='ltr'><strong>ea</strong></span> 
     </span>
     <span class='ocr_line' id='line_1_25' title="bbox 208 2777 1330 2871; baseline 0.007 -33"><span class='ocrx_word' id='word_1_175' title='bbox 208 2799 286 2860; x_wconf 88' lang='lat' dir='ltr'><strong>qnae</strong></span> <span class='ocrx_word' id='word_1_176' title='bbox 310 2777 345 2840; x_wconf 87' lang='lat' dir='ltr'><strong>in</strong></span> <span class='ocrx_word' id='word_1_177' title='bbox 359 2777 583 2842; x_wconf 82' lang='lat' dir='ltr'><strong>Ecclesiastico</strong></span> <span class='ocrx_word' id='word_1_178' title='bbox 596 2779 729 2844; x_wconf 76' lang='lat' dir='ltr'><strong>histor-ia</strong></span> <span class='ocrx_word' id='word_1_179' title='bbox 747 2780 873 2859; x_wconf 83' lang='lat' dir='ltr'><strong>desunt,</strong></span> <span class='ocrx_word' id='word_1_180' title='bbox 897 2783 1025 2868; x_wconf 83' lang='lat' dir='ltr'><strong>seriptis</strong></span> <span class='ocrx_word' id='word_1_181' title='bbox 1047 2784 1199 2846; x_wconf 74' lang='lat' dir='ltr'><strong>mandme</strong></span> <span class='ocrx_word' id='word_1_182' title='bbox 1223 2807 1330 2871; x_wconf 83' lang='lat' dir='ltr'><strong>aqqre-</strong></span> 
     </span>
     <span class='ocr_line' id='line_1_26' title="bbox 208 2873 1329 2964; baseline 0.01 -29"><span class='ocrx_word' id='word_1_183' title='bbox 208 2873 283 2936; x_wconf 86' lang='lat' dir='ltr'><strong>diar</strong></span> <span class='ocrx_word' id='word_1_184' title='bbox 306 2922 446 2938; x_wconf 91' lang='grc'><strong>.....</strong></span> <span class='ocrx_word' id='word_1_185' title='bbox 471 2875 573 2960; x_wconf 81' lang='lat' dir='ltr'><strong>Atque</strong></span> <span class='ocrx_word' id='word_1_186' title='bbox 597 2887 631 2940; x_wconf 90' lang='lat' dir='ltr'><strong>nt</strong></span> <span class='ocrx_word' id='word_1_187' title='bbox 654 2877 808 2940; x_wconf 80' lang='lat' dir='ltr'><strong>Eusebius</strong></span> <span class='ocrx_word' id='word_1_188' title='bbox 834 2879 1170 2964; x_wconf 85' lang='lat' dir='ltr'><strong>qenerePolaestinus,</strong></span> <span class='ocrx_word' id='word_1_189' title='bbox 1196 2905 1217 2945; x_wconf 90' lang='lat' dir='ltr'><strong>a</strong></span> <span class='ocrx_word' id='word_1_190' title='bbox 1240 2905 1329 2946; x_wconf 89' lang='lat' dir='ltr'><strong>sanc·</strong></span> 
     </span>
     <span class='ocr_line' id='line_1_27' title="bbox 209 2972 1329 3059; baseline 0.009 -25"><span class='ocrx_word' id='word_1_191' title='bbox 209 2982 310 3034; x_wconf 89' lang='lat' dir='ltr'><strong>torum</strong></span> <span class='ocrx_word' id='word_1_192' title='bbox 338 2972 560 3056; x_wconf 83' lang='lat' dir='ltr'><strong>Apostolorum</strong></span> <span class='ocrx_word' id='word_1_193' title='bbox 590 2984 724 3059; x_wconf 84' lang='lat' dir='ltr'><strong>tempore</strong></span> <span class='ocrx_word' id='word_1_194' title='bbox 755 2996 901 3052; x_wconf 71' lang='lat' dir='ltr'><strong>exorsus,</strong></span> <span class='ocrx_word' id='word_1_195' title='bbox 935 2999 986 3040; x_wconf 85' lang='lat' dir='ltr'><strong>res</strong></span> <span class='ocrx_word' id='word_1_196' title='bbox 1015 2979 1050 3042; x_wconf 89' lang='lat' dir='ltr'><strong>in</strong></span> <span class='ocrx_word' id='word_1_197' title='bbox 1079 2979 1223 3043; x_wconf 86' lang='lat' dir='ltr'><strong>Ecclesia</strong></span> <span class='ocrx_word' id='word_1_198' title='bbox 1252 2979 1329 3042; x_wconf 81' lang='lat' dir='ltr'><strong>inde</strong></span> 
     </span>
     <span class='ocr_line' id='line_1_28' title="bbox 208 3067 1330 3162; baseline 0.01 -32"><span class='ocrx_word' id='word_1_199' title='bbox 208 3091 302 3153; x_wconf 90' lang='lat' dir='ltr'><strong>usque</strong></span> <span class='ocrx_word' id='word_1_200' title='bbox 327 3070 370 3132; x_wconf 89' lang='lat' dir='ltr'><strong>ad</strong></span> <span class='ocrx_word' id='word_1_201' title='bbox 394 3081 533 3156; x_wconf 84' lang='lat' dir='ltr'><strong>tempora</strong></span> <span class='ocrx_word' id='word_1_202' title='bbox 560 3067 762 3136; x_wconf 81' lang='lat' dir='ltr'><strong>Constantini</strong></span> <span class='ocrx_word' id='word_1_203' title='bbox 779 3073 985 3158; x_wconf 86' lang='lat' dir='ltr'><strong>Imperatoris</strong></span> <span class='ocrx_word' id='word_1_204' title='bbox 1009 3077 1202 3140; x_wconf 88' lang='lat' dir='ltr'><strong>sanctissimi</strong></span> <span class='ocrx_word' id='word_1_205' title='bbox 1225 3087 1330 3162; x_wconf 80' lang='lat' dir='ltr'><strong>qestas</strong></span> 
     </span>
     <span class='ocr_line' id='line_1_29' title="bbox 208 3168 1330 3258; baseline 0.01 -30"><span class='ocrx_word' id='word_1_206' title='bbox 208 3168 402 3252; x_wconf 71' lang='lat' dir='ltr'><strong>corescripsit,</strong></span> <span class='ocrx_word' id='word_1_207' title='bbox 427 3170 472 3230; x_wconf 83' lang='lat' dir='ltr'><strong>sic</strong></span> <span class='ocrx_word' id='word_1_208' title='bbox 495 3191 549 3254; x_wconf 85' lang='lat' dir='ltr'><strong>eqo</strong></span> <span class='ocrx_word' id='word_1_209' title='bbox 573 3192 612 3232; x_wconf 82' lang='lat' dir='ltr'><strong>esc</strong></span> <span class='ocrx_word' id='word_1_210' title='bbox 636 3169 692 3232; x_wconf 84' lang='lat' dir='ltr'><strong>illo</strong></span> <span class='ocrx_word' id='word_1_211' title='bbox 717 3171 785 3254; x_wconf 90' lang='lat' dir='ltr'><strong>ipso</strong></span> <span class='ocrx_word' id='word_1_212' title='bbox 810 3183 963 3255; x_wconf 84' lang='lat' dir='ltr'><strong>tempore,</strong></span> <span class='ocrx_word' id='word_1_213' title='bbox 988 3196 1047 3258; x_wconf 90' lang='lat' dir='ltr'><strong>quo</strong></span> <span class='ocrx_word' id='word_1_214' title='bbox 1071 3173 1111 3238; x_wconf 81' lang='lat' dir='ltr'><strong>ad</strong></span> <span class='ocrx_word' id='word_1_215' title='bbox 1137 3197 1171 3238; x_wconf 92' lang='lat' dir='ltr'><strong>eo</strong></span> <span class='ocrx_word' id='word_1_216' title='bbox 1196 3175 1330 3238; x_wconf 84' lang='lat' dir='ltr'><strong>desitum</strong></span> 
     </span>
     <span class='ocr_line' id='line_1_30' title="bbox 209 3264 1327 3355; baseline 0.009 -29"><span class='ocrx_word' id='word_1_217' title='bbox 209 3275 254 3328; x_wconf 87' lang='lat' dir='ltr'><strong>est</strong></span> <span class='ocrx_word' id='word_1_218' title='bbox 277 3264 420 3342; x_wconf 82' lang='lat' dir='ltr'><strong>scribere,</strong></span> <span class='ocrx_word' id='word_1_219' title='bbox 445 3266 571 3328; x_wconf 83' lang='lat' dir='ltr'><strong>initium</strong></span> <span class='ocrx_word' id='word_1_220' title='bbox 582 3268 732 3332; x_wconf 71' lang='lat' dir='ltr'><strong>distortae</strong></span> <span class='ocrx_word' id='word_1_221' title='bbox 756 3268 867 3332; x_wconf 83' lang='lat' dir='ltr'><strong>ducere</strong></span> <span class='ocrx_word' id='word_1_222' title='bbox 892 3280 1006 3334; x_wconf 86' lang='lat' dir='ltr'><strong>statuo.</strong></span> <span class='ocrx_word' id='word_1_223' title='bbox 1014 3271 1041 3355; x_wconf 78' lang='lat'><strong>1)</strong></span> <span class='ocrx_word' id='word_1_224' title='bbox 1088 3271 1200 3355; x_wconf 86' lang='lat' dir='ltr'><strong>Stylus</strong></span> <span class='ocrx_word' id='word_1_225' title='bbox 1224 3272 1327 3336; x_wconf 84' lang='lat' dir='ltr'><strong>Theo·</strong></span> 
     </span>
     <span class='ocr_line' id='line_1_31' title="bbox 209 3361 1330 3456; baseline 0.01 -32"><span class='ocrx_word' id='word_1_226' title='bbox 209 3361 324 3442; x_wconf 89' lang='lat' dir='ltr'><strong>doreti,</strong></span> <span class='ocrx_word' id='word_1_227' title='bbox 358 3363 404 3424; x_wconf 88' lang='lat' dir='ltr'><strong>uti</strong></span> <span class='ocrx_word' id='word_1_228' title='bbox 439 3385 480 3424; x_wconf 91' lang='lat' dir='ltr'><strong>ex</strong></span> <span class='ocrx_word' id='word_1_229' title='bbox 503 3362 554 3426; x_wconf 89' lang='lat' dir='ltr'><strong>his</strong></span> <span class='ocrx_word' id='word_1_230' title='bbox 582 3363 654 3449; x_wconf 87' lang='lat' dir='ltr'><strong>jam</strong></span> <span class='ocrx_word' id='word_1_231' title='bbox 679 3365 783 3448; x_wconf 86' lang='lat' dir='ltr'><strong>vides,</strong></span> <span class='ocrx_word' id='word_1_232' title='bbox 818 3367 925 3431; x_wconf 87' lang='lat' dir='ltr'><strong>clarus</strong></span> <span class='ocrx_word' id='word_1_233' title='bbox 959 3377 1017 3450; x_wconf 86' lang='lat' dir='ltr'><strong>est,</strong></span> <span class='ocrx_word' id='word_1_234' title='bbox 1052 3369 1205 3435; x_wconf 90' lang='lat' dir='ltr'><strong>sublimis</strong></span> <span class='ocrx_word' id='word_1_235' title='bbox 1230 3381 1330 3456; x_wconf 85' lang='lat' dir='ltr'><strong>atque</strong></span> 
     </span>
     <span class='ocr_line' id='line_1_32' title="bbox 209 3461 1330 3553; baseline 0.009 -29"><span class='ocrx_word' id='word_1_236' title='bbox 209 3461 370 3542; x_wconf 89' lang='lat' dir='ltr'><strong>concisus,</strong></span> <span class='ocrx_word' id='word_1_237' title='bbox 395 3461 604 3546; x_wconf 86' lang='lat' dir='ltr'><strong>pretiumque</strong></span> <span class='ocrx_word' id='word_1_238' title='bbox 629 3465 737 3547; x_wconf 89' lang='lat' dir='ltr'><strong>operis</strong></span> <span class='ocrx_word' id='word_1_239' title='bbox 761 3464 839 3528; x_wconf 86' lang='lat' dir='ltr'><strong>inde</strong></span> <span class='ocrx_word' id='word_1_240' title='bbox 862 3476 1003 3548; x_wconf 87' lang='lat' dir='ltr'><strong>augetur</strong></span> <span class='ocrx_word' id='word_1_241' title='bbox 1011 3515 1019 3548; x_wconf 90' lang='lat'><strong>,</strong></span> <span class='ocrx_word' id='word_1_242' title='bbox 1045 3467 1133 3552; x_wconf 92' lang='lat' dir='ltr'><strong>quod</strong></span> <span class='ocrx_word' id='word_1_243' title='bbox 1165 3469 1330 3553; x_wconf 81' lang='lat' dir='ltr'><strong>permulta</strong></span> 
     </span>
     <span class='ocr_line' id='line_1_33' title="bbox 209 3557 1331 3651; baseline 0.01 -31"><span class='ocrx_word' id='word_1_244' title='bbox 209 3559 238 3620; x_wconf 91' lang='lat' dir='ltr'><strong>ei</strong></span> <span class='ocrx_word' id='word_1_245' title='bbox 264 3559 403 3622; x_wconf 88' lang='lat' dir='ltr'><strong>inseruit</strong></span> <span class='ocrx_word' id='word_1_246' title='bbox 426 3557 582 3622; x_wconf 86' lang='lat' dir='ltr'><strong>historica</strong></span> <span class='ocrx_word' id='word_1_247' title='bbox 612 3559 820 3626; x_wconf 89' lang='lat' dir='ltr'><strong>documenta.</strong></span> <span class='ocrx_word' id='word_1_248' title='bbox 846 3601 889 3610; x_wconf 92' lang='lat'><em>-</em></span> <span class='ocrx_word' id='word_1_249' title='bbox 915 3563 1010 3643; x_wconf 79' lang='lat' dir='ltr'><strong>Quae</strong></span> <span class='ocrx_word' id='word_1_250' title='bbox 1033 3567 1238 3651; x_wconf 88' lang='lat' dir='ltr'><strong>scripserunt</strong></span> <span class='ocrx_word' id='word_1_251' title='bbox 1261 3567 1331 3632; x_wconf 87' lang='lat' dir='ltr'><strong>fere</strong></span> 
     </span>
     <span class='ocr_line' id='line_1_34' title="bbox 209 3655 1330 3748; baseline 0.011 -31"><span class='ocrx_word' id='word_1_252' title='bbox 209 3655 325 3718; x_wconf 87' lang='lat' dir='ltr'><strong>codem</strong></span> <span class='ocrx_word' id='word_1_253' title='bbox 349 3665 495 3740; x_wconf 86' lang='lat' dir='ltr'><strong>tempore</strong></span> <span class='ocrx_word' id='word_1_254' title='bbox 519 3657 687 3742; x_wconf 76' lang='lat' dir='ltr'><strong>Philippus</strong></span> <span class='ocrx_word' id='word_1_255' title='bbox 702 3657 835 3738; x_wconf 77' lang='lat' dir='ltr'><strong>Sidetas,</strong></span> <span class='ocrx_word' id='word_1_256' title='bbox 860 3661 1089 3748; x_wconf 82' lang='lat' dir='ltr'><strong>Pdilostorqias</strong></span> <span class='ocrx_word' id='word_1_257' title='bbox 1103 3663 1221 3728; x_wconf 84' lang='lat' dir='ltr'><strong>Ariani</strong></span> <span class='ocrx_word' id='word_1_258' title='bbox 1245 3687 1330 3729; x_wconf 81' lang='lat' dir='ltr'><strong>erro</strong></span> 
     </span>
     <span class='ocr_line' id='line_1_35' title="bbox 209 3754 1331 3836; baseline 0.012 -22"><span class='ocrx_word' id='word_1_259' title='bbox 209 3754 255 3814; x_wconf 86' lang='lat' dir='ltr'><strong>ris</strong></span> <span class='ocrx_word' id='word_1_260' title='bbox 278 3763 419 3816; x_wconf 67' lang='lat' dir='ltr'><strong>secutor</strong></span> <span class='ocrx_word' id='word_1_261' title='bbox 441 3755 636 3836; x_wconf 86' lang='lat' dir='ltr'><strong>acerrimus,</strong></span> <span class='ocrx_word' id='word_1_262' title='bbox 662 3767 694 3818; x_wconf 90' lang='lat' dir='ltr'><strong>et</strong></span> <span class='ocrx_word' id='word_1_263' title='bbox 721 3757 902 3822; x_wconf 79' lang='lat' dir='ltr'><strong>Tlseodorus</strong></span> <span class='ocrx_word' id='word_1_264' title='bbox 924 3758 1026 3824; x_wconf 89' lang='lat' dir='ltr'><strong>lector</strong></span> <span class='ocrx_word' id='word_1_265' title='bbox 1048 3761 1219 3826; x_wconf 87' lang='lat' dir='ltr'><strong>Ecclesiae</strong></span> <span class='ocrx_word' id='word_1_266' title='bbox 1245 3761 1331 3828; x_wconf 83' lang='lat' dir='ltr'><strong>Oan-</strong></span> 
     </span>
     <span class='ocr_line' id='line_1_36' title="bbox 210 3850 1331 3942; baseline 0.012 -30"><span class='ocrx_word' id='word_1_267' title='bbox 210 3850 449 3934; x_wconf 88' lang='lat' dir='ltr'><strong>stnntiuopolis,</strong></span> <span class='ocrx_word' id='word_1_268' title='bbox 475 3853 621 3916; x_wconf 81' lang='lat' dir='ltr'><strong>lunximn</strong></span> <span class='ocrx_word' id='word_1_269' title='bbox 645 3875 686 3916; x_wconf 85' lang='lat' dir='ltr'><strong>ex</strong></span> <span class='ocrx_word' id='word_1_270' title='bbox 710 3865 804 3938; x_wconf 87' lang='lat' dir='ltr'><strong>parte</strong></span> <span class='ocrx_word' id='word_1_271' title='bbox 825 3855 996 3940; x_wconf 86' lang='lat' dir='ltr'><strong>deperdita</strong></span> <span class='ocrx_word' id='word_1_272' title='bbox 1020 3869 1113 3942; x_wconf 78' lang='lat' dir='ltr'><strong>suut3</strong></span> <span class='ocrx_word' id='word_1_273' title='bbox 1138 3860 1194 3924; x_wconf 88' lang='lat' dir='ltr'><strong>ille</strong></span> <span class='ocrx_word' id='word_1_274' title='bbox 1217 3871 1331 3926; x_wconf 87' lang='lat' dir='ltr'><strong>autem</strong></span> 
     </span>
     <span class='ocr_line' id='line_1_37' title="bbox 210 3951 1332 4042; baseline 0.012 -32"><span class='ocrx_word' id='word_1_275' title='bbox 210 3951 576 4032; x_wconf 87' lang='lat' dir='ltr'><strong>quac1·estnnt,etiam</strong></span> <span class='ocrx_word' id='word_1_276' title='bbox 614 3953 649 4014; x_wconf 90' lang='lat' dir='ltr'><strong>in</strong></span> <span class='ocrx_word' id='word_1_277' title='bbox 686 3953 842 4037; x_wconf 85' lang='lat' dir='ltr'><strong>operibus</strong></span> <span class='ocrx_word' id='word_1_278' title='bbox 865 3965 1036 4020; x_wconf 90' lang='lat' dir='ltr'><strong>auctorum</strong></span> <span class='ocrx_word' id='word_1_279' title='bbox 1077 3979 1158 4042; x_wconf 92' lang='lat' dir='ltr'><strong>quos</strong></span> <span class='ocrx_word' id='word_1_280' title='bbox 1182 3961 1332 4024; x_wconf 86' lang='lat' dir='ltr'><strong>nomina·</strong></span> 
     </span>
    </p>
   </div>
   <div class='ocr_carea' id='block_1_3' title="bbox 244 4161 599 4230">
    <p class='ocr_par' dir='ltr' id='par_1_3' title="bbox 244 4161 599 4230">
     <span class='ocr_line' id='line_1_38' title="bbox 244 4161 599 4230; baseline 0.006 -16"><span class='ocrx_word' id='word_1_281' title='bbox 244 4163 262 4230; x_wconf 82' lang='lat'><strong>¹)</strong></span> <span class='ocrx_word' id='word_1_282' title='bbox 282 4161 354 4216; x_wconf 86' lang='lat' dir='ltr'><strong>Hist.</strong></span> <span class='ocrx_word' id='word_1_283' title='bbox 373 4161 435 4216; x_wconf 88' lang='lat' dir='ltr'><strong>eccl.</strong></span> <span class='ocrx_word' id='word_1_284' title='bbox 457 4163 473 4214; x_wconf 91' lang='lat' dir='ltr'><strong>l.</strong></span> <span class='ocrx_word' id='word_1_285' title='bbox 493 4163 514 4216; x_wconf 90' lang='grc' dir='ltr'><strong>Ι.</strong></span> <span class='ocrx_word' id='word_1_286' title='bbox 533 4179 555 4216; x_wconf 92' lang='lat' dir='ltr'><strong>c.</strong></span> <span class='ocrx_word' id='word_1_287' title='bbox 576 4166 599 4216; x_wconf 92' lang='lat' dir='ltr'><strong>l.</strong></span> 
     </span>
    </p>
   </div>
   <div class='ocr_carea' id='block_1_4' title="bbox 0 0 1478 4814">
    <p class='ocr_par' dir='ltr' id='par_1_4' title="bbox 0 0 1478 4814">
     <span class='ocr_line' id='line_1_39' title="bbox 0 0 1478 4814; baseline 0 0"><span class='ocrx_word' id='word_1_288' title='bbox 0 0 1478 4814; x_wconf 95' lang='lat' dir='ltr'><strong> </strong></span> 
     </span>
    </p>
   </div>
  </div>
 </body>
</html>
