2806 4848
448 495 488 550 De
505 493 669 550 consessione
687 494 815 550 mulieris.
1135 497 1187 550 tos

70 643 146 706 licre
172 641 232 706 illa
256 639 359 704 uobili
383 639 620 704 consessionem
653 647 812 702 secretam
841 639 931 724 apud
954 640 1183 724 presbyterum

70 740 364 826 poenitentiarium
387 737 508 802 factam
533 758 611 800 esse.
657 737 697 801 Iu
721 739 827 823 prima
851 737 984 822 quidem
1009 738 1049 802 de
1073 761 1185 824 pecca-

69 842 105 902 tis
139 838 369 924 poenitentiae
402 836 581 900 canonicae
615 834 767 900 obnoxiis
799 844 910 900 actum
943 857 1010 900 non
1043 859 1121 918 esse,
1146 860 1185 902 ac

69 936 304 1022 presbyterum
328 933 457 998 mulieri
490 953 557 996 non
587 932 765 1018 publicam,
798 933 856 998 sed
887 936 1052 1019 privatam
1075 938 1185 1020 poeni-

69 1038 208 1099 tentiam
234 1034 419 1096 orationum
444 1041 476 1096 et
494 1032 697 1117 jejuniorum
722 1033 924 1117 imposuisse.
971 1033 1012 1097 Iu
1040 1035 1186 1100 secunda

68 1133 279 1198 confessione
316 1152 388 1195 eam
421 1131 589 1215 aperuisse
622 1132 747 1194 crimen
780 1153 856 1194 cum
879 1130 1018 1198 diacono
1052 1135 1184 1198 interim

69 1232 307 1311 commissum3
345 1250 384 1292 ac
413 1237 493 1292 tunc
517 1227 664 1313 deposito
697 1228 835 1294 diacono
859 1251 898 1294 ea
928 1232 1077 1295 evenisse
1101 1253 1186 1316 quae

68 1329 281 1414 abrogationi
304 1349 324 1390 a
346 1327 500 1390 Nectario
517 1325 744 1390 decernendae
758 1326 867 1391 locum
891 1327 1094 1415 dederunt¹).
1119 1329 1185 1394 Sed

69 1429 215 1514 plurima
239 1426 361 1490 bacin
385 1425 588 1510 expositione
621 1426 754 1488 omnino
785 1424 924 1490 obscura
946 1425 1185 1512 relinquuntur,

69 1549 178 1613 noque
203 1524 399 1608 intelligitur
421 1524 513 1604 ratio,
539 1545 598 1586 cur
620 1524 654 1586 in
678 1524 748 1586 istis
771 1521 1042 1590 circumstanstiis
1071 1526 1186 1590 Necta-

8 1626 12 1683 ’.
69 1627 132 1689 rius
158 1621 395 1709 presbyterum
419 1621 708 1706 poenitentiarium
732 1620 950 1705 abrogaverit.

155 1721 214 1786 22.
241 1721 388 1784 Pacarius
410 1720 446 1784 in
468 1719 622 1782 Distribo
649 1719 686 1782 de
705 1721 921 1805 poenitentioe
949 1731 1048 1784 vetere
1071 1722 1106 1786 ia
1129 1723 1186 1786 Ec-

69 1821 164 1884 clesia
189 1821 317 1882 ratione
341 1823 370 1900 ξ.
395 1819 415 1882 3
439 1817 480 1882 (11
499 1817 645 1880 Nectarii
669 1817 755 1882 facto
780 1819 857 1902 agit.
904 1819 1094 1904 Propugnat
1117 1822 1187 1905 ipse

69 1919 97 1982 in
130 1917 201 1982 bac
226 1916 383 1980 Diatriba
415 1938 488 1980 cam
521 1916 731 1996 sententiam,
768 1937 937 2001 nunquam
971 1919 1005 1980 in
1037 1917 1187 1982 Ecclesia

69 2017 243 2100 publicam
267 2024 475 2100 peccatorum
501 2015 738 2078 confessionem
759 2013 860 2078 fuisse
882 2025 1058 2100 receptam,
1082 2037 1121 2079 ac
1146 2016 1187 2080 de

70 2117 126 2180 isto
153 2121 284 2178 eventu
316 2115 362 2176 ita
386 2112 515 2176 scribit:
551 2111 657 2194 ,Cum
680 2113 714 2176 iu
739 2112 892 2176 obeunda
916 2113 1127 2197 poenitentia,
1152 2114 1187 2176 in

69 2215 230 2292 oratione,
251 2212 391 2296 jejunio,
416 2210 656 2296 frequentanda
679 2209 818 2274 ecclesia
833 2210 962 2295 lougius
985 2211 1186 2296 procederet,

68 2311 210 2376 alterum
237 2309 330 2374 nefas
354 2310 485 2372 interim
501 2309 664 2373 commisit
678 2318 711 2372 et
733 2307 874 2372 subinde
899 2308 1095 2392 declaravit3
1120 2331 1187 2374 nou

69 2413 183 2496 utique
218 2406 390 2494 propalam
423 2429 484 2470 nec
517 2409 552 2470 in
575 2406 707 2491 publico
741 2415 923 2488 conventu,
949 2408 1006 2472 sed
1030 2409 1186 2493 privatim

68 2523 97 2572 et
120 2529 240 2572 coram
271 2506 522 2591 poenitentiario
553 2504 732 2586 sacerdote,
765 2505 855 2589 apud
884 2527 981 2590 quem
1006 2506 1187 2570 identidem

69 2616 207 2692 peccata
233 2605 423 2689 deponeret,
454 2613 512 2667 aut
543 2603 642 2667 etiam
674 2604 755 2666 citra
783 2614 1025 2668 sacramentum
1049 2626 1124 2668 cum
1149 2626 1186 2667 eo

67 2715 122 2768 aut
146 2703 214 2768 alio
241 2701 440 2786 colloquens,
488 2700 660 2786 Quidquid
693 2700 835 2786 denique
865 2702 990 2786 potius,
1020 2723 1120 2787 quam
1151 2711 1187 2766 ut

69 2801 242 2887 publicam
267 2801 310 2865 ad
334 2800 574 2864 confessionem
606 2799 758 2862 adactam
789 2798 971 2862 dixerimus
994 2811 1052 2864 aut
1074 2799 1186 2864 mulie·
1235 2881 1240 2890 ,

68 2923 136 2964 rem
171 2902 284 2977 istam,
317 2909 375 2961 aut
412 2897 514 2962 ullum
538 2898 671 2961 omniuo
704 2897 901 2962 mortalium.
948 2897 1021 2961 Hoc
1045 2899 1145 2980 igitur
1166 2921 1186 2961 a

68 2999 254 3078 sacerdote,
279 2995 321 3060 ab
345 2997 500 3076 antistite,
525 2996 678 3080 apaucis
695 2994 837 3082 denique
861 2995 984 3080 flagitio
1010 3005 1185 3081 comperto,

1 3155 2 3175 2
67 3097 242 3182 depositus
273 3105 322 3158 est
358 3093 412 3158 ille
442 3093 618 3174 diaconus,
650 3115 692 3156 ex
721 3115 785 3179 quo
810 3093 968 3180 paulatim
1003 3094 1186 3180 percrebes-

1 3203 2 3228 ³
67 3205 166 3258 cente
190 3195 292 3272 fama,
316 3215 386 3257 rem
410 3191 627 3256 subodoratus
651 3200 700 3256 est
722 3190 892 3277 populus.“
937 3191 1003 3256 Sed
1027 3191 1109 3256 haec
1133 3214 1186 3254 ex·

66 3295 201 3378 positio,
227 3291 436 3356 considerata
451 3292 636 3354 narratione
653 3290 796 3355 Socratis
816 3299 848 3354 et
862 3289 1045 3371 Sozomeui,
1070 3311 1186 3375 parum

1 3423 2 3470 p
66 3391 172 3454 obvia
196 3401 257 3470 est,
281 3388 411 3453 illorum
434 3387 626 3452 relationem
641 3390 807 3453 nonsatis
830 3390 973 3474 respicit,
998 3411 1058 3452 nec
1082 3397 1185 3452 totum

1 3545 2 3554 ,
66 3501 229 3554 eventum
258 3487 411 3552 elucidat.
443 3525 486 3534 -
516 3487 1187 3572 11111111111011110111111112111111111

66 3587 214 3674 simplici
249 3587 376 3650 ratione
405 3607 474 3650 rem
505 3584 663 3670 explicari
694 3595 819 3666 censet,
844 3587 942 3650 unica
966 3595 1090 3649 secreta
1114 3607 1186 3649 con-

65 3689 214 3752 sessione
252 3682 399 3748 mulieris
436 3684 590 3748 admissa.
646 3683 812 3748 Videlicet
848 3682 965 3747 mulier
996 3683 1186 3770 presbytero

66 3783 326 3871 poenitentiario
349 3791 486 3868 peccata
519 3803 579 3844 sua
610 3779 690 3844 κατὰ
713 3778 807 3866 μέρος
836 3782 857 3845 1.
882 3803 909 3846 e.
934 3791 1091 3866 exparte
1114 3802 1187 3844 con-

67 3885 195 3962 fitetur,
228 3903 268 3944 ac
302 3879 473 3966 presbyter
506 3879 535 3942 ei
569 3878 732 3943 modicam
770 3879 909 3964 imponit
941 3880 1186 3965 poeniteutiam.

65 3981 170 4044 Tunc
196 3977 313 4042 mulier
335 4000 376 4042 ex
400 3978 582 4064 presbyteri
607 3977 809 4060 benignitate
833 3976 989 4042 fiduciam
1013 3976 1131 4058 haurit,
1157 3987 1188 4040 et

61 4077 277 4168 propr-adiens
307 4078 342 4140 in
366 4099 425 4140 sua
453 4075 657 4140 confossione
683 4068 932 4163 (προβαίνουσα)
958 4077 1056 4139 otiam
1081 4077 1187 4166 majus

146 4291 174 4358 ¹)
194 4289 225 4344 lu
241 4305 310 4346 saec.
329 4289 407 4346 xm.
426 4288 488 4344 Dies
516 4289 589 4344 XIV.
608 4289 632 4360 ξ.
654 4290 696 4343 28.
