<?xml version="1.0" encoding="UTF-8"?>
<!DOCTYPE html PUBLIC "-//W3C//DTD XHTML 1.0 Transitional//EN"
    "http://www.w3.org/TR/xhtml1/DTD/xhtml1-transitional.dtd">
<html xmlns="http://www.w3.org/1999/xhtml" xml:lang="en" lang="en">
 <head>
  <title>
</title>
<meta http-equiv="Content-Type" content="text/html;charset=utf-8" />
  <meta name='ocr-system' content='tesseract 3.04.00' />
  <meta name='ocr-capabilities' content='ocr_page ocr_carea ocr_par ocr_line ocrx_word'/>
</head>
<body>
  <div class='ocr_page' id='page_1' title='image "./dissertationess02junggoog_0499.png"; bbox 0 0 2766 4836; ppageno 0'>
   <div class='ocr_carea' id='block_1_1' title="bbox 234 432 1109 501">
    <p class='ocr_par' dir='ltr' id='par_1_1' title="bbox 234 432 1109 501">
     <span class='ocr_line' id='line_1_1' title="bbox 234 432 1109 501; baseline 0.003 -16"><span class='ocrx_word' id='word_1_1' title='bbox 234 434 268 486; x_wconf 75' lang='lat'>22</span> <span class='ocrx_word' id='word_1_2' title='bbox 496 433 535 487; x_wconf 88' lang='lat' dir='ltr'>De</span> <span class='ocrx_word' id='word_1_3' title='bbox 553 433 700 490; x_wconf 80' lang='lat' dir='ltr'>Arianismi</span> <span class='ocrx_word' id='word_1_4' title='bbox 717 433 784 488; x_wconf 81' lang='lat' dir='ltr'>iotis</span> <span class='ocrx_word' id='word_1_5' title='bbox 802 449 835 488; x_wconf 83' lang='lat' dir='ltr'>sc</span> <span class='ocrx_word' id='word_1_6' title='bbox 851 433 885 490; x_wconf 81' lang='lat' dir='ltr'>de</span> <span class='ocrx_word' id='word_1_7' title='bbox 902 433 982 501; x_wconf 82' lang='lat' dir='ltr'>lspsu</span> <span class='ocrx_word' id='word_1_8' title='bbox 1000 432 1109 488; x_wconf 83' lang='lat' dir='ltr'>Libarii.</span> 
     </span>
    </p>
   </div>
   <div class='ocr_carea' id='block_1_2' title="bbox 230 575 1332 3988">
    <p class='ocr_par' dir='ltr' id='par_1_2' title="bbox 230 575 1332 3500">
     <span class='ocr_line' id='line_1_2' title="bbox 234 575 1325 662; baseline -0.002 -20"><span class='ocrx_word' id='word_1_9' title='bbox 234 578 475 650; x_wconf 79' lang='lat' dir='ltr'>coutroversiae</span> <span class='ocrx_word' id='word_1_10' title='bbox 507 575 638 641; x_wconf 73' lang='lat' dir='ltr'>liabitas</span> <span class='ocrx_word' id='word_1_11' title='bbox 671 585 757 660; x_wconf 88' lang='lat' dir='ltr'>sunt,</span> <span class='ocrx_word' id='word_1_12' title='bbox 790 576 958 662; x_wconf 75' lang='lat' dir='ltr'>aliquanto</span> <span class='ocrx_word' id='word_1_13' title='bbox 987 577 1172 641; x_wconf 72' lang='lat' dir='ltr'><strong>accuratius</strong></span> <span class='ocrx_word' id='word_1_14' title='bbox 1194 597 1325 661; x_wconf 79' lang='lat' dir='ltr'>egemus.</span> 
     </span>
     <span class='ocr_line' id='line_1_3' title="bbox 235 671 1325 760; baseline 0 -22"><span class='ocrx_word' id='word_1_15' title='bbox 235 673 430 754; x_wconf 77' lang='lat' dir='ltr'>Quaerere</span> <span class='ocrx_word' id='word_1_16' title='bbox 454 673 520 738; x_wconf 90' lang='lat' dir='ltr'>huc</span> <span class='ocrx_word' id='word_1_17' title='bbox 546 677 712 760; x_wconf 79' lang='lat' dir='ltr'>pertinent</span> <span class='ocrx_word' id='word_1_18' title='bbox 743 676 873 760; x_wconf 80' lang='lat' dir='ltr'>egregie</span> <span class='ocrx_word' id='word_1_19' title='bbox 905 673 1124 760; x_wconf 77' lang='lat' dir='ltr'>explanantur</span> <span class='ocrx_word' id='word_1_20' title='bbox 1145 674 1187 738; x_wconf 89' lang='lat' dir='ltr'>ab</span> <span class='ocrx_word' id='word_1_21' title='bbox 1210 673 1270 738; x_wconf 81' lang='lat' dir='ltr'>Ex.</span> <span class='ocrx_word' id='word_1_22' title='bbox 1290 671 1325 738; x_wconf 82' lang='lat' dir='ltr'>H.</span> 
     </span>
     <span class='ocr_line' id='line_1_4' title="bbox 234 769 1326 859; baseline -0.003 -23"><span class='ocrx_word' id='word_1_23' title='bbox 234 773 324 857; x_wconf 81' lang='lat' dir='ltr'>Feye</span> <span class='ocrx_word' id='word_1_24' title='bbox 343 772 377 835; x_wconf 91' lang='lat' dir='ltr'>iu</span> <span class='ocrx_word' id='word_1_25' title='bbox 404 773 471 836; x_wconf 86' lang='lat' dir='ltr'>suis</span> <span class='ocrx_word' id='word_1_26' title='bbox 490 773 758 838; x_wconf 66' lang='lat' dir='ltr'>praelectionibus</span> <span class='ocrx_word' id='word_1_27' title='bbox 776 773 870 837; x_wconf 78' lang='lat' dir='ltr'>Jurt&#39;s</span> <span class='ocrx_word' id='word_1_28' title='bbox 882 771 1006 859; x_wconf 84' lang='lat' dir='ltr'>publici</span> <span class='ocrx_word' id='word_1_29' title='bbox 1024 769 1240 850; x_wconf 71' lang='lat' dir='ltr'>oedoeiostici,</span> <span class='ocrx_word' id='word_1_30' title='bbox 1258 770 1326 855; x_wconf 85' lang='lat' dir='ltr'>ejus·</span> 
     </span>
     <span class='ocr_line' id='line_1_5' title="bbox 234 867 1326 956; baseline -0.002 -23"><span class='ocrx_word' id='word_1_31' title='bbox 234 891 298 955; x_wconf 87' lang='lat' dir='ltr'>quc</span> <span class='ocrx_word' id='word_1_32' title='bbox 313 870 518 954; x_wconf 78' lang='lat' dir='ltr'>expositione</span> <span class='ocrx_word' id='word_1_33' title='bbox 532 871 758 955; x_wconf 83' lang='lat' dir='ltr'>quaestionem</span> <span class='ocrx_word' id='word_1_34' title='bbox 777 871 926 956; x_wconf 88' lang='lat' dir='ltr'>apprime</span> <span class='ocrx_word' id='word_1_35' title='bbox 945 868 1105 934; x_wconf 82' lang='lat' dir='ltr'>elucidari</span> <span class='ocrx_word' id='word_1_36' title='bbox 1125 867 1326 953; x_wconf 69' lang='lat' dir='ltr'>censemus).</span> 
     </span>
     <span class='ocr_line' id='line_1_6' title="bbox 234 965 1327 1053; baseline -0.004 -19"><span class='ocrx_word' id='word_1_37' title='bbox 234 967 350 1053; x_wconf 86' lang='lat' dir='ltr'>Itaque</span> <span class='ocrx_word' id='word_1_38' title='bbox 374 967 484 1052; x_wconf 86' lang='lat' dir='ltr'>quoad</span> <span class='ocrx_word' id='word_1_39' title='bbox 507 989 667 1033; x_wconf 88' lang='lat' dir='ltr'>canonem</span> <span class='ocrx_word' id='word_1_40' title='bbox 676 967 738 1050; x_wconf 84' lang='lat'>111,</span> <span class='ocrx_word' id='word_1_41' title='bbox 756 977 812 1052; x_wconf 82' lang='lat' dir='ltr'>,ut</span> <span class='ocrx_word' id='word_1_42' title='bbox 825 976 913 1032; x_wconf 87' lang='lat' dir='ltr'>recte</span> <span class='ocrx_word' id='word_1_43' title='bbox 927 965 1127 1051; x_wconf 83' lang='lat' dir='ltr'>intelligatur</span> <span class='ocrx_word' id='word_1_44' title='bbox 1148 966 1204 1032; x_wconf 88' lang='lat' dir='ltr'>hic</span> <span class='ocrx_word' id='word_1_45' title='bbox 1226 988 1327 1045; x_wconf 84' lang='lat' dir='ltr'>canon,</span> 
     </span>
     <span class='ocr_line' id='line_1_7' title="bbox 234 1064 1328 1151; baseline -0.003 -22"><span class='ocrx_word' id='word_1_46' title='bbox 234 1067 282 1130; x_wconf 85' lang='lat' dir='ltr'>ait</span> <span class='ocrx_word' id='word_1_47' title='bbox 305 1065 346 1132; x_wconf 87' lang='lat' dir='ltr'>cl.</span> <span class='ocrx_word' id='word_1_48' title='bbox 355 1065 490 1148; x_wconf 85' lang='lat' dir='ltr'>Auctor,</span> <span class='ocrx_word' id='word_1_49' title='bbox 515 1066 681 1132; x_wconf 85' lang='lat' dir='ltr'>noscenda</span> <span class='ocrx_word' id='word_1_50' title='bbox 697 1075 746 1130; x_wconf 88' lang='lat' dir='ltr'>est</span> <span class='ocrx_word' id='word_1_51' title='bbox 761 1064 936 1151; x_wconf 86' lang='lat' dir='ltr'>disciplina</span> <span class='ocrx_word' id='word_1_52' title='bbox 949 1075 1029 1128; x_wconf 87' lang='lat' dir='ltr'>tunc</span> <span class='ocrx_word' id='word_1_53' title='bbox 1039 1066 1155 1149; x_wconf 85' lang='lat' dir='ltr'>vigens</span> <span class='ocrx_word' id='word_1_54' title='bbox 1179 1066 1214 1130; x_wconf 93' lang='lat' dir='ltr'>in</span> <span class='ocrx_word' id='word_1_55' title='bbox 1236 1065 1328 1130; x_wconf 85' lang='lat' dir='ltr'>causis</span> 
     </span>
     <span class='ocr_line' id='line_1_8' title="bbox 235 1160 1327 1250; baseline -0.004 -22"><span class='ocrx_word' id='word_1_56' title='bbox 235 1165 473 1250; x_wconf 89' lang='lat' dir='ltr'>episcoporum.</span> <span class='ocrx_word' id='word_1_57' title='bbox 520 1163 554 1230; x_wconf 88' lang='lat' dir='ltr'>Si</span> <span class='ocrx_word' id='word_1_58' title='bbox 579 1166 753 1250; x_wconf 85' lang='lat' dir='ltr'>episcopus</span> <span class='ocrx_word' id='word_1_59' title='bbox 776 1163 896 1250; x_wconf 83' lang='lat' dir='ltr'>aliquis</span> <span class='ocrx_word' id='word_1_60' title='bbox 925 1163 967 1228; x_wconf 86' lang='lat' dir='ltr'>sb</span> <span class='ocrx_word' id='word_1_61' title='bbox 990 1162 1091 1230; x_wconf 88' lang='lat' dir='ltr'>ultero</span> <span class='ocrx_word' id='word_1_62' title='bbox 1114 1165 1265 1248; x_wconf 88' lang='lat' dir='ltr'>episcopo</span> <span class='ocrx_word' id='word_1_63' title='bbox 1287 1160 1327 1224; x_wconf 82' lang='lat' dir='ltr'>rel</span> 
     </span>
     <span class='ocr_line' id='line_1_9' title="bbox 235 1260 1327 1347; baseline -0.004 -21"><span class='ocrx_word' id='word_1_64' title='bbox 235 1270 345 1326; x_wconf 84' lang='lat' dir='ltr'>actore</span> <span class='ocrx_word' id='word_1_65' title='bbox 368 1272 573 1347; x_wconf 80' lang='lat' dir='ltr'>competente</span> <span class='ocrx_word' id='word_1_66' title='bbox 605 1272 824 1345; x_wconf 75' lang='lat' dir='ltr'>accusaretur,</span> <span class='ocrx_word' id='word_1_67' title='bbox 857 1261 1000 1326; x_wconf 83' lang='lat' dir='ltr'>debebat</span> <span class='ocrx_word' id='word_1_68' title='bbox 1022 1260 1229 1346; x_wconf 84' lang='lat' dir='ltr'>metropolite</span> <span class='ocrx_word' id='word_1_69' title='bbox 1251 1279 1327 1344; x_wconf 83' lang='lat' dir='ltr'>syno·</span> 
     </span>
     <span class='ocr_line' id='line_1_10' title="bbox 236 1358 1328 1445; baseline -0.005 -21"><span class='ocrx_word' id='word_1_70' title='bbox 236 1359 315 1424; x_wconf 90' lang='lat' dir='ltr'>dum</span> <span class='ocrx_word' id='word_1_71' title='bbox 338 1360 530 1444; x_wconf 88' lang='lat' dir='ltr'>provinciae</span> <span class='ocrx_word' id='word_1_72' title='bbox 554 1381 679 1444; x_wconf 87' lang='lat' dir='ltr'>cogere.</span> <span class='ocrx_word' id='word_1_73' title='bbox 726 1360 767 1425; x_wconf 94' lang='lat' dir='ltr'>In</span> <span class='ocrx_word' id='word_1_74' title='bbox 799 1361 915 1445; x_wconf 86' lang='lat' dir='ltr'>qussi</span> <span class='ocrx_word' id='word_1_75' title='bbox 944 1381 1044 1424; x_wconf 78' lang='lat' dir='ltr'>conss</span> <span class='ocrx_word' id='word_1_76' title='bbox 1067 1358 1232 1424; x_wconf 79' lang='lat' dir='ltr'>ceciderat</span> <span class='ocrx_word' id='word_1_77' title='bbox 1252 1378 1328 1421; x_wconf 86' lang='lat' dir='ltr'>sccu-</span> 
     </span>
     <span class='ocr_line' id='line_1_11' title="bbox 236 1453 1328 1544; baseline -0.005 -22"><span class='ocrx_word' id='word_1_78' title='bbox 236 1467 325 1522; x_wconf 86' lang='lat' dir='ltr'>satus</span> <span class='ocrx_word' id='word_1_79' title='bbox 356 1459 539 1544; x_wconf 90' lang='lat' dir='ltr'>episcopus,</span> <span class='ocrx_word' id='word_1_80' title='bbox 572 1458 635 1522; x_wconf 90' lang='lat' dir='ltr'>hoo</span> <span class='ocrx_word' id='word_1_81' title='bbox 666 1468 737 1522; x_wconf 86' lang='lat' dir='ltr'>erat</span> <span class='ocrx_word' id='word_1_82' title='bbox 758 1458 789 1523; x_wconf 91' lang='lat' dir='ltr'>ei</span> <span class='ocrx_word' id='word_1_83' title='bbox 821 1456 1014 1538; x_wconf 87' lang='lat' dir='ltr'>remedium,</span> <span class='ocrx_word' id='word_1_84' title='bbox 1045 1467 1082 1522; x_wconf 91' lang='lat' dir='ltr'>ut</span> <span class='ocrx_word' id='word_1_85' title='bbox 1103 1453 1250 1540; x_wconf 85' lang='lat' dir='ltr'>synodus</span> <span class='ocrx_word' id='word_1_86' title='bbox 1271 1475 1328 1518; x_wconf 88' lang='lat' dir='ltr'>oon-</span> 
     </span>
     <span class='ocr_line' id='line_1_12' title="bbox 236 1550 1327 1642; baseline -0.005 -24"><span class='ocrx_word' id='word_1_87' title='bbox 236 1566 408 1621; x_wconf 85' lang='lat' dir='ltr'>vocaretur</span> <span class='ocrx_word' id='word_1_88' title='bbox 421 1557 649 1642; x_wconf 90' lang='lat' dir='ltr'>episcoporum</span> <span class='ocrx_word' id='word_1_89' title='bbox 663 1557 855 1641; x_wconf 86' lang='lat' dir='ltr'>provinciae</span> <span class='ocrx_word' id='word_1_90' title='bbox 867 1555 1037 1620; x_wconf 87' lang='lat' dir='ltr'>finitimae.</span> <span class='ocrx_word' id='word_1_91' title='bbox 1065 1554 1111 1620; x_wconf 92' lang='lat' dir='ltr'>Hi</span> <span class='ocrx_word' id='word_1_92' title='bbox 1125 1563 1237 1620; x_wconf 85' lang='lat' dir='ltr'>autem</span> <span class='ocrx_word' id='word_1_93' title='bbox 1252 1550 1327 1615; x_wconf 88' lang='lat' dir='ltr'>debe-</span> 
     </span>
     <span class='ocr_line' id='line_1_13' title="bbox 235 1648 1327 1739; baseline -0.007 -21"><span class='ocrx_word' id='word_1_94' title='bbox 235 1652 317 1718; x_wconf 82' lang='lat' dir='ltr'>bant</span> <span class='ocrx_word' id='word_1_95' title='bbox 338 1675 381 1718; x_wconf 86' lang='lat' dir='ltr'>ex</span> <span class='ocrx_word' id='word_1_96' title='bbox 404 1675 568 1721; x_wconf 88' lang='lat' dir='ltr'>canonum</span> <span class='ocrx_word' id='word_1_97' title='bbox 600 1653 814 1739; x_wconf 74' lang='lat' dir='ltr'>dispositione</span> <span class='ocrx_word' id='word_1_98' title='bbox 846 1653 1022 1716; x_wconf 88' lang='lat' dir='ltr'>convocari</span> <span class='ocrx_word' id='word_1_99' title='bbox 1054 1675 1075 1716; x_wconf 88' lang='lat' dir='ltr'>a</span> <span class='ocrx_word' id='word_1_100' title='bbox 1098 1648 1327 1736; x_wconf 83' lang='lat' dir='ltr'>metropolitano</span> 
     </span>
     <span class='ocr_line' id='line_1_14' title="bbox 235 1746 1329 1836; baseline -0.008 -20"><span class='ocrx_word' id='word_1_101' title='bbox 235 1751 396 1832; x_wconf 83' lang='lat' dir='ltr'>accusati,</span> <span class='ocrx_word' id='word_1_102' title='bbox 421 1760 454 1816; x_wconf 90' lang='lat' dir='ltr'>et</span> <span class='ocrx_word' id='word_1_103' title='bbox 476 1753 511 1817; x_wconf 92' lang='lat' dir='ltr'>in</span> <span class='ocrx_word' id='word_1_104' title='bbox 531 1751 657 1836; x_wconf 87' lang='lat' dir='ltr'>synodo</span> <span class='ocrx_word' id='word_1_105' title='bbox 684 1749 916 1835; x_wconf 79' lang='lat' dir='ltr'>congreganda</span> <span class='ocrx_word' id='word_1_106' title='bbox 939 1752 974 1816; x_wconf 91' lang='lat' dir='ltr'>in</span> <span class='ocrx_word' id='word_1_107' title='bbox 1002 1749 1178 1835; x_wconf 80' lang='lat' dir='ltr'>pruvincia</span> <span class='ocrx_word' id='word_1_108' title='bbox 1201 1746 1329 1812; x_wconf 82' lang='lat' dir='ltr'>dsmnsti</span> 
     </span>
     <span class='ocr_line' id='line_1_15' title="bbox 234 1842 1330 1935; baseline -0.006 -23"><span class='ocrx_word' id='word_1_109' title='bbox 234 1849 391 1934; x_wconf 82' lang='lat' dir='ltr'>episcopi,</span> <span class='ocrx_word' id='word_1_110' title='bbox 415 1849 485 1935; x_wconf 90' lang='lat' dir='ltr'>ipse</span> <span class='ocrx_word' id='word_1_111' title='bbox 509 1847 778 1934; x_wconf 86' lang='lat' dir='ltr'>metropolitauus</span> <span class='ocrx_word' id='word_1_112' title='bbox 809 1871 921 1914; x_wconf 76' lang='lat' dir='ltr'>misus</span> <span class='ocrx_word' id='word_1_113' title='bbox 945 1870 1020 1914; x_wconf 90' lang='lat' dir='ltr'>cum</span> <span class='ocrx_word' id='word_1_114' title='bbox 1053 1847 1093 1911; x_wconf 92' lang='lat' dir='ltr'>iis</span> <span class='ocrx_word' id='word_1_115' title='bbox 1117 1846 1269 1933; x_wconf 84' lang='lat' dir='ltr'>judicare</span> <span class='ocrx_word' id='word_1_116' title='bbox 1288 1842 1330 1906; x_wconf 89' lang='lat' dir='ltr'>do·</span> 
     </span>
     <span class='ocr_line' id='line_1_16' title="bbox 235 1939 1330 2032; baseline -0.007 -21"><span class='ocrx_word' id='word_1_117' title='bbox 235 1945 344 2014; x_wconf 85' lang='lat' dir='ltr'>bebst.</span> <span class='ocrx_word' id='word_1_118' title='bbox 370 1947 590 2013; x_wconf 78' lang='lat' dir='ltr'>..Attamen</span> <span class='ocrx_word' id='word_1_119' title='bbox 620 1946 761 2012; x_wconf 81' lang='lat' dir='ltr'>ebusum</span> <span class='ocrx_word' id='word_1_120' title='bbox 792 1947 971 2032; x_wconf 81' lang='lat' dir='ltr'>irrepsisse,</span> <span class='ocrx_word' id='word_1_121' title='bbox 1002 1967 1066 2032; x_wconf 92' lang='lat' dir='ltr'>quo</span> <span class='ocrx_word' id='word_1_122' title='bbox 1090 1939 1330 2030; x_wconf 80' lang='lat' dir='ltr'>provocationi</span> 
     </span>
     <span class='ocr_line' id='line_1_17' title="bbox 230 2035 1330 2131; baseline -0.005 -25"><span class='ocrx_word' id='word_1_123' title='bbox 230 2044 396 2130; x_wconf 84' lang='lat' dir='ltr'>judicium</span> <span class='ocrx_word' id='word_1_124' title='bbox 425 2044 566 2131; x_wconf 82' lang='lat' dir='ltr'>alicujus</span> <span class='ocrx_word' id='word_1_125' title='bbox 598 2045 730 2110; x_wconf 86' lang='lat' dir='ltr'>finitimi</span> <span class='ocrx_word' id='word_1_126' title='bbox 755 2045 902 2129; x_wconf 86' lang='lat' dir='ltr'>episcopi</span> <span class='ocrx_word' id='word_1_127' title='bbox 933 2043 1025 2108; x_wconf 87' lang='lat' dir='ltr'>tieret</span> <span class='ocrx_word' id='word_1_128' title='bbox 1046 2042 1089 2108; x_wconf 82' lang='lat' dir='ltr'>ab</span> <span class='ocrx_word' id='word_1_129' title='bbox 1119 2043 1193 2127; x_wconf 91' lang='lat' dir='ltr'>ipso</span> <span class='ocrx_word' id='word_1_130' title='bbox 1216 2063 1267 2105; x_wconf 88' lang='lat' dir='ltr'>reo</span> <span class='ocrx_word' id='word_1_131' title='bbox 1288 2035 1330 2100; x_wconf 82' lang='lat' dir='ltr'>rel</span> 
     </span>
     <span class='ocr_line' id='line_1_18' title="bbox 234 2137 1331 2228; baseline -0.004 -22"><span class='ocrx_word' id='word_1_132' title='bbox 234 2152 354 2226; x_wconf 85' lang='lat' dir='ltr'>actore,</span> <span class='ocrx_word' id='word_1_133' title='bbox 378 2143 528 2208; x_wconf 89' lang='lat' dir='ltr'>indicant</span> <span class='ocrx_word' id='word_1_134' title='bbox 560 2142 662 2208; x_wconf 86' lang='lat' dir='ltr'>verbs</span> <span class='ocrx_word' id='word_1_135' title='bbox 685 2143 789 2228; x_wconf 90' lang='lat' dir='ltr'>ipsius</span> <span class='ocrx_word' id='word_1_136' title='bbox 821 2163 894 2208; x_wconf 83' lang='lat' dir='ltr'>can.</span> <span class='ocrx_word' id='word_1_137' title='bbox 918 2141 988 2206; x_wconf 85' lang='lat'>111:</span> <span class='ocrx_word' id='word_1_138' title='bbox 1038 2139 1161 2215; x_wconf 80' lang='lat' dir='ltr'>Quodsi</span> <span class='ocrx_word' id='word_1_139' title='bbox 1183 2142 1218 2204; x_wconf 81' lang='lat' dir='ltr'>ia</span> <span class='ocrx_word' id='word_1_140' title='bbox 1240 2137 1331 2222; x_wconf 77' lang='lat' dir='ltr'>aliquo</span> 
     </span>
     <span class='ocr_line' id='line_1_19' title="bbox 236 2233 1330 2326; baseline -0.005 -23"><span class='ocrx_word' id='word_1_141' title='bbox 236 2241 530 2326; x_wconf 74' lang='lat' dir='ltr'>...copnitorom</span> <span class='ocrx_word' id='word_1_142' title='bbox 577 2239 784 2305; x_wconf 88' lang='lat' dir='ltr'>Interdicunt</span> <span class='ocrx_word' id='word_1_143' title='bbox 806 2239 869 2306; x_wconf 90' lang='lat' dir='ltr'>hoc</span> <span class='ocrx_word' id='word_1_144' title='bbox 892 2239 1102 2306; x_wconf 72' lang='lat' dir='ltr'>sardicenses</span> <span class='ocrx_word' id='word_1_145' title='bbox 1125 2238 1249 2304; x_wconf 85' lang='lat' dir='ltr'>Patres.</span> <span class='ocrx_word' id='word_1_146' title='bbox 1289 2233 1330 2298; x_wconf 80' lang='lat' dir='ltr'>un</span> 
     </span>
     <span class='ocr_line' id='line_1_20' title="bbox 236 2333 1331 2424; baseline -0.006 -25"><span class='ocrx_word' id='word_1_147' title='bbox 236 2337 336 2420; x_wconf 83' lang='lat' dir='ltr'>igitur</span> <span class='ocrx_word' id='word_1_148' title='bbox 358 2337 611 2424; x_wconf 85' lang='lat' dir='ltr'>explicationem</span> <span class='ocrx_word' id='word_1_149' title='bbox 635 2340 814 2423; x_wconf 88' lang='lat' dir='ltr'>primorum</span> <span class='ocrx_word' id='word_1_150' title='bbox 838 2337 1025 2403; x_wconf 86' lang='lat' dir='ltr'>verborum.</span> <span class='ocrx_word' id='word_1_151' title='bbox 1062 2375 1105 2384; x_wconf 92' lang='lat'>-</span> <span class='ocrx_word' id='word_1_152' title='bbox 1134 2333 1331 2418; x_wconf 81' lang='lat' dir='ltr'>Prosequitur</span> 
     </span>
     <span class='ocr_line' id='line_1_21' title="bbox 235 2429 1331 2526; baseline -0.005 -28"><span class='ocrx_word' id='word_1_153' title='bbox 235 2435 372 2500; x_wconf 83' lang='lat' dir='ltr'>Hosius:</span> <span class='ocrx_word' id='word_1_154' title='bbox 400 2433 521 2508; x_wconf 79' lang='lat' dir='ltr'>Quodsi</span> <span class='ocrx_word' id='word_1_155' title='bbox 544 2436 662 2522; x_wconf 75' lang='lat' dir='ltr'>aliquio</span> <span class='ocrx_word' id='word_1_156' title='bbox 694 2438 857 2522; x_wconf 82' lang='lat' dir='ltr'>opiscopus</span> <span class='ocrx_word' id='word_1_157' title='bbox 872 2435 1039 2526; x_wconf 77' lang='lat' dir='ltr'>judicatus</span> <span class='ocrx_word' id='word_1_158' title='bbox 1052 2434 1159 2521; x_wconf 72' lang='lat' dir='ltr'>suerit</span> <span class='ocrx_word' id='word_1_159' title='bbox 1183 2433 1219 2496; x_wconf 80' lang='lat' dir='ltr'>irs</span> <span class='ocrx_word' id='word_1_160' title='bbox 1239 2429 1331 2514; x_wconf 75' lang='lat' dir='ltr'>aliquo</span> 
     </span>
     <span class='ocr_line' id='line_1_22' title="bbox 235 2525 1332 2622; baseline -0.002 -26"><span class='ocrx_word' id='word_1_161' title='bbox 235 2556 342 2622; x_wconf 75' lang='lat' dir='ltr'>wasa,</span> <span class='ocrx_word' id='word_1_162' title='bbox 366 2544 396 2596; x_wconf 86' lang='lat' dir='ltr'>et</span> <span class='ocrx_word' id='word_1_163' title='bbox 414 2545 511 2620; x_wconf 80' lang='lat' dir='ltr'>potat</span> <span class='ocrx_word' id='word_1_164' title='bbox 534 2558 565 2598; x_wconf 89' lang='lat' dir='ltr'>so</span> <span class='ocrx_word' id='word_1_165' title='bbox 589 2535 842 2600; x_wconf 79' lang='lat' dir='ltr'>borsorncoasam</span> <span class='ocrx_word' id='word_1_166' title='bbox 854 2531 976 2612; x_wconf 82' lang='lat' dir='ltr'>babere,</span> <span class='ocrx_word' id='word_1_167' title='bbox 992 2542 1027 2598; x_wconf 79' lang='lat' dir='ltr'>ut</span> <span class='ocrx_word' id='word_1_168' title='bbox 1049 2533 1162 2596; x_wconf 81' lang='lat' dir='ltr'>iterum</span> <span class='ocrx_word' id='word_1_169' title='bbox 1187 2525 1332 2594; x_wconf 73' lang='lat' dir='ltr'>concilium</span> 
     </span>
     <span class='ocr_line' id='line_1_23' title="bbox 236 2627 1330 2721; baseline -0.009 -27"><span class='ocrx_word' id='word_1_170' title='bbox 236 2629 295 2714; x_wconf 86' lang='lat' dir='ltr'>(ol.</span> <span class='ocrx_word' id='word_1_171' title='bbox 313 2631 486 2721; x_wconf 77' lang='lat' dir='ltr'>judicium)</span> <span class='ocrx_word' id='word_1_172' title='bbox 509 2641 682 2697; x_wconf 74' lang='lat' dir='ltr'>reuocetur.</span> <span class='ocrx_word' id='word_1_173' title='bbox 716 2670 759 2678; x_wconf 93' lang='lat'><em>—</em></span> <span class='ocrx_word' id='word_1_174' title='bbox 791 2629 976 2712; x_wconf 88' lang='lat' dir='ltr'>Judicatus,</span> <span class='ocrx_word' id='word_1_175' title='bbox 1001 2631 1023 2694; x_wconf 89' lang='lat' dir='ltr'>i.</span> <span class='ocrx_word' id='word_1_176' title='bbox 1046 2651 1075 2694; x_wconf 91' lang='lat' dir='ltr'>e.</span> <span class='ocrx_word' id='word_1_177' title='bbox 1099 2627 1330 2696; x_wconf 77' lang='lat' dir='ltr'>condemnatus,</span> 
     </span>
     <span class='ocr_line' id='line_1_24' title="bbox 237 2721 1331 2817; baseline -0.006 -24"><span class='ocrx_word' id='word_1_178' title='bbox 237 2777 244 2793; x_wconf 92' lang='lat'><strong>.</strong></span> <span class='ocrx_word' id='word_1_179' title='bbox 270 2776 278 2792; x_wconf 90' lang='lat'><strong>.</strong></span> <span class='ocrx_word' id='word_1_180' title='bbox 303 2776 311 2792; x_wconf 90' lang='lat'><strong>.</strong></span> <span class='ocrx_word' id='word_1_181' title='bbox 335 2749 400 2794; x_wconf 90' lang='lat' dir='ltr'>non</span> <span class='ocrx_word' id='word_1_182' title='bbox 433 2731 522 2794; x_wconf 90' lang='lat' dir='ltr'>euim</span> <span class='ocrx_word' id='word_1_183' title='bbox 551 2730 694 2817; x_wconf 85' lang='lat' dir='ltr'>eguisset</span> <span class='ocrx_word' id='word_1_184' title='bbox 725 2728 789 2794; x_wconf 89' lang='lat' dir='ltr'>alio</span> <span class='ocrx_word' id='word_1_185' title='bbox 814 2727 963 2810; x_wconf 89' lang='lat' dir='ltr'>concilio,</span> <span class='ocrx_word' id='word_1_186' title='bbox 994 2728 1022 2792; x_wconf 89' lang='lat' dir='ltr'>si</span> <span class='ocrx_word' id='word_1_187' title='bbox 1046 2749 1146 2792; x_wconf 80' lang='lat' dir='ltr'>causa</span> <span class='ocrx_word' id='word_1_188' title='bbox 1179 2745 1244 2791; x_wconf 91' lang='lat' dir='ltr'>non</span> <span class='ocrx_word' id='word_1_189' title='bbox 1265 2721 1331 2786; x_wconf 85' lang='lat' dir='ltr'>ceci·</span> 
     </span>
     <span class='ocr_line' id='line_1_25' title="bbox 236 2817 1328 2913; baseline -0.005 -23"><span class='ocrx_word' id='word_1_190' title='bbox 236 2824 346 2892; x_wconf 90' lang='lat' dir='ltr'>disset.</span> <span class='ocrx_word' id='word_1_191' title='bbox 370 2865 413 2874; x_wconf 88' lang='lat'>—</span> <span class='ocrx_word' id='word_1_192' title='bbox 437 2826 475 2892; x_wconf 80' lang='lat' dir='ltr'>Si</span> <span class='ocrx_word' id='word_1_193' title='bbox 496 2827 582 2892; x_wconf 82' lang='lat' dir='ltr'>uobis</span> <span class='ocrx_word' id='word_1_194' title='bbox 599 2827 708 2913; x_wconf 81' lang='lat' dir='ltr'>placet</span> <span class='ocrx_word' id='word_1_195' title='bbox 812 2827 1003 2892; x_wconf 73' lang='lat' dir='ltr'>honoremus.</span> <span class='ocrx_word' id='word_1_196' title='bbox 1031 2824 1071 2890; x_wconf 92' lang='lat' dir='ltr'>In</span> <span class='ocrx_word' id='word_1_197' title='bbox 1094 2823 1185 2910; x_wconf 80' lang='lat' dir='ltr'>quo?</span> <span class='ocrx_word' id='word_1_198' title='bbox 1213 2822 1251 2890; x_wconf 86' lang='lat' dir='ltr'>Ut</span> <span class='ocrx_word' id='word_1_199' title='bbox 1271 2817 1328 2884; x_wconf 67' lang='lat' dir='ltr'>sci·</span> 
     </span>
     <span class='ocr_line' id='line_1_26' title="bbox 237 2917 1329 3011; baseline 0 -25"><span class='ocrx_word' id='word_1_200' title='bbox 237 2923 329 2987; x_wconf 80' lang='lat' dir='ltr'>batur</span> <span class='ocrx_word' id='word_1_201' title='bbox 352 2924 391 2987; x_wconf 86' lang='lat' dir='ltr'>ab</span> <span class='ocrx_word' id='word_1_202' title='bbox 414 2925 462 2989; x_wconf 83' lang='lat' dir='ltr'>bis</span> <span class='ocrx_word' id='word_1_203' title='bbox 484 2926 539 3011; x_wconf 78' lang='lat' dir='ltr'>qui</span> <span class='ocrx_word' id='word_1_204' title='bbox 561 2945 689 2989; x_wconf 83' lang='lat' dir='ltr'>causam</span> <span class='ocrx_word' id='word_1_205' title='bbox 720 2925 943 2988; x_wconf 76' lang='lat' dir='ltr'>coeominonmt</span> <span class='ocrx_word' id='word_1_206' title='bbox 974 2922 1064 2988; x_wconf 81' lang='lat' dir='ltr'>Julio</span> <span class='ocrx_word' id='word_1_207' title='bbox 1088 2925 1233 2988; x_wconf 72' lang='lat' dir='ltr'>Romano</span> <span class='ocrx_word' id='word_1_208' title='bbox 1255 2917 1329 3004; x_wconf 72' lang='lat' dir='ltr'>Epit-</span> 
     </span>
     <span class='ocr_line' id='line_1_27' title="bbox 236 3017 1330 3108; baseline -0.005 -23"><span class='ocrx_word' id='word_1_209' title='bbox 236 3043 331 3107; x_wconf 83' lang='lat' dir='ltr'>copo,·</span> <span class='ocrx_word' id='word_1_210' title='bbox 353 3021 395 3086; x_wconf 82' lang='lat' dir='ltr'>ab</span> <span class='ocrx_word' id='word_1_211' title='bbox 411 3023 574 3108; x_wconf 87' lang='lat' dir='ltr'>episcopis</span> <span class='ocrx_word' id='word_1_212' title='bbox 596 3039 715 3107; x_wconf 88' lang='lat' dir='ltr'>nempe</span> <span class='ocrx_word' id='word_1_213' title='bbox 735 3023 885 3107; x_wconf 83' lang='lat' dir='ltr'>propriae</span> <span class='ocrx_word' id='word_1_214' title='bbox 908 3021 1109 3106; x_wconf 87' lang='lat' dir='ltr'>provinciae.</span> <span class='ocrx_word' id='word_1_215' title='bbox 1132 3020 1198 3083; x_wconf 83' lang='lat' dir='ltr'>Det</span> <span class='ocrx_word' id='word_1_216' title='bbox 1213 3017 1330 3108; x_wconf 76' lang='lat' dir='ltr'>judicer,</span> 
     </span>
     <span class='ocr_line' id='line_1_28' title="bbox 237 3116 1329 3206; baseline -0.005 -24"><span class='ocrx_word' id='word_1_217' title='bbox 237 3117 270 3184; x_wconf 91' lang='lat' dir='ltr'>id</span> <span class='ocrx_word' id='word_1_218' title='bbox 295 3128 343 3183; x_wconf 89' lang='lat' dir='ltr'>est</span> <span class='ocrx_word' id='word_1_219' title='bbox 366 3118 578 3202; x_wconf 88' lang='lat' dir='ltr'>determinet,</span> <span class='ocrx_word' id='word_1_220' title='bbox 611 3120 667 3206; x_wconf 93' lang='lat' dir='ltr'>qui</span> <span class='ocrx_word' id='word_1_221' title='bbox 699 3141 740 3182; x_wconf 83' lang='lat' dir='ltr'>ex</span> <span class='ocrx_word' id='word_1_222' title='bbox 763 3120 936 3204; x_wconf 85' lang='lat' dir='ltr'>provincia</span> <span class='ocrx_word' id='word_1_223' title='bbox 967 3119 1109 3182; x_wconf 88' lang='lat' dir='ltr'>finitima</span> <span class='ocrx_word' id='word_1_224' title='bbox 1132 3116 1274 3202; x_wconf 88' lang='lat' dir='ltr'>episcopi</span> <span class='ocrx_word' id='word_1_225' title='bbox 1294 3131 1329 3173; x_wconf 79' lang='lat' dir='ltr'>se·</span> 
     </span>
     <span class='ocr_line' id='line_1_29' title="bbox 236 3211 1329 3302; baseline -0.009 -22"><span class='ocrx_word' id='word_1_226' title='bbox 236 3216 344 3281; x_wconf 91' lang='lat' dir='ltr'>eundo</span> <span class='ocrx_word' id='word_1_227' title='bbox 366 3217 437 3282; x_wconf 91' lang='lat' dir='ltr'>loco</span> <span class='ocrx_word' id='word_1_228' title='bbox 462 3238 658 3302; x_wconf 84' lang='lat' dir='ltr'>cognoscere</span> <span class='ocrx_word' id='word_1_229' title='bbox 682 3239 817 3282; x_wconf 83' lang='lat' dir='ltr'>causam</span> <span class='ocrx_word' id='word_1_230' title='bbox 845 3215 1017 3286; x_wconf 78' lang='lat' dir='ltr'>debeant.“</span> <span class='ocrx_word' id='word_1_231' title='bbox 1065 3215 1153 3280; x_wconf 89' lang='lat' dir='ltr'>Dein</span> <span class='ocrx_word' id='word_1_232' title='bbox 1185 3211 1329 3299; x_wconf 86' lang='lat' dir='ltr'>sequitur:</span> 
     </span>
     <span class='ocr_line' id='line_1_30' title="bbox 236 3311 1330 3402; baseline -0.002 -24"><span class='ocrx_word' id='word_1_233' title='bbox 236 3312 274 3378; x_wconf 72' lang='lat' dir='ltr'>Si</span> <span class='ocrx_word' id='word_1_234' title='bbox 297 3326 400 3380; x_wconf 81' lang='lat' dir='ltr'>autern</span> <span class='ocrx_word' id='word_1_235' title='bbox 418 3314 610 3402; x_wconf 82' lang='lat' dir='ltr'>probauerit,</span> <span class='ocrx_word' id='word_1_236' title='bbox 636 3313 730 3380; x_wconf 83' lang='lat' dir='ltr'>talem</span> <span class='ocrx_word' id='word_1_237' title='bbox 762 3337 890 3379; x_wconf 81' lang='lat' dir='ltr'>causam</span> <span class='ocrx_word' id='word_1_238' title='bbox 916 3337 992 3393; x_wconf 86' lang='lat' dir='ltr'>osse,</span> <span class='ocrx_word' id='word_1_239' title='bbox 1014 3323 1051 3377; x_wconf 81' lang='lat' dir='ltr'>ut</span> <span class='ocrx_word' id='word_1_240' title='bbox 1072 3335 1136 3378; x_wconf 78' lang='lat' dir='ltr'>oon</span> <span class='ocrx_word' id='word_1_241' title='bbox 1158 3311 1330 3398; x_wconf 68' lang='lat' dir='ltr'>refricentur</span> 
     </span>
     <span class='ocr_line' id='line_1_31' title="bbox 236 3411 1196 3500; baseline -0.002 -24"><span class='ocrx_word' id='word_1_242' title='bbox 236 3435 274 3476; x_wconf 87' lang='lat' dir='ltr'>oo</span> <span class='ocrx_word' id='word_1_243' title='bbox 296 3435 375 3498; x_wconf 81' lang='lat' dir='ltr'>quae</span> <span class='ocrx_word' id='word_1_244' title='bbox 398 3423 471 3477; x_wconf 90' lang='lat' dir='ltr'>octo</span> <span class='ocrx_word' id='word_1_245' title='bbox 493 3423 574 3495; x_wconf 81' lang='lat' dir='ltr'>sunt,</span> <span class='ocrx_word' id='word_1_246' title='bbox 598 3435 677 3500; x_wconf 76' lang='lat' dir='ltr'>quoe</span> <span class='ocrx_word' id='word_1_247' title='bbox 700 3411 870 3476; x_wconf 56' lang='lat' dir='ltr'>&amp;mouerit</span> <span class='ocrx_word' id='word_1_248' title='bbox 891 3412 1073 3498; x_wconf 78' lang='lat' dir='ltr'>confirmato</span> <span class='ocrx_word' id='word_1_249' title='bbox 1095 3421 1196 3475; x_wconf 67' lang='lat' dir='ltr'>orum.</span> 
     </span>
    </p>

    <p class='ocr_par' dir='ltr' id='par_1_3' title="bbox 236 3499 1328 3988">
     <span class='ocr_line' id='line_1_32' title="bbox 324 3499 1328 3596; baseline -0.008 -22"><span class='ocrx_word' id='word_1_250' title='bbox 324 3510 377 3574; x_wconf 91' lang='lat'>30.</span> <span class='ocrx_word' id='word_1_251' title='bbox 404 3509 537 3596; x_wconf 84' lang='lat' dir='ltr'>,Habes</span> <span class='ocrx_word' id='word_1_252' title='bbox 567 3512 675 3596; x_wconf 88' lang='lat' dir='ltr'>igitur,</span> <span class='ocrx_word' id='word_1_253' title='bbox 707 3510 916 3596; x_wconf 90' lang='lat' dir='ltr'>prosequitur</span> <span class='ocrx_word' id='word_1_254' title='bbox 946 3517 1061 3573; x_wconf 79' lang='lat' dir='ltr'>auctor</span> <span class='ocrx_word' id='word_1_255' title='bbox 1092 3509 1222 3588; x_wconf 85' lang='lat' dir='ltr'>citatus,</span> <span class='ocrx_word' id='word_1_256' title='bbox 1244 3499 1328 3588; x_wconf 85' lang='lat' dir='ltr'>expli·</span> 
     </span>
     <span class='ocr_line' id='line_1_33' title="bbox 237 3605 1326 3696; baseline -0.006 -24"><span class='ocrx_word' id='word_1_257' title='bbox 237 3608 398 3673; x_wconf 88' lang='lat' dir='ltr'>cationem</span> <span class='ocrx_word' id='word_1_258' title='bbox 423 3609 568 3691; x_wconf 84' lang='lat' dir='ltr'>canonis,</span> <span class='ocrx_word' id='word_1_259' title='bbox 593 3610 680 3673; x_wconf 84' lang='lat' dir='ltr'>circa</span> <span class='ocrx_word' id='word_1_260' title='bbox 703 3629 801 3694; x_wconf 90' lang='lat' dir='ltr'>quem</span> <span class='ocrx_word' id='word_1_261' title='bbox 829 3607 973 3672; x_wconf 84' lang='lat' dir='ltr'>notanda</span> <span class='ocrx_word' id='word_1_262' title='bbox 995 3617 1072 3672; x_wconf 89' lang='lat' dir='ltr'>sunt</span> <span class='ocrx_word' id='word_1_263' title='bbox 1094 3605 1254 3696; x_wconf 87' lang='lat' dir='ltr'>quaedam</span> <span class='ocrx_word' id='word_1_264' title='bbox 1275 3619 1326 3666; x_wconf 85' lang='lat' dir='ltr'>nou</span> 
     </span>
     <span class='ocr_line' id='line_1_34' title="bbox 236 3697 1328 3792; baseline -0.007 -20"><span class='ocrx_word' id='word_1_265' title='bbox 236 3705 319 3772; x_wconf 89' lang='lat' dir='ltr'>levis</span> <span class='ocrx_word' id='word_1_266' title='bbox 341 3708 509 3788; x_wconf 89' lang='lat' dir='ltr'>momenti,</span> <span class='ocrx_word' id='word_1_267' title='bbox 533 3715 566 3770; x_wconf 91' lang='lat' dir='ltr'>et</span> <span class='ocrx_word' id='word_1_268' title='bbox 588 3705 741 3792; x_wconf 89' lang='lat' dir='ltr'>quidem:</span> <span class='ocrx_word' id='word_1_269' title='bbox 765 3704 799 3792; x_wconf 85' lang='lat' dir='ltr'>a)</span> <span class='ocrx_word' id='word_1_270' title='bbox 813 3704 854 3771; x_wconf 91' lang='lat' dir='ltr'>In</span> <span class='ocrx_word' id='word_1_271' title='bbox 868 3727 906 3769; x_wconf 92' lang='lat' dir='ltr'>eo</span> <span class='ocrx_word' id='word_1_272' title='bbox 922 3727 989 3770; x_wconf 92' lang='lat' dir='ltr'>non</span> <span class='ocrx_word' id='word_1_273' title='bbox 1003 3707 1057 3790; x_wconf 81' lang='lat' dir='ltr'>agi</span> <span class='ocrx_word' id='word_1_274' title='bbox 1072 3703 1114 3770; x_wconf 88' lang='lat' dir='ltr'>de</span> <span class='ocrx_word' id='word_1_275' title='bbox 1127 3697 1328 3788; x_wconf 76' lang='lat' dir='ltr'>appellatione</span> 
     </span>
     <span class='ocr_line' id='line_1_35' title="bbox 236 3795 1325 3871; baseline -0.011 -1"><span class='ocrx_word' id='word_1_276' title='bbox 236 3803 280 3871; x_wconf 85' lang='lat' dir='ltr'>sd</span> <span class='ocrx_word' id='word_1_277' title='bbox 303 3804 341 3869; x_wconf 87' lang='lat' dir='ltr'>R.</span> <span class='ocrx_word' id='word_1_278' title='bbox 365 3803 570 3869; x_wconf 87' lang='lat' dir='ltr'>Pontificem.</span> <span class='ocrx_word' id='word_1_279' title='bbox 600 3803 685 3868; x_wconf 90' lang='lat' dir='ltr'>Nam</span> <span class='ocrx_word' id='word_1_280' title='bbox 712 3806 748 3867; x_wconf 80' lang='lat'>1⁰</span> <span class='ocrx_word' id='word_1_281' title='bbox 775 3825 817 3867; x_wconf 86' lang='lat' dir='ltr'>ne</span> <span class='ocrx_word' id='word_1_282' title='bbox 836 3802 975 3866; x_wconf 86' lang='lat' dir='ltr'>verbum</span> <span class='ocrx_word' id='word_1_283' title='bbox 998 3802 1041 3866; x_wconf 87' lang='lat' dir='ltr'>de</span> <span class='ocrx_word' id='word_1_284' title='bbox 1064 3824 1102 3866; x_wconf 85' lang='lat' dir='ltr'>es</span> <span class='ocrx_word' id='word_1_285' title='bbox 1125 3801 1275 3866; x_wconf 88' lang='lat' dir='ltr'>continet.</span> <span class='ocrx_word' id='word_1_286' title='bbox 1295 3795 1325 3858; x_wconf 78' lang='lat'>2·</span> 
     </span>
     <span class='ocr_line' id='line_1_36' title="bbox 237 3891 1327 3988; baseline -0.007 -22"><span class='ocrx_word' id='word_1_287' title='bbox 237 3901 424 3988; x_wconf 82' lang='lat' dir='ltr'>Appellatio</span> <span class='ocrx_word' id='word_1_288' title='bbox 448 3901 485 3964; x_wconf 92' lang='lat' dir='ltr'>fit</span> <span class='ocrx_word' id='word_1_289' title='bbox 508 3923 528 3965; x_wconf 89' lang='lat' dir='ltr'>a</span> <span class='ocrx_word' id='word_1_290' title='bbox 550 3921 615 3984; x_wconf 90' lang='lat' dir='ltr'>reo,</span> <span class='ocrx_word' id='word_1_291' title='bbox 649 3900 703 3964; x_wconf 89' lang='lat' dir='ltr'>hic</span> <span class='ocrx_word' id='word_1_292' title='bbox 727 3923 805 3964; x_wconf 86' lang='lat' dir='ltr'>vero</span> <span class='ocrx_word' id='word_1_293' title='bbox 836 3899 991 3965; x_wconf 83' lang='lat' dir='ltr'>scribitur</span> <span class='ocrx_word' id='word_1_294' title='bbox 1013 3897 1054 3964; x_wconf 86' lang='lat' dir='ltr'>sb</span> <span class='ocrx_word' id='word_1_295' title='bbox 1079 3901 1238 3986; x_wconf 85' lang='lat' dir='ltr'>episcopis</span> <span class='ocrx_word' id='word_1_296' title='bbox 1254 3891 1327 3982; x_wconf 86' lang='lat' dir='ltr'>judi·</span> 
     </span>
    </p>
   </div>
   <div class='ocr_carea' id='block_1_3' title="bbox 237 4118 1362 4275">
    <p class='ocr_par' dir='ltr' id='par_1_4' title="bbox 237 4118 1362 4275">
     <span class='ocr_line' id='line_1_37' title="bbox 311 4118 1325 4192; baseline -0.017 -13"><span class='ocrx_word' id='word_1_297' title='bbox 311 4125 332 4192; x_wconf 89' lang='lat'>¹)</span> <span class='ocrx_word' id='word_1_298' title='bbox 350 4123 382 4178; x_wconf 82' lang='lat' dir='ltr'>V.</span> <span class='ocrx_word' id='word_1_299' title='bbox 400 4123 480 4191; x_wconf 78' lang='lat' dir='ltr'>Feys,</span> <span class='ocrx_word' id='word_1_300' title='bbox 498 4121 778 4180; x_wconf 84' lang='lat' dir='ltr'>Prsetectioneanris</span> <span class='ocrx_word' id='word_1_301' title='bbox 801 4119 893 4178; x_wconf 87' lang='lat' dir='ltr'>eccles.</span> <span class='ocrx_word' id='word_1_302' title='bbox 911 4119 1024 4189; x_wconf 79' lang='lat' dir='ltr'>publici,</span> <span class='ocrx_word' id='word_1_303' title='bbox 1043 4119 1102 4176; x_wconf 81' lang='lat' dir='ltr'>Lib.</span> <span class='ocrx_word' id='word_1_304' title='bbox 1120 4119 1154 4178; x_wconf 83' lang='lat' dir='ltr'>u</span> <span class='ocrx_word' id='word_1_305' title='bbox 1173 4135 1198 4188; x_wconf 78' lang='lat' dir='ltr'>p.</span> <span class='ocrx_word' id='word_1_306' title='bbox 1215 4118 1266 4175; x_wconf 74' lang='lat' dir='ltr'>us</span> <span class='ocrx_word' id='word_1_307' title='bbox 1279 4125 1325 4180; x_wconf 72' lang='lat' dir='ltr'>sos.</span> 
     </span>
     <span class='ocr_line' id='line_1_38' title="bbox 237 4202 1362 4275; baseline -0.015 -16"><span class='ocrx_word' id='word_1_308' title='bbox 237 4202 453 4275; x_wconf 78' lang='lat' dir='ltr'>(Autogrsphis).</span> <span class='ocrx_word' id='word_1_309' title='bbox 1361 4235 1362 4242; x_wconf 72' lang='grc'>,</span> 
     </span>
    </p>
   </div>
   <div class='ocr_carea' id='block_1_4' title="bbox 0 0 1391 4836">
    <p class='ocr_par' dir='ltr' id='par_1_5' title="bbox 0 0 1391 4836">
     <span class='ocr_line' id='line_1_39' title="bbox 0 0 1391 4836; baseline 0 0"><span class='ocrx_word' id='word_1_310' title='bbox 0 0 1391 4836; x_wconf 95' lang='lat' dir='ltr'> </span> 
     </span>
    </p>
   </div>
  </div>
 </body>
</html>
