2874 4812
343 456 498 530 Appellatio
514 454 550 514 ad
566 455 661 514 Sedem
678 456 867 529 Apostolioam
934 531 942 544 ι
1112 462 1168 520 613

75 605 160 670 dariis
189 615 221 670 et
252 605 361 686 minis,
393 625 433 668 ac
468 603 575 689 ipsius
602 604 702 670 etiam
727 603 898 690 Cypriani,
923 604 1018 690 cajus
1040 604 1165 670 litterae

74 702 197 766 nondum
218 701 365 789 perlatae
387 701 527 783 fuerant,
544 699 674 766 silentio
695 713 886 784 commotus,
910 702 993 766 duas
1016 701 1059 768 ad
1082 705 1165 788 epis-

73 823 171 886 copum
185 799 481 884 Carthaginensem
495 797 650 884 epistolas
672 801 811 885 scripsit,
836 818 977 886 quarum
1000 802 1035 865 in
1059 803 1165 886 prima

73 897 182 982 pulsum
216 921 236 962 a
273 919 309 962 se
344 897 446 962 firiaco
483 897 660 962 nuntiabat
695 897 955 980 Felicissimum,
992 900 1027 962 in
1063 897 1165 964 altera

72 1011 161 1061 autem
183 1003 384 1060 commotum
406 1017 440 1060 se
464 1016 535 1060 esse
557 1004 590 1060 et
621 997 814 1059 exterritum
837 994 1046 1079 significabat
1069 994 1165 1062 dictis

72 1106 97 1157 ct
115 1095 203 1160 minis
226 1092 435 1158 Felicissimi.
481 1091 544 1156 His
574 1092 672 1156 rebus
696 1091 859 1157 adductus
881 1093 945 1157 fuit
968 1091 1164 1178 Cyprianus,

72 1206 99 1254 nt
116 1191 266 1256 scriberet
289 1189 441 1256 Cornelio
471 1189 643 1276 epistolam
673 1189 755 1277 (59),
788 1192 823 1254 in
853 1212 919 1276 qua
941 1192 1164 1256 innocentiam

72 1311 146 1354 suam
166 1290 325 1354 adversas
348 1287 631 1354 schismaticorum
646 1287 830 1354 calumnias
852 1297 984 1353 strenue
1007 1289 1164 1373 defendit,

71 1398 96 1448 et
113 1387 357 1452 admirationem
389 1407 521 1471 qnoque
550 1384 697 1471 aliquam
727 1387 892 1470 exprimit,
925 1385 1014 1472 quod
1047 1385 1165 1452 (lorne-

71 1482 120 1546 lius
140 1495 241 1549 motus
264 1484 366 1548 fuerit
393 1484 493 1548 minis
515 1483 669 1566 hominia,
702 1484 797 1569 cujus
819 1485 1016 1569 perversitas
1038 1487 1166 1552 notoria

71 1593 134 1646 crat.
176 1582 231 1646 Uti
249 1582 325 1667 jam
348 1580 505 1662 vidimus,
537 1582 572 1645 in
602 1581 719 1646 eadem
749 1580 886 1666 epistola
909 1582 1082 1648 ecclesiam
1105 1584 1166 1648 Ro·

71 1699 181 1744 manam
204 1680 352 1744 maxime
375 1677 520 1742 celebrat
551 1687 589 1742 ut
615 1679 794 1744 cathedram
816 1679 913 1757 Petri,
938 1690 970 1742 et
992 1680 1165 1746 ecclesiam

67 1777 264 1862 priadpalem,
289 1777 486 1842 iacrraatiac
503 1779 731 1863 praerogativa
754 1775 948 1861 praeditam.
994 1779 1070 1842 Poat
1089 1781 1165 1858 ieta,

71 1872 177 1957 scribit,
206 1875 310 1938 acilasc
338 1875 468 1960 iaarpcr
494 1874 763 1960 prcadotpisaopo
791 1873 1001 1960 (Fortunato)
1034 1877 1095 1940 niti
1126 1877 1165 1940 ab

69 1971 210 2036 acam
231 1973 413 2050 wmaaco,
436 1973 587 2057 accipere
610 1971 738 2050 audeat,
762 1982 792 2034 ct
815 1971 858 2034 ad
880 1972 967 2036 Petri
989 1973 1167 2038 cathedram

71 2079 144 2154 aper
173 2069 215 2134 ad
246 2067 410 2134 ecetram
435 2069 668 2156 priaco‘polea
704 2069 789 2133 tarde
821 2070 930 2133 tacitas
961 2071 1167 2136 sacerdotalia

71 2179 163 2231 coorto
177 2180 232 2248 cst,
256 2191 279 2232 a
302 2168 506 2232 schismaticis
524 2179 554 2232 et
570 2167 723 2254 profania
746 2168 871 2232 litteras
885 2167 987 2254 ferrc,
1009 2191 1065 2234 aec
1088 2171 1167 2256 copi·

73 2273 134 2342 tare,
162 2287 212 2330 coc
234 2288 302 2330 case
325 2265 496 2343 Romanoa,
526 2287 656 2350 qaormn
675 2264 761 2348 fidea
788 2263 940 2350 Apostolo
957 2267 1167 2351 praedicante

72 2359 184 2426 hedam
212 2373 270 2443 cat,
305 2362 349 2426 ad
378 2385 456 2448 paor
482 2361 622 2448 perfidia
652 2385 716 2426 aaa
741 2364 847 2448 poerit
868 2362 980 2426 habere
1003 2387 1166 2430 morata.

73 2455 158 2522 Simul
187 2481 264 2524 cnm
298 2459 444 2544 quadam
473 2458 624 2524 libertate
656 2469 689 2524 et
721 2461 939 2524 commotione
967 2462 1070 2524 animi
1100 2464 1168 2526 auis

74 2555 173 2619 insistit
188 2555 333 2642 juribus,
358 2558 533 2642 increpans
552 2557 789 2638 schismaticos,
814 2557 902 2642 quod
922 2559 1081 2642 navigare
1094 2561 1166 2622 ausi

73 2650 174 2718 fuerint
194 2653 346 2736 Romam,
380 2676 483 2741 quum
510 2654 582 2740 jam
611 2654 758 2739 legitime
791 2655 1001 2720 condemnati
1034 2655 1166 2720 fuerint.

144 2751 192 2817 60.
215 2751 322 2816 Hisce
353 2760 465 2816 tamen
497 2750 685 2838 Cyprianus
724 2751 814 2817 haud
846 2751 954 2838 rejicit
985 2755 1168 2836 generatim

69 2844 114 2928 jus
133 2859 162 2912 et
181 2871 278 2914 usum
303 2848 535 2935 appellationis
557 2850 601 2914 ad
624 2850 744 2917 Sedem
767 2850 961 2932 Romanam,
985 2849 1043 2914 aed
1067 2851 1105 2914 1⁰
1133 2853 1167 2914 in

73 2963 136 3007 casu
155 2945 215 3010 hoc
237 2957 393 3012 concreto
416 2945 558 3012 abusum
577 2948 740 3012 nefarium
759 2947 1042 3012 schismaticorum
1065 2951 1167 3013 mani·

74 3039 208 3109 lcatomm
240 3044 385 3128 sugillat
408 3081 452 3092 —
477 3045 644 3132 Cypriano
675 3046 714 3110 2⁰
747 3044 948 3109 Fortunatus
980 3054 1050 3110 erat
1081 3067 1167 3130 pres·

73 3137 151 3220 byter
170 3142 312 3226 rebellis,
335 3144 393 3228 qui
411 3143 484 3228 jam
507 3142 696 3208 solemniter
717 3165 738 3206 a
752 3142 885 3226 Synodo
910 3142 1070 3208 Africana
1093 3165 1167 3208 con-

73 3233 225 3304 demnatus
256 3251 337 3305 erat.
390 3239 481 3306 Talis
512 3251 622 3306 autem
650 3241 749 3326 juxta
780 3249 902 3304 statuta
933 3239 1094 3306 Africana
1124 3242 1167 3306 ad

74 3333 219 3402 ulteriores
252 3336 533 3424 appellationes
517 3361 575 3424 Jus
608 3359 674 3403 non
697 3336 852 3402 habebat.
899 3337 975 3400 Huc
1002 3339 1169 3424 pertinent

73 3429 116 3494 illa
131 3435 281 3520 epistolae
297 3434 416 3500 verba.
447 3433 536 3508 Quae
559 3448 663 3500 autera
684 3459 782 3500 cauca
804 3435 960 3513 oeaicadi,
985 3447 1015 3500 ct
1032 3435 1164 3548 pseudo·

73 3531 229 3618 tpt'tcopum
261 3544 372 3598 coatra
403 3535 564 3620 episcopos
587 3534 714 3619 factam
749 3531 945 3596 aaatiaadii
991 3534 1056 3597 Aa
1087 3535 1169 3598 caira

70 3623 158 3706 placa
177 3629 246 3694 illis
268 3630 352 3716 qaod
366 3631 515 3717 fecentrot
538 3632 625 3696 etia
647 3653 702 3694 aaa
726 3629 839 3694 scelere
857 3641 1082 3714 perseverant:
1114 3642 1170 3694 aat

73 3741 95 3782 ἃ
90 3723 250 3812 displicet
281 3739 313 3792 ct
342 3728 500 3806 recedant,
533 3729 635 3792 aciaat
657 3750 717 3813 qao
739 3737 945 3790 revertentia.
993 3727 1080 3792 Nam
1102 3751 1169 3791 ciem

74 3829 203 3888 dotum
235 3827 278 3890 ait
311 3825 350 3888 ab
383 3825 525 3890 omnibus
554 3825 655 3904 aedis,
688 3836 718 3888 et
750 3847 881 3910 acquam
913 3827 956 3888 ait
981 3828 1109 3910 pariter
1132 3849 1169 3888 ac

69 3919 178 4002 putem
208 3934 245 3986 at
277 3923 410 4009 aiaprrlia
436 3923 622 4009 pastoribus
646 3923 756 4009 portio
787 3922 889 4008 propia
921 3925 963 3986 eit
994 3923 1168 4008 adscripta,

74 4037 149 4096 Μ
168 4031 257 4106 repat
279 4022 489 4107 aauapaiepac
511 4032 542 4085 ct
563 4021 720 4107 perberaei,
744 4021 899 4083 ratioaem
922 4021 972 4082 eui
994 4031 1082 4084 actas
1104 4021 1169 4084 Do·

74 4113 141 4176 uiuo
161 4117 362 4182 redditae-aa:
393 4127 516 4204 oportet
546 4119 652 4204 atique
684 4139 737 4180 coa
768 4116 879 4202 quibua
895 4139 1084 4202 praecamur
1105 4142 1170 4182 aaa

74 4209 305 4295 droraaaaarc,
327 4238 384 4280 aec
412 4217 626 4301 cpiscoporum
657 4213 856 4278 concordiam
879 4214 1088 4280 cohaerentem
1111 4239 1171 4280 aaa
