2810 4846
482 483 600 542 uestem
619 487 745 544 beemots.
1116 489 1169 546 tili?

142 631 198 698 50.
222 631 370 696 Primum
386 629 520 717 quidem
543 650 603 717 per
616 628 755 695 asseolus
771 632 940 718 quosdam,
955 633 1166 698 Anastasium

59 731 291 814 presbyterum·
324 739 358 792 et
379 727 592 794 Dorotheum
623 730 824 814 episeopumg
857 739 982 795 errores
1015 745 1167 818 spargere

59 829 183 914 eoepit·;
208 845 286 891 mox
309 845 387 890 vero
411 828 511 890 etiam
530 828 601 912 ipse
616 826 823 891 somnonibus
843 827 1070 914 frequentibus
1093 827 1167 892 hne-

59 928 155 990 resim
176 940 271 990 suum
294 923 415 1010 populo
440 921 571 988 CPteuo
595 925 782 1010 proposuit·
805 927 876 989 imo
895 925 994 992 etium
1018 924 1168 991 homilias

57 1045 128 1087 suas
161 1024 284 1108 scripto
316 1020 455 1085 traditas
485 1019 583 1085 letius
614 1036 796 1108 propagare
829 1039 1002 1106 aggressus
1034 1034 1090 1089 est.
1125 1063 1168 1072 -

58 1121 163 1207 Caput
186 1141 227 1184 ao
248 1120 354 1184 forma
368 1117 512 1182 haeresis
526 1118 666 1182 Nestorii
689 1120 844 1184 eonsistit‘
861 1122 896 1183 in
920 1135 1075 1206 pervemn
1097 1122 1167 1208 ejus
1189 1137 1268 1176 sums„
1284 1137 1321 1176 iu·

57 1217 226 1284 enuntia
240 1217 282 1286 us
303 1215 395 1281 oeus
417 1217 553 1294 aseae,
576 1233 661 1302 quse
673 1213 822 1280 Verbum
846 1217 932 1280 inter
954 1229 1167 1304 assumptam·
1222 1197 1288 1236 ⁶⁰¹⁶*

56 1339 116 1402 que
137 1325 293 1382 naturam
317 1314 496 1378 humanam
520 1312 657 1378 obtinet.
703 1313 847 1398 Negavit
869 1315 1049 1398 Nestorius,¹
1074 1318 1164 1386 reali.

57 1417 242 1495 intr-insum
265 1423 298 1478 et
320 1412 533 1498 hypostasion
550 1413 674 1475 unione
693 1432 718 1474 a¹
742 1411 852 1475 Verbo
877 1421 1028 1477 naturum
1052 1414 1164 1480 huma·
1204 1401 1208 1408 ’

56 1531 127 1576 num
151 1513 224 1576 sibu
241 1513 367 1576 unitam
384 1529 468 1592 eee03
492 1507 668 1574 sedtalem'
680 1511 750 1596 ipse
766 1509 879 1574 decuit
903 1529 982 1575 esse·
995 1514 1160 1586 unionem,

57 1631 114 1696 qua
138 1609 290 1674 Verbum
313 1606 464 1672 ethome
488 1615 688 1692 assumptus,
713 1604 819 1687 Jesus,
845 1607 1013 1674 moraliter
1032 1617 1159 1674 tuntum

56 1717 83 1770 et
104 1710 293 1772 extrinseoe
310 1706 537 1791 jungerentur.
584 1704 725 1770 Pruinde
754 1705 854 1768 otiam
886 1725 928 1768 ex
957 1705 1014 1774 teli
1037 1710 1159 1772 unione

57 1827 115 1870 uon
148 1804 338 1888 ontologieu
370 1813 403 1866 st
437 1800 542 1866 realis·
567 1803 675 1866 unitus
707 1803 746 1866 iu*
775 1798 905 1868 Christo
936 1801 1167 1868 Deo-homins

55 1903 209 1984 oboritur,
235 1901 292 1966 sed
316 1903 402 1964 iuter
415 1899 568 1964 Verbum·
586 1909 621 1962 et
638 1899 806 1964 bominem
829 1905 1034 1985 assumptum
1059 1903 1167 1966 unitus

56 2011 99 2064 est
120 1999 257 2066 morulis
282 1999 455 2064 dumtaxat
485 2005 517 2060 et
540 1999 739 2078 extrinseca,
764 2014 837 2083 qus*
852 1999 1008 2061 nimirum
1033 2000 1165 2084 conjun-

55 2101 138 2182 gitur
171 2098 378 2182 Unigenitum
406 2113 489 2158 ounr
514 2093 648 2158 homine
681 2093 862 2158 seeundum
893 2093 1165 2162 inhabitationem

57 2195 133 2274 (και)
157 2193 343 2282 terrama),
368 2191 549 2256 seeundum
571 2191 814 2277 beneplaeitum
838 2201 877 2255 et'
892 2193 1045 2256 affectum
1070 2194 1166 2260 dilee-

55 2275 147 2357 tionis
183 2289 269 2379 (κατ’
300 2285 471 2375 εὐδοκίαν),
495 2289 677 2352 seeundum
709 2291 864 2352 virtutem
889 2299 921 2354 et
944 2294 1165 2376 operationem

7 2399 9 2428 ³
57 2389 133 2461 (κατ’
159 2387 333 2474 insanior)
357 2389 436 2474 quis
453 2385 602 2452 Christus
617 2386 714 2452 homo
730 2397 799 2450 erat
814 2389 1077 2470 instrumentum,
1102 2410 1165 2478 quo

8 2491 9 2494 ’
59 2487 201 2552 Verbum
226 2487 380 2550 utebetur
404 2487 439 2550 in
462 2484 666 2548 admirandis
686 2483 841 2570 oporibus
864 2507 883 2548 a
908 2483 1037 2550 Christo
1062 2499 1165 2572 putre·

57 2587 101 2650 tis.
151 2585 244 2650 Hine
268 2595 300 2646 et
322 2583 494 2648 Deiferum
518 2581 713 2669 (umquam)
736 2582 906 2646 Nestorius
922 2577 1086 2648 Christum
1111 2607 1165 2670 ap·

58 2681 206 2766 pellebat.
255 2677 451 2767 Oonjuuutio
475 2689 589 2743 autem·
608 2679 827 2744 istamoralis'
843 2679 1025 2768 (ouvouoiu)
1050 2683 1165 2746 similis

58 2791 119 2844 erat
141 2780 190 2844 illi
203 2829 212 2862 ,
244 2799 309 2865 qus
331 2775 511 2864 prophetoe
539 2787 572 2840 et
595 2774 708 2843 Sancti
732 2777 805 2841 Deo
824 2778 1029 2862 junguntur,
1054 2801 1164 2865 quam·

59 2878 102 2940 vis
123 2875 340 2942 excellentior
363 2887 395 2938 et
413 2875 599 2962 perfectior.
614 2911 658 2922 -
673 2873 727 2938 Ex
750 2871 813 2938 hoo
835 2893 989 2962 perverso
1013 2876 1164 2960 dogmate

9 3007 10 3038 l
58 2976 237 3039 neoesaeria
267 2969 413 3038 illatione
445 2971 660 3057 sequebatur:
686 2973 723 3036 1⁰
758 2973 853 3037 Duas
883 2989 953 3036 esse
977 2975 1011 3036 in
1035 2971 1164 3038 Christo

57 3075 219 3156 personas,
244 3093 345 3136 unam
361 3071 522 3152 divinem,
537 3069 673 3134 alterum
689 3068 883 3153 humanam3
904 3091 943 3134 ee
967 3069 1048 3136 duos
1071 3065 1164 3148 filios,

10 3233 11 3258 ζ
61 3169 271 3255 Unigenitum
296 3171 351 3254 qui
376 3189 418 3232 ex
440 3167 513 3234 Deo
537 3168 643 3249 Patre,
668 3166 806 3232 ultorum
829 3186 907 3232 vero
936 3167 1040 3232 fllium
1064 3169 1165 3232 homi·

58 3270 111 3348 uis,
134 3271 194 3354 qui
219 3287 262 3330 ox
286 3277 389 3330 matre
412 3266 519 3330 Meris
542 3266 672 3350 genitus
696 3265 768 3331 fuit.
799 3267 838 3330 2⁰
862 3265 1000 3329 Beatam
1024 3266 1163 3330 Mariam

59 3363 225 3450 Virginem
250 3384 314 3428 non
339 3385 409 3428 esse
432 3385 509 3426 vero
528 3363 592 3427 Dei
617 3361 821 3428 Genitrioem
844 3361 1037 3450 (eamearn),
1063 3383 1164 3448 quum

58 3483 94 3524 ex
116 3465 188 3550 ipss
211 3471 341 3526 tantum
354 3461 451 3525 homo
466 3460 520 3524 ille
539 3463 669 3546 genitus
689 3462 740 3544 sit,
756 3461 809 3525 eui
835 3461 1018 3524 extrinseca
1043 3470 1075 3524 et
1098 3483 1163 3524 mo·

59 3560 111 3624 ruli
132 3561 260 3625 unione
282 3558 430 3624 Verbum
449 3558 661 3644 jungebatur.

138 3659 193 3724 51.
219 3657 258 3722 In
290 3656 382 3721 hisee
411 3657 513 3741 igitur
541 3675 626 3742 quse
658 3655 832 3719 statuimus
864 3677 993 3720 summa
1020 3655 1165 3720 haeresis

59 3754 193 3822 Nestorii
228 3757 385 3820 consistit.
442 3753 599 3834 Quaestio
633 3755 720 3818 inter
754 3753 922 3838 theologos
956 3764 1164 3818 controversa

60 3875 93 3916 eu
113 3865 176 3937 est3·
197 3853 279 3940 quid
304 3853 452 3918 desuerit
470 3851 640 3916 Nestorius
654 3851 693 3915 de
717 3861 862 3937 tempore,
887 3873 951 3937 quo
976 3851 1163 3936 conjunctio

61 3949 109 4014 illa
138 3950 271 4016 moralis
303 3953 389 4014 inter
421 3949 570 4013 Verbum
601 3959 633 4012 et
662 3947 829 4012 hominem
853 3949 967 4015 Jesum
1001 3949 1088 4012 facts
1112 3949 1163 4012 sit.

61 4047 137 4112 Sunt
160 4051 217 4135 qni
241 4057 377 4134 propter
406 4049 634 4112 auctoritatem
666 4045 791 4132 aliquot
813 4046 870 4113 SS.
894 4047 1027 4111 Petrum
1051 4048 1164 4109 etim·

62 4146 167 4228 primis
191 4147 224 4212 S.
249 4145 369 4210 Leonis
393 4146 437 4210 M.
462 4146 527 4232 (up.
561 4143 617 4232 23)
646 4153 768 4226 tenent,
793 4145 980 4209 Nestorium
1004 4145 1163 4223 docuisse,

63 4239 220 4309 hominem
243 4245 359 4310 Jesum
391 4245 483 4330 prius
514 4243 679 4328 integrum
709 4249 742 4304 et
772 4243 963 4328 perfeetum·
977 4241 1164 4322 formatum,

1008 4349 1056 4401 15*
