2876 4814
451 491 493 546 An
510 487 694 546 llertnllisom
711 493 813 544 auctor.
1112 493 1165 548 lbi

72 635 135 700 illud
157 635 352 721 disciplinas
383 633 527 720 objicere
551 632 696 715 Callisto,
730 633 757 696 si
781 631 844 698 sub
876 633 947 718 ejus
969 635 1164 720 pontificatu

71 735 94 796 ir
114 733 222 798 Africa
243 755 279 798 se
302 733 510 818 propagavit.

139 831 189 895 94.
213 831 306 896 llaec
339 831 440 914 igitur
462 837 657 913 argumenta
679 827 759 892 talia
791 837 878 910 sunt,
901 839 939 893 ut
960 851 1004 894 ex
1026 831 1067 894 iis
1090 853 1165 898 con-

70 928 198 992 sideratis
223 927 405 1014 probabilia
436 926 572 990 formeri
609 935 719 1011 posset
751 925 928 1008 conclusio,
960 927 1163 994 Tertulliano

69 1024 368 1112 Pbilosopbonmena
400 1022 622 1089 adscribenda
652 1043 734 1088 esse.
781 1021 924 1088 Obstant
954 1033 1066 1088 tamen
1099 1025 1333 1135 aliaffimffl·

70 1124 180 1201 nodva,
203 1145 291 1210 qaae
309 1124 428 1187 visua
459 1141 525 1186 non
567 1129 690 1185 carent.
746 1119 986 1186 Difficultatem
1018 1122 1163 1207 aliquam

68 1219 130 1282 issit
147 1225 181 1284 1·
202 1219 386 1307 deffereatic
409 1218 487 1302 styli
508 1229 538 1282 et
556 1217 699 1282 cudredi.
724 1217 794 1283 sub
819 1217 881 1284 hoc
904 1228 1056 1303 respectu
1074 1222 1163 1284 enim

71 1315 369 1404 Philosophoumena
402 1339 467 1380 uon
506 1318 585 1380 setis
621 1317 825 1380 conveniunt
860 1337 936 1380 cum
968 1315 1162 1382 Tertulliani

69 1415 200 1497 operibns
231 1415 355 1496 latinis,
388 1435 473 1499 quae
502 1413 596 1478 nobis
628 1421 705 1477 nota
738 1423 824 1479 sunt.
871 1413 995 1477 Verum
1028 1414 1162 1500 quidem

70 1525 115 1580 est
134 1515 239 1578 minas
262 1513 360 1576 firma
392 1533 463 1574 esse
495 1519 690 1594 arguments
713 1532 798 1596 quae
822 1533 863 1574 ex
887 1510 950 1574 boc
972 1513 1082 1596 capite
1105 1511 1163 1578 du·

68 1619 175 1690 cuntur,
198 1623 234 1676 ut
256 1633 321 1676 sua
352 1607 566 1694 scriptoribus
598 1608 811 1674 vindicentur
833 1631 947 1694 opera,
972 1608 1162 1695 abjudicen-

68 1720 109 1769 tur
126 1707 236 1773 aliona.
285 1707 483 1791 Argumenti
517 1706 701 1788 diversitas,
735 1709 852 1770 aetatis
879 1706 995 1788 flexus,
1028 1706 1162 1792 linguae

68 1804 231 1888 discrimen,
255 1807 490 1892 adjunctorum
516 1805 669 1885 varietas,
693 1825 797 1868 unum
821 1803 1040 1890 eumdemque
1063 1805 1162 1890 scrip

68 1911 151 1966 uram
173 1927 237 1970 non
259 1925 338 1968 raro
362 1901 426 1967 sibi
450 1901 643 1966 dissimilem
667 1901 821 1968 reddunt.
854 1901 1014 1966 Attamen
1036 1901 1162 1966 Tertul-

68 1999 154 2064 lisnns
174 2005 316 2087 scriptor
339 2009 388 2064 est
412 1999 509 2085 plane
533 2001 584 2063 sui
606 2000 746 2082 generis,
771 1998 812 2063 de
836 2021 901 2084 quo
925 2001 1042 2064 merito
1066 1999 1162 2064 Cent-

69 2117 164 2163 nerus:
190 2100 409 2166 Ternsllt‘oaus
439 2119 525 2176 scae,
548 2119 637 2182 queem
660 2095 811 2182 affectato
843 2119 943 2184 supra
964 2095 1088 2162 utorium
1110 2097 1161 2162 cb-

69 2197 181 2260 mutin
201 2209 231 2261 et
244 2199 374 2284 fipuroe
395 2217 495 2281 prope
518 2217 638 2280 semper·
660 2196 696 2258 ia
713 2196 908 2280 praecipitio
931 2195 1101 2260 collocatae
1125 2219 1163 2260 cc

70 2291 230 2360 isinitebs'le
253 2294 416 2380 quoddam
437 2294 544 2356 omnio
559 2291 739 2356 imolccssdi
753 2291 891 2358 audiam
914 2318 935 2356 c
957 2294 1162 2380 scriptoribus

71 2409 118 2450 ros
144 2415 274 2472 sources,
310 2391 365 2456 sod
396 2391 532 2454 omnium
555 2389 630 2475 scre
671 2401 841 2476 tempos-san
873 2390 1080 2478 distinquuat,
1112 2394 1162 2456 ito

68 2497 149 2566 porea
177 2492 315 2574 apeosci,
346 2499 381 2552 cr
412 2509 492 2572 quat
524 2499 744 2573 apponuntur
774 2490 840 2573 ipsi
870 2488 1022 2574 opuscsdo
1054 2491 1162 2554 statim

69 2585 240 2672 ppetuu).
279 2586 446 2667 Quemvis
469 2585 503 2648 in
529 2584 671 2648 Auctore
695 2585 1040 2672 Philosophoumenon
1063 2609 1160 2672 quae

69 2677 128 2744 dam
148 2703 218 2748 cum
231 2681 439 2749 Tertulliano
463 2681 541 2766 styli
564 2681 745 2748 similitudo
769 2685 968 2765 inveniatur,
993 2683 1158 2750 scribendi

68 2791 157 2844 umen
179 2782 295 2847 modus
327 2782 525 2844 imitatorem
548 2778 744 2844 Tertulliani
778 2783 887 2866 potius
911 2803 1011 2867 quam
1034 2781 1160 2846 Tertul-

68 2871 170 2942 lianum
183 2879 340 2957 indicare,
357 2877 493 2963 quidam
517 2877 748 2965 existimatum).
773 2917 816 2926 -
841 2879 915 2944 Hoc
928 2889 1159 2963 argumentum

68 2968 224 3042 decisivnm
268 2997 336 3041 non
375 2995 454 3056 esse,
493 2977 641 3039 sincerus
678 2978 818 3062 quisque
854 2977 1021 3042 fatebitur.
1053 3013 1097 3022 —
1121 2978 1160 3040 2⁰

68 3064 186 3138 tirsrior
206 3086 263 3156 cst,
289 3083 451 3160 quantum
475 3093 593 3138 censeo
620 3095 660 3136 ea
683 3072 872 3156 difficultas,
897 3074 986 3160 quod
1009 3076 1043 3140 in
1066 3071 1160 3138 libris

70 3163 386 3255 Philosopbonmenon
410 3169 528 3234 nullibi
557 3181 833 3235 commemoratur
854 3171 989 3256 aliquod
1012 3193 1056 3236 ex
1078 3170 1158 3237 mul·

69 3263 100 3324 tis
118 3269 260 3350 operibns
293 3271 389 3349 notis,
422 3289 508 3354 quae
531 3289 551 3331 a
573 3265 777 3333 Tertrrlliano
810 3272 991 3356 composita
1014 3268 1157 3351 fuerunt,

69 3367 197 3442 quanvis
218 3387 284 3432 non
310 3366 534 3452 infrequenter
556 3368 685 3430 occasio
709 3387 780 3430 sese
803 3368 984 3452 praeberet,
1010 3366 1158 3452 illudque

69 3455 94 3516 in
106 3457 286 3528 Tertulliani
311 3463 459 3528 moribus
482 3463 624 3547 positum
644 3473 744 3545 esset,
770 3472 806 3528 ut
828 3467 1029 3532 summorum
1059 3466 1158 3550 scrip

67 3564 154 3620 torum
183 3560 305 3626 laceret
336 3561 547 3626 mentionem.
603 3561 742 3646 Scripsit
782 3561 1007 3626 Termllianus
1044 3569 1159 3625 contra

68 3646 295 3741 Hermogenem,
333 3667 447 3722 contra
476 3657 743 3740 Valentinianos,
786 3669 902 3724 contra
934 3660 1157 3741 Marcionem,

68 3743 93 3806 li
113 3753 234 3833 quidem
257 3755 414 3820 baeretici
439 3756 538 3820 otiam
562 3757 597 3819 in
616 3777 714 3840 opere
737 3755 1080 3844 Philosophoumenon
1104 3775 1158 3840 op·

69 3861 242 3934 pugnantur,
274 3853 332 3918 sed
364 3851 456 3918 nulla
489 3854 611 3917 mentio
644 3853 682 3918 fit
703 3856 813 3940 operis
839 3855 912 3941 jam
934 3863 1011 3918 ante
1044 3861 1158 3918 contra

69 3957 112 4004 θοι
139 3953 317 4036 mascripti.
372 3951 462 4015 Dein
494 3949 621 4016 Auctor
652 3950 996 4039 Philosophoumenon
1030 3953 1064 4016 in
1096 3971 1156 4016 suo

72 4089 92 4096 ...

129 4163 144 4228 'l
161 4165 280 4225 Centnor.
299 4173 339 4225 lle
357 4187 426 4224 omn.
445 4169 518 4225 'l'ert
537 4185 607 4240 oper.
626 4169 650 4241 β.
672 4173 712 4225 13.

130 4245 924 4322 urlmumosrovidcsp.smn11ni1.c.cap1a

112 4351 219 4406 'W
238 4361 412 4405 unumne.
1016 4343 1048 4396 17
