2852 4826
411 525 456 580 An
475 525 660 581 Tertullianus
680 531 781 580 metor.
1102 525 1155 581 sea

61 687 117 730 vero
146 691 164 730 a
194 669 403 734 Tertulliano
437 672 655 756 propositum,
689 673 749 735 etsi
782 679 906 758 spectet
939 671 1027 736 edita
1059 690 1158 756 porro

60 764 190 848 opuscula
212 768 246 831 iu
273 768 464 852 singulares
487 767 679 853 haereticos,
704 779 814 833 tamen
839 769 974 849 indicat,
999 768 1155 832 fusiorem

59 861 201 927 haeresum
242 867 491 951 expositionem
530 877 562 931 et
593 868 823 932 refutationem
861 867 903 931 sb
943 866 1013 952 ejus
1045 867 1154 929 auimo

58 957 171 1025 alienam
195 985 261 1030 non
287 965 403 1029 fuisse.

124 1059 171 1124 91.
194 1061 317 1148 Neque
351 1085 371 1126 a
405 1061 608 1152 Tertulliano
641 1063 809 1144 abhorret,
841 1062 929 1149 quod
960 1059 1083 1126 librum
1106 1062 1156 1125 De

61 1153 180 1220 l'uirerri
209 1152 353 1225 essentia
387 1162 564 1246 scripserit.
611 1161 711 1225 Notat
742 1161 889 1242 photius,
920 1162 954 1223 in
986 1157 1069 1223 libro
1103 1159 1156 1222 De

58 1257 171 1318 essentia
194 1255 371 1340 Universi,
398 1259 440 1322 de
465 1259 558 1344 cujus
590 1269 723 1323 auctore
747 1260 817 1345 ipse
840 1257 1006 1339 haerebat,
1032 1257 1154 1343 opinio-

60 1371 112 1413 nem
126 1357 260 1440 proponi
279 1357 324 1420 de
341 1358 455 1421 anima
480 1375 651 1443 corporca3
680 1357 796 1421 similis
823 1365 932 1420 eutem
958 1364 1006 1418 eet
1028 1363 1155 1418 seuten-

57 1449 87 1508 tis
99 1447 337 1542 tenetisne).
379 1453 470 1518 Oitat
488 1453 660 1520 Armellini
677 1455 718 1543 (r.
734 1453 825 1541 XV.)
842 1453 1064 1538 fragmentum
1078 1450 1154 1516 libri

59 1545 92 1608 lie
114 1551 245 1615 noiomi
278 1555 422 1616 essentia
453 1573 496 1615 ex
526 1554 639 1617 codice
668 1553 843 1617 barberino
866 1547 1155 1636 Philosophoume-

58 1664 113 1712 non.
140 1649 171 1712 in
203 1668 307 1735 quem
337 1649 420 1714 illud
453 1650 675 1734 fragmentum
697 1651 838 1714 relatum
861 1653 992 1736 reperit
1043 1649 1155 1714 Ornata

60 1745 127 1818 rain,
148 1747 253 1832 inquit
278 1749 440 1834 scriptor,
457 1750 542 1838 justi
564 1771 659 1836 aeque
683 1771 720 1812 oo
743 1751 857 1839 injusti
880 1751 1029 1813 muctar
1051 1768 1155 1811 eoram
1196 1793 1201 1798 -

60 1837 107 1902 Dm
132 1839 224 1908 Verbo
249 1896 257 1909 .
285 1897 293 1911 .
326 1897 333 1910 .
360 1841 473 1932 Neque
496 1848 578 1910 enim
601 1847 709 1910 Minoe
737 1859 767 1911 et
790 1847 1050 1911 Rhadamanthus
1065 1845 1154 1934 judi

60 1959 94 1998 ss
112 1951 181 2005 aaut.
216 1993 224 2010 .
260 1995 267 2008 .
305 1943 374 2008 Sed
398 1964 487 2030 quma
510 1945 597 2008 Dece
628 1955 658 2008 et
687 1946 783 2009 Pater
813 1944 1010 2031 yiorificauit,
1034 1943 1072 2006 do
1090 1941 1155 2028 'quo

61 2033 83 2094 iu
101 2035 164 2101 attia
186 2039 279 2106 libris
305 2041 459 2106 srtbtilics
477 2032 680 2106 disseruimus
695 2049 829 2129 propter
852 2064 903 2106 eos
925 2043 980 2127 qai
1001 2051 1155 2127 quaerum

62 2135 200 2200 ueritatem.
252 2138 487 2204 Tertullianus
516 2147 626 2203 autem
660 2140 740 2204 nde.
776 2139 976 2226 Marcionem,
1000 2138 1021 2204 l.
1051 2138 1096 2202 Π.
1125 2161 1153 2203 c.

62 2226 338 2302 tienmemorat
362 2237 524 2324 scriptum
547 2257 566 2300 a
591 2259 625 2301 se
648 2237 796 2302 libellum
820 2239 862 2302 de
878 2237 1008 2302 Christo
1027 2236 1153 2323 judiee.

64 2321 177 2394 inlicem
198 2335 339 2420 quidem,
364 2335 422 2418 eit,
447 2346 478 2397 et
499 2333 590 2398 illum
610 2357 674 2399 esse
682 2339 754 2424 jam
778 2337 967 2400 arundincus
988 2336 1024 2398 irs
1047 2332 1154 2398 litetur

65 2443 109 2490 ἢν).
127 2439 152 2490 tt
171 2431 208 2494 de
224 2433 344 2522 judice
367 2435 544 2496 ermonario
568 2453 714 2512 severam,
739 2445 770 2497 et
793 2433 830 2496 rie
858 2453 961 2496 seuam
985 2436 1066 2497 sinat
1088 2455 1153 2496 soe-

65 2541 120 2601 een,
147 2529 173 2590 si
202 2539 314 2595 tomen
347 2551 482 2594 saecum,
526 2567 559 2580 α-
582 2531 698 2617 Neque
731 2527 976 2594 eTertulliano
1008 2531 1153 2594 alienum

65 2630 97 2679 eu
118 2627 228 2712 scripu
258 2629 378 2711 fuisse,
411 2649 497 2714 quae
527 2619 568 2693 (le
597 2629 798 2694 Patriarehis
830 2650 870 2691 ac
903 2627 944 2691 de
967 2627 1154 2691 Palaestina

65 2733 88 2776 tt
98 2721 246 2807 scripsisse
261 2723 398 2792 Auctor
411 2713 756 2814 Philosophoumenon
772 2734 1014 2790 commemorat.
1061 2723 1153 2788 Nihil

64 2815 127 2880 tuin
155 2822 186 2886 in
216 2846 319 2889 sacra
353 2824 538 2888 eruditione
571 2822 793 2889 Tertullianus
825 2826 986 2888 intactum
1009 2819 1151 2906 reliquit,

65 2929 91 2970 ²⁰
108 2915 185 2998 plura
208 2923 282 3008 ejus
312 2923 436 3007 scripta
460 2922 631 3008 deperdita
655 2931 740 2988 sunt.
791 2918 844 2986 De
867 2921 966 2985 rebus
989 2917 1153 2984 similibus

65 3025 117 3074 snm
143 3017 250 3085 saltem
290 3020 466 3083 occasione
499 3020 576 3087 data
609 3021 800 3085 disseruisse
833 3019 942 3103 colligi
974 3025 1082 3104 potest
1111 3038 1153 3079 ex

65 3103 110 3170 illis
135 3117 235 3183 verbis
276 3115 364 3182 Ado.
398 3117 592 3182 Marcionem
623 3118 643 3184 l.
676 3118 739 3184 Ill.
773 3139 802 3184 o.
831 3119 889 3181 23:
923 3115 987 3180 Sed
1019 3113 1058 3180 cle
1081 3117 1153 3179 dna

65 3201 176 3277 lunae
197 3239 251 3281 sco
293 3223 441 3302 tempore,
487 3217 536 3279 De
558 3215 756 3281 restitutione
785 3239 856 3280 vero
879 3215 1036 3295 Judoeae,
1061 3237 1153 3301 quam

65 3307 154 3390 Ἠρή
169 3311 298 3380 ludaei
326 3314 376 3377 ita
407 3324 443 3376 ut
466 3313 653 3378 describitur
675 3327 818 3402 opereat,
844 3315 980 3378 locorum
1002 3323 1033 3377 et
1054 3314 1152 3400 reqio-

66 3421 116 3466 l’ffl
134 3414 309 3478 nominibus
339 3410 473 3490 inducti,
497 3413 647 3498 quomodo
681 3411 852 3499 allecorioo
874 3413 1094 3496 interpretatio
1118 3412 1153 3474 ia

67 3493 188 3572 Qucum
209 3523 239 3575 et
262 3513 303 3574 ia
322 3507 497 3573 Erotem
521 3522 550 3574 et
572 3513 607 3574 ira
629 3511 767 3574 babitare
790 3521 819 3573 et
834 3509 978 3595 fluctum
1000 3513 1066 3597 ejas
1090 3511 1152 3593 spi·

66 3595 190 3670 tlittoiiter
210 3615 384 3696 competat,
409 3617 439 3670 et
462 3606 585 3694 tanqam
615 3619 661 3672 eet
678 3609 835 3694 persequi,
860 3617 891 3669 et
912 3607 947 3668 in
971 3605 1037 3668 alie
1060 3627 1151 3691 opere

66 3689 191 3784 dierum
212 3707 300 3793 qood
324 3703 526 3769 interibimus
548 3705 601 3770 De
626 3727 687 3792 spe
703 3705 902 3791 fideliam.

129 3797 175 3866 92.
196 3803 399 3870 Schismatis
433 3823 528 3888 porro
563 3815 682 3890 tempas
710 3813 810 3888 atque
846 3802 1001 3864 universa
1030 3807 1150 3862 conre-

68 3894 201 3964 twettrem
227 3903 317 3966 ratio
349 3895 553 3964 Tertulliano
584 3911 622 3964 ut
648 3901 773 3966 auctori
805 3897 1151 3983 Philosophoumenon

69 3989 124 4052 “fit
141 4002 350 4065 convenient.
398 3995 440 4062 Id
473 3997 626 4084 colligere
655 3997 752 4062 lacile
780 3995 902 4082 potesis
926 4015 968 4058 ex
991 3996 1041 4076 iis,
1065 4012 1151 4079 quse

69 4079 92 4144 ll
110 4085 331 4180 Disqmitione
363 4103 475 4159 nostra
504 4097 607 4160 variis
636 4094 716 4160 locis
740 4093 953 4160 advertimus.
1000 4091 1151 4160 sufficiet

123 4283 186 4348 'ici
203 4291 278 4348 Phoc
300 4287 371 4344 Cod„
388 4289 425 4340 48
443 4289 602 4345 et‘l'ertull.
620 4289 660 4344 De
679 4287 776 4343 alim
