2810 4846
257 459 308 514 lse
672 455 712 510 Dc
729 456 802 512 tacto
820 457 949 515 Nectarii.

256 601 356 681 hibet,
370 599 544 684 quominus
556 600 703 664 omnium
713 610 922 686 peccatorum
935 601 1068 686 publiea
1080 603 1245 668 confessio
1259 605 1358 688 exige·

256 709 317 776 tur,
337 699 500 782 privatam
517 719 594 760 vcro
613 699 848 764 confessionem
865 710 902 762 ut
919 703 1139 770 necessariam
1153 711 1187 766 ot
1204 703 1359 766 sufficieu-

256 806 319 876 tom
337 795 479 864 exhibet.
503 793 606 874 Illam,
629 798 744 882 inquit,
766 808 876 860 contra
891 797 1106 884 Apostolicam
1121 799 1264 884 requiam
1278 825 1361 886 proc·

226 905 230 914 '
257 897 475 980 arreptionem,
501 917 592 979 quem
623 918 723 981 nuper
747 898 859 980 aonooi
889 919 910 960 a
932 897 1117 982 quibasdam
1139 896 1259 962 illicita
1280 919 1360 962 acar-

252 994 383 1080 patione
413 993 574 1070 committi,
602 993 713 1056 mediis
742 992 883 1056 omreibas
910 996 1061 1058 constituo
1091 995 1286 1060 submoueri:
1326 1021 1360 1060 ns

257 1089 400 1154 videlicet
422 1092 460 1154 de
483 1090 674 1174 sinynloram
690 1102 891 1177 peccatoram
905 1115 1014 1176 amare
1038 1091 1143 1157 ittetto
1167 1095 1291 1180 scripta
1307 1117 1361 1180 pro

249 1189 352 1275 fessio
380 1187 579 1274 publicatam
611 1211 678 1252 eccm
710 1200 816 1254 reatus
848 1193 1107 1254 cormcientiaram
1129 1189 1273 1276 stiffeciat
1294 1191 1362 1254 sotis

258 1287 468 1350 sacerdotibus
491 1287 630 1352 indicari
652 1287 844 1372 confessione
868 1300 994 1352 secreta.
1028 1287 1179 1362 Quamvis
1203 1290 1285 1352 anim
1302 1288 1361 1375 ple·

257 1385 366 1448 nitndo
381 1384 464 1467 fidoi
485 1385 629 1450 uideatur
652 1407 716 1448 esso
740 1385 923 1464 laudabilis,
947 1411 1025 1472 ottae
1043 1398 1180 1473 propter
1196 1387 1262 1450 Dei
1285 1389 1361 1450 timo·

257 1505 322 1560 rem
344 1482 431 1567 apud
462 1483 597 1546 hominos
625 1483 799 1548 erabescere
830 1495 1054 1566 nosceretur,
1081 1495 1186 1548 tamen
1210 1487 1287 1570 qaia
1307 1509 1361 1548 rma

259 1581 393 1642 omnium
415 1581 591 1668 hujusmodi
613 1591 684 1644 sant
701 1592 845 1666 peccata,
866 1592 901 1644 ut
916 1604 955 1644 ea
977 1583 1030 1666 qui
1046 1583 1280 1667 poenitentiam
1297 1605 1360 1668 pos·

258 1687 330 1744 cant
352 1700 415 1740 noa
439 1680 567 1741 timeant
576 1677 748 1762 publicari,
766 1689 959 1742 removeatur
973 1690 1037 1742 tarn
1059 1679 1280 1764 improbabilis
1302 1703 1361 1744 cou-

259 1775 398 1852 suetudo,
421 1800 459 1840 ne
483 1775 573 1838 multi
591 1799 611 1838 a
621 1777 836 1861 poenitentiae
855 1777 1000 1840 remediis
1015 1787 1196 1856 arceantur,
1222 1778 1295 1842 dam
1315 1788 1363 1840 out

260 1874 448 1950 erusbescunt,
466 1883 520 1936 ent
534 1884 681 1952 *recinant
696 1875 832 1938 inimicis
851 1876 917 1938 sais
940 1898 998 1938 mm
1013 1874 1109 1960 facta
1130 1877 1283 1954 reserari,
1305 1875 1361 1961 qui·

260 1971 314 2034 bus
343 1973 467 2056 possint
497 1971 595 2056 layum
625 1972 842 2036 constitutione
866 1972 1009 2058 parcelli.
1057 1969 1185 2057 Sufficit
1210 1974 1291 2036 caim
1311 1971 1363 2034 itta

259 2069 422 2154 comitatio,
453 2091 530 2153 quac
558 2071 696 2154 primam
724 2071 793 2132 Deo
823 2068 953 2155 offertur
983 2081 1047 2134 tum
1076 2071 1173 2134 etiem
1206 2070 1361 2134 sacerdoti.

259 2169 312 2252 qui
329 2191 391 2252 pro
425 2166 547 2230 delictis
564 2167 793 2252 poenitentium
818 2179 970 2253 precator
1000 2168 1128 2232 accedit.
1182 2168 1269 2232 Taua
1291 2169 1360 2230 casim

260 2265 378 2327 dentiam
397 2265 506 2348 plures
531 2265 574 2328 nd
591 2266 819 2349 poenitentiam
838 2276 988 2351 poterant
1003 2268 1187 2351 provocari,
1211 2267 1242 2328 si
1258 2262 1362 2351 popuii

260 2363 387 2426 aum'tus
410 2386 473 2426 non
490 2362 669 2447 publicetur
691 2365 880 2426 contuentia
903 2363 1083 2448 confltcntie.
1117 2401 1162 2410 -
1197 2362 1306 2448 Atque
1332 2363 1359 2422 iu

260 2457 395 2543 epistola
424 2459 466 2524 sd
499 2459 706 2526 Theodorum
735 2460 994 2546 Forojulisnssm
1026 2461 1103 2526 date
1130 2459 1204 2547 (82)
1236 2461 1359 2526 necessi·

260 2565 359 2620 tatem
393 2557 605 2621 confessionis
638 2580 680 2620 ex
707 2558 782 2643 juro
814 2558 927 2624 divino
952 2559 985 2624 S.
1009 2560 1076 2624 Lso
1111 2559 1234 2624 diserte
1258 2559 1358 2622 asserit

260 2653 422 2720 scribens:
460 2654 632 2740 silnitiptaae
660 2656 877 2720 misericordia
899 2657 963 2720 Dei
993 2659 1041 2720 ita
1065 2657 1210 2744 lapsibus
1234 2655 1357 2722 istaut

260 2754 412 2830 dramonis,
436 2763 469 2815 at
492 2775 555 2816 non
577 2753 677 2816 solnm
693 2777 756 2838 per
779 2753 927 2839 baptismi
948 2755 1094 2840 oratiam
1118 2755 1176 2818 scd
1199 2757 1292 2818 ctiam
1306 2775 1357 2838 por

255 2852 469 2936 poenitentiae
492 2851 676 2914 medicinam
697 2873 768 2937 spes
791 2854 872 2916 citae
894 2861 1058 2937 reparetur
1081 2863 1241 2930 ostensae,
1262 2862 1294 2915 ut
1313 2851 1357 2934 qni

261 2950 501 3034 reyonerationis
534 2949 618 3012 dona
649 2947 828 3028 violassent,
857 2951 990 3035 proprio
1024 2972 1055 3013 se
1071 2949 1200 3038 judicio
1233 2949 1355 3014 condem·

261 3057 381 3123 narsico,
415 3046 458 3109 ad
489 3047 699 3108 remissionem
728 3049 890 3110 criminum
918 3048 1134 3132 peruenirent‚·
1170 3049 1218 3111 sic
1247 3047 1356 3112 dame

262 3143 410 3208 bonitatis
428 3143 603 3229 praesidiis
628 3145 795 3228 ordinatis,
827 3155 861 3208 ut
892 3145 1090 3231 indulqentia
1111 3146 1190 3222 Dei,
1215 3146 1278 3208 nisi
1296 3166 1354 3226 aar

256 3241 483 3326 plicationibns
514 3241 709 3306 sacerdotum
743 3253 874 3327 reoqnaat
906 3243 1048 3306 obtineri.
1102 3243 1264 3308 Mediator
1288 3241 1353 3304 enin

261 3340 323 3406 Dei
346 3351 375 3402 et
397 3341 559 3418 domin-um,
583 3341 668 3410 tomo
697 3337 837 3404 Christus
865 3341 969 3418 Jceus,
999 3342 1078 3404 tenc
1095 3341 1288 3428 praepositus
1308 3337 1353 3400 Ec·

261 3437 373 3500 clesiae
398 3437 531 3500 tradidit
549 3446 744 3522 potestatem,
772 3448 807 3500 at
839 3450 867 3501 et
890 3439 1102 3522 confitentibus
1125 3440 1278 3502 actionem
1292 3454 1350 3521 prt-

260 3537 410 3607 nitentiac
434 3535 556 3612 darent,
581 3545 610 3596 ot
629 3536 750 3598 eosdem
768 3533 889 3598 satan-t
902 3536 1119 3621 satisfactione
1137 3545 1298 3621 puryatoe,
1319 3529 1352 3594 ad

261 3634 500 3696 comniunionem
522 3643 782 3698 sacramentorum
798 3656 861 3719 per
869 3637 1005 3722 joanam
1026 3633 1288 3700 reconciliationes
1308 3627 1350 3692 od·

261 3730 423 3794 ntittcrent.

351 3927 402 3990 61.
428 3925 658 4010 Opportunum
689 3929 750 3990 erit
773 3927 935 4012 quaedam
968 3927 1022 3990 hio
1046 3927 1165 3992 addere
1189 3927 1227 3989 de
1249 3922 1350 4008 coisses·
1393 3991 1394 4020 ¹

127 4017 177 4046 '¹¹⁸¹
197 4021 221 4050 ¹¹¹·
262 4029 348 4090 sione
365 4035 566 4110 peccatorum
589 4024 768 4102 venialium,
793 4026 937 4110 antiquis
960 4025 1127 4090 Ecclesiae
1150 4022 1285 4092 merulis
1305 4017 1350 4082 mi·

263 4145 324 4186 nus
356 4122 524 4207 frequento
556 4122 609 4185 vel
642 4123 709 4188 fero
742 4121 882 4188 insolita.
931 4123 1024 4202 Quae
1056 4144 1133 4188 voro
1168 4121 1230 4188 hac
1261 4120 1298 4184 de
1323 4136 1350 4178 ro

264 4221 347 4286 scitu
381 4218 481 4302 digna
514 4230 607 4302 sunt,
640 4220 785 4284 breviter
808 4231 1016 4306 exponuntur
1038 4220 1127 4308 apud
1149 4216 1349 4284 Bollnndistss
