2836 4804
7 2939 9 3016 l

515 439 613 515 vagus
630 447 721 508 geu.
1138 438 1193 494 uu

76 601 92 642 e
122 578 261 645 basilica
296 583 437 666 eriperet
473 592 505 646 et
539 582 709 648 custodiae
742 581 896 647 traderet.
943 580 1009 646 Sed
1033 580 1194 646 militibus

75 677 199 742 fortiter
232 681 352 744 restitit
383 679 527 764 Vigilius
559 680 604 744 ad
636 682 744 767 ipsum
768 680 802 746 S.
825 679 914 744 Petri
938 679 1051 760 altare,
1076 701 1116 743 ae
1138 697 1194 762 po·

7 819 8 836 i
77 789 193 842 stremo
218 785 350 861 praetor
371 801 392 842 a
414 777 536 863 populo
560 801 603 842 ex
627 778 767 844 ecclesia
790 776 903 862 pulsus
926 787 984 842 est.
1021 776 1194 841 TuncIm·

7 901 8 960 }
75 883 206 958 perator
229 874 308 940 faeti
332 874 447 940 saltem
480 877 707 962 specietenus
738 877 921 962 poenitens,
948 875 1056 938 missis
1079 872 1196 938 nobili-

76 969 135 1035 bus
167 971 296 1056 legatis,
321 971 445 1057 Vigilio
479 995 556 1038 eum
576 983 784 1039 sacramento
809 972 1001 1058 spopondit,
1026 973 1195 1036 nemiuem

7 1059 8 1148 J
79 1068 233 1155 deinceps
257 1071 287 1134 ei
311 1069 412 1134 ullam
436 1069 593 1156 injuriam
616 1071 785 1136 illaturum
815 1093 902 1152 esse;
926 1079 959 1134 et
981 1069 1137 1134 Pontifex
1160 1071 1196 1133 in

7 1183 8 1190 ¹
76 1166 234 1252 palatium
258 1166 488 1233 Plaeidianum
503 1190 656 1234 reversus
679 1177 736 1234 est.
760 1167 807 1232 At
823 1177 936 1232 conus
960 1167 1071 1232 datam
1095 1166 1195 1230 fidem

7 1289 8 1316 2
78 1265 109 1328 iu
131 1263 197 1328 illis
220 1264 360 1330 aedibus
383 1265 452 1330 fere
476 1275 512 1331 ut
531 1265 685 1352 'captivus
701 1265 883 1331 custoditus
906 1267 1073 1351 variisque
1097 1286 1195 1330 vexa·

77 1371 127 1426 tus
151 1373 201 1426 est
223 1363 365 1448 injuriis,
389 1362 477 1428 unde
491 1363 576 1428 clam
592 1362 876 1449 Constantinopoli
897 1365 1031 1428 secessit
1053 1372 1087 1426 et
1100 1361 1196 1428 Chal-

77 1459 233 1524 cedonem
257 1461 292 1524 in
303 1459 478 1525 basilicam
493 1461 526 1528 S.
542 1462 749 1548 Euphemiae
766 1461 924 1545 confugit,
949 1483 1013 1546 quo
1038 1481 1114 1525 eum
1129 1461 1196 1525 Da-

77 1557 144 1620 cius
167 1555 425 1622 Mediolanensis
456 1558 579 1645 aliique
611 1561 757 1646 episcopi
787 1558 897 1638 latini,
927 1561 982 1644 qui
1013 1556 1197 1624 Constanti-

78 1653 222 1740 nopolim
246 1665 416 1736 venerant,
441 1659 546 1722 sec'uti
569 1667 656 1724 sunt.
702 1656 832 1722 Ibidem
856 1655 999 1740 Vigilius
1023 1657 1117 1720 initio
1141 1656 1196 1721 Ja-

80 1753 186 1816 nuerii
202 1775 233 1817 a.
249 1752 316 1818 552
329 1756 526 1818 sententiam
549 1755 650 1820 latam
674 1764 788 1820 couua
811 1753 1024 1818 Theodorum
1037 1754 1197 1818 Ascidam

78 1860 108 1914 et
135 1851 296 1916 Mennam
327 1851 528 1936 publicavit,
562 1877 602 1918 ac
637 1853 714 1918 dein
744 1851 914 1936 encyclica
947 1851 1085 1936 epistola
1119 1850 1198 1916 dats

80 1947 130 2012 die
154 1947 369 2013 bFebruarii
394 1971 569 2016 aerumnas
592 1973 670 2016 suas
692 1960 725 2014 et
747 1971 856 2014 rerum
881 1949 1104 2014 conditionem
1128 1950 1199 2013 uni·

78 2067 192 2110 versae
206 2046 377 2112 Ecclesiae
394 2049 629 2116 manifestavit.
659 2049 841 2134 Imperator
862 2048 997 2112 demum
1013 2047 1199 2111 constantia

80 2144 195 2229 vigilii
230 2145 338 2208 victus
372 2145 518 2211 edictum
552 2168 648 2210 suum
682 2144 831 2226 sustulit,
857 2155 890 2210 et
912 2147 1074 2229 integram
1098 2145 1198 2208 trium

82 2240 309 2328 Capitulorum
334 2245 557 2328 cognitionem
587 2244 720 2330 reliquit
750 2243 861 2306 futuro
887 2241 1048 2308 Consilia.
1095 2242 1199 2307 Theo-

83 2339 182 2404 dorus
191 2339 341 2420 Ascidas,
352 2341 490 2406 Menneu
501 2341 662 2424 CPtanus,
678 2342 800 2428 aliique
815 2341 962 2456 episcopi
977 2341 1199 2427 poenitentiae

81 2437 224 2524 fideique
247 2437 375 2504 libellos
399 2439 552 2505 Pontifici
577 2439 634 2504 obt
635 2439 775 2505 ulerunt.
824 2409 955 2518 Quibus
978 2441 1120 2525 peractis
1144 2439 1199 2504 Vi-

79 2535 176 2620 gilius
201 2527 521 2622 Constantinopolim
544 2539 652 2603 rediit.

167 2633 222 2698 50.
246 2634 349 2699 Paulo
382 2645 456 2720 post
485 2635 568 2700 obiit
591 2637 740 2715 lilennss,
774 2636 871 2720 eique
903 2632 1040 2698 insede
1065 2633 1201 2698 OPtana
1250 2664 1351 2694 neu

81 2731 239 2796 successit
270 2732 451 2817 Eutychiae.
498 2734 564 2798 Hic
598 2733 652 2798 die
685 2733 880 2798 6anuarii
910 2754 939 2798 a.
963 2731 1028 2796 553
1051 2730 1200 2796 libellum
1310 2725 1343 2755 '¹⁸'

7 2845 9 2934 L
81 2827 159 2894 fidei
181 2827 301 2894 obtulit
319 2830 442 2915 Vigilio
458 2830 623 2912 Pontifici,
644 2833 678 2896 in
698 2853 763 2916 quo
785 2839 858 2915 post
874 2830 1108 2914 professionem
1122 2828 1201 2894 fidei

82 2926 214 2990 scribit:
246 2925 321 2990 Cum
339 2929 438 3012 igitur
446 2929 619 3015 praedicta
633 2931 740 2993 amaia
755 2937 785 2992 et
798 2928 989 2991 servavimus
1003 2937 1032 2990 et
1043 2950 1202 2990 servamus

82 3037 110 3088 et
123 3027 160 3088 iu
183 3025 231 3088 bis
254 3023 438 3111 nobisipsis
453 3030 584 3091 iuoicem
600 3027 817 3106 eouseutiurus,
832 3026 1041 3088 necessarium
1064 3035 1110 3088 est
1131 3046 1201 3088 eou-

75 3123 168 3207 ferre
193 3122 231 3184 dc
257 3122 356 3186 tubus
374 3122 541 3210 Capitulis,
565 3125 648 3189 uude
671 3124 858 3210 quibusdam
882 3123 1021 3208 quaestio
1044 3132 1123 3186 unta
1145 3131 1201 3184 cst.

83 3222 123 3284 Et
146 3221 218 3284 ideo
246 3221 383 3304 petimus
410 3223 616 3307 praesideute
648 3222 738 3286 asebis
772 3232 877 3285 uestra
904 3221 1121 3298 Beatitudiuc,
1145 3218 1202 3284 sub

84 3317 314 3404 tranquillitate
347 3329 377 3382 et
400 3320 592 3384 sacerdotali
618 3319 865 3383 mausuetudine.
884 3320 1063 3404 propositis
1086 3319 1203 3382 sulcas

83 3413 276 3500 Euaupcliis,
293 3418 446 3480 communi
461 3427 599 3482 tractatu
609 3417 717 3482 eadem
729 3412 918 3502 capitula2iu
931 3415 1067 3480 medium
1083 3437 1202 3500 propo·

85 3511 1204 3601 nuda,quaerietcouferui(u’vsullpdipuat)atflusmimpouiquaestioui

84 3613 151 3676 Deo
161 3611 329 3698 placitum,
340 3620 370 3673 et
383 3614 613 3676 conuenientem
623 3613 672 3676 bis
684 3634 763 3697 quae
781 3634 802 3674 a
815 3611 934 3674 saluus
947 3619 1081 3694 quatuor
1096 3607 1202 3672 Coues‘-

85 3711 138 3775 liis
170 3709 302 3786 depluita
330 3718 412 3788 suast,
441 3712 589 3794 quoniam
622 3710 666 3774 ad
689 3719 885 3794 auprueutuu
904 3708 997 3794 pacis
1029 3715 1058 3768 et
1081 3727 1204 3769 eoncor-

86 3810 173 3874 diam
196 3804 396 3870 ecelssiarum
414 3810 563 3893 pertinet,
583 3818 618 3871 ut
632 3808 717 3870 omui
730 3807 769 3869 de
792 3805 894 3870 medio
919 3805 1111 3868 dissensione
1134 3802 1205 3866 sub·

87 3907 163 3984 lata,
188 3927 268 3989 quas
291 3925 312 3964 a
336 3901 430 3968 dictis
453 3916 588 3990 quatuor
607 3904 757 3970 Consiliis
771 3903 902 3987 defluita
925 3911 997 3968 suut
1019 3902 1206 3964 istcoucuesa

87 4013 256 4080 seroeutrsr,
280 4011 462 4066 sanctarum
476 4003 674 4089 Synodorum
690 4002 865 4065 reuerentia
883 4001 918 4065 iu
941 3997 1082 4062 omnibus
1105 4007 1203 4060 custo·

88 4105 165 4170 dita.
193 4141 231 4151 -
257 4103 296 4167 In
320 4102 531 4184 responsione
556 4099 599 4164 ad
623 4099 710 4164 haue
734 4097 905 4184 epistolam
929 4096 982 4160 die
1006 4095 1026 4159 8
1050 4095 1202 4159 Januerii

87 4203 149 4268 553
174 4200 252 4266 data
275 4199 418 4287 Vigilius
441 4200 504 4264 ait:
529 4197 650 4272 Quibus
669 4199 717 4261 ita
733 4197 912 4283 praedietis
930 4191 1202 4280 postulationibus
