2876 4814
397 553 400 560 Δ
482 487 526 546 An
544 487 626 546 Gaius
643 495 745 550 notor.
1116 488 1169 546 aet

147 633 197 698 71.
221 633 380 698 Attamen
411 645 605 720 argumenta
637 635 721 700 haec
752 657 795 700 ex
825 634 942 702 Photio
976 633 1170 720 deprompta

71 731 147 796 haud
177 733 359 814 sufficiunt,
392 743 429 796 ut
452 731 532 798 Caio
555 731 877 819 Philosophoumena
909 732 1010 798 tribui
1034 734 1169 818 possint,

71 841 154 894 etex
184 829 288 894 altera
319 840 414 915 parte
435 832 554 916 gravia
585 825 706 896 adsunt
729 832 863 913 motiva,
897 851 982 916 quse
1005 829 1040 894 id
1063 829 1171 916 prohi-

71 926 135 992 bere
165 928 332 992 videntur.
379 927 474 1008 Quae
507 928 549 992 de
582 925 662 992 Ceio
694 921 799 1014 apud'
816 929 969 1013 antiquos
996 929 1171 1013 scriptores

71 1027 281 1108 inveniuntur,
296 1048 373 1090 eum
397 1023 558 1090 exhibent
580 1035 616 1088 ut
638 1028 748 1090 vnum
771 1027 954 1110 egregium,
979 1025 1021 1091 ob
1045 1027 1172 1110 impug-

71 1125 223 1188 nationem
255 1123 497 1188 hacreticorum
529 1121 699 1206 illustrem,
732 1142 794 1188 nec
827 1124 983 1188 convenit
1014 1121 1072 1188 tali
1099 1123 1171 1186 viro

71 1221 244 1286 mettere
276 1219 457 1285 violentam
490 1221 729 1306 oppositionem
762 1230 876 1284 contra
898 1219 1085 1302 Pontifices,
1119 1219 1172 1284 de-

71 1319 233 1384 lectionem
256 1319 299 1384 ab
323 1318 475 1384 Ecclesia
498 1327 532 1381 et
558 1317 788 1384 schismaticae
810 1318 964 1382 factionis
986 1317 1172 1404 praesiden-

71 1419 147 1482 tiam.
194 1416 370 1497 Quomodo
403 1416 475 1480 fieri
505 1417 676 1500 potuisset,
712 1425 749 1478 ut
780 1437 876 1480 nemo
909 1424 1059 1480 veterum
1090 1414 1173 1478 haec

71 1514 354 1580 commemoraret?
387 1552 429 1562 -
463 1513 603 1600 Antiqui
636 1534 733 1598 porro
758 1513 798 1577 de
823 1511 903 1578 Caio
935 1512 1115 1599 loquuntur
1137 1521 1174 1576 ut

72 1612 105 1676 de
124 1612 326 1698 presbytero,
349 1633 417 1676 non
449 1631 527 1674 vero
552 1631 628 1674 eum
651 1610 811 1676 exhibent
833 1621 870 1676 ut
896 1612 1097 1696 episcopum.
1130 1647 1174 1656 -

72 1709 186 1776 Indicia
219 1709 299 1774 dein
330 1710 463 1774 interna
494 1729 598 1794 eaque
632 1709 751 1792 gravia
781 1709 991 1772 continentur
1023 1710 1058 1772 in
1089 1706 1173 1772 libro
1242 1773 1245 1780 Α

71 1807 506 1894 Philosophoumenon‚quae
516 1815 631 1868 vetant
640 1827 722 1892 opus
733 1804 813 1872 Caio
824 1803 1022 1870 adscribere.
1046 1803 1175 1869 Eadem

73 1905 149 1970 hisce
157 1903 475 1970 exhibetArmcllini
484 1903 507 1969 l.
518 1923 547 1966 c.
559 1901 640 1989 Cap.
650 1902 717 1968 IX:
731 1901 1174 1988 „AuctorPhilosophoumc-

72 2024 128 2068 nou
148 2013 248 2084 certe,
281 2023 491 2089 quacumque
529 2022 564 2064 se
596 2002 724 2064 occasio
757 2000 858 2082 dedit,
887 2001 1015 2086 jactare
1048 2022 1108 2064 sua
1141 2000 1176 2062 in

73 2099 241 2166 haereficoe
272 2110 366 2184 gesta
388 2101 542 2184 nuspiam
566 2099 696 2162 omittit.
743 2099 840 2164 Atei
863 2097 964 2162 Caius
995 2100 1066 2185 ipse
1089 2097 1176 2162 hanc

75 2195 331 2264 Confutationem
353 2196 545 2278 elaboravit,
569 2197 627 2281 qui
640 2195 767 2260 factum
790 2206 848 2278 est,
873 2205 910 2258 ut
932 2196 1067 2260 minime
1091 2215 1176 2259 com·

76 2307 220 2360 memoret
255 2294 365 2360 Procli
401 2293 623 2358 Montanistae
659 2293 905 2374 refutationem,
942 2315 964 2356 a
998 2315 1064 2379 qua
1100 2313 1177 2356 eum

76 2395 162 2476 prisci
192 2403 365 2478 tantopere
396 2390 599 2456 laudarunt?
622 2390 694 2455 Iuro
726 2411 805 2456 vero
838 2411 939 2478 qnam
967 2389 1008 2454 ob
1032 2412 1176 2472 causam,

77 2490 125 2554 ubi
154 2491 321 2577 duplicem
352 2489 629 2554 Montanistarnm
660 2497 782 2554 sectam
805 2471 963 2568 recenset,
998 2488 1039 2553 de
1061 2487 1177 2554 Proolo

77 2587 195 2654 altcnm
218 2589 374 2674 magistro
397 2585 496 2673 plane
528 2583 658 2672 siletll)
696 2623 740 2634 -
771 2587 914 2650 Rursum
946 2607 989 2650 ex
1012 2584 1179 2649 veteribus

78 2689 271 2772 accepimus,
304 2686 474 2771 scripsisse
499 2681 618 2748 Caium
651 2693 765 2748 contra
799 2682 1008 2764 Corinthum,
1042 2682 1180 2767 ejusque
1287 2759 1289 2762 Ι

79 2786 259 2850 sententium
283 2783 326 2848 de
349 2781 439 2848 mille
460 2802 624 2846 annorum
646 2803 748 2865 regno
771 2779 972 2866 refutasse.¹)
1000 2779 1078 2844 Jam
1101 2799 1180 2842 vero

75 2881 190 2946 Auctor
221 2879 567 2965 Philosophoumenon
599 2901 668 2943 non
700 2879 797 2944 modo
830 2878 1024 2943 brevissime
1057 2876 1098 2940 de
1123 2873 1181 2940 Oc·

80 2977 174 3042 rintho
195 2978 352 3064 loquitur,
376 2979 459 3063 quin
480 2977 627 3062 legentes
655 2986 789 3042 revocet
812 2975 855 3039 ad
879 2999 961 3063 opus
985 2985 1099 3042 contra
1123 2971 1181 3038 Ce-

82 3075 223 3160 rinfflnm,
242 3075 295 3164 (ut
316 3075 401 3140 alias
423 3077 459 3140 in
482 3076 620 3140 caeteris
645 3072 859 3160 consueris),
884 3073 943 3138 sed
966 3095 1008 3138 ne
1032 3071 1183 3136 meminit

82 3174 201 3258 quidem
232 3173 323 3238 illius
355 3173 536 3260 opinionis,
569 3173 640 3236 sive
672 3171 714 3236 de
748 3170 904 3236 Cerintho
936 3173 1013 3256 agit,
1046 3171 1118 3234 sive
1142 3167 1184 3232 de

84 3271 287 3354 llontanistis‚
320 3272 392 3336 sive
424 3269 482 3334 ubi
504 3268 666 3356 prolixius
696 3268 827 3334 disserit
859 3269 900 3334 de
923 3269 1103 3346 Marcione,
1127 3268 1185 3352 qui

84 3383 179 3434 tamen
210 3391 326 3434 onmes
357 3369 393 3432 in
425 3390 465 3431 ea
497 3367 652 3452 opinione
684 3365 827 3430 fuerunt.
887 3366 928 3432 ld
956 3366 1113 3429 nimirum
1136 3386 1185 3428 ar-

83 3477 223 3549 gumento
246 3477 307 3548 est,
331 3466 496 3550 insignem
519 3463 613 3528 illum
637 3462 811 3528 Chiliasmi
838 3473 871 3527 et
894 3464 1107 3528 Montanismi
1131 3483 1185 3524 ex-

85 3575 285 3649 pugnatorem
309 3561 409 3648 hujns
432 3563 540 3648 operis
562 3571 731 3626 auctorem
754 3583 821 3626 non
844 3562 975 3626 fuisse.“

161 3663 210 3727 u.
235 3660 412 3726 Caeterum
445 3681 484 3724 ea
516 3681 601 3746 quac
635 3659 675 3724 dc
707 3658 915 3743 Labyrintho
943 3657 1081 3722 Photius
1106 3657 1188 3721 dicit

85 3759 206 3825 fortasse
229 3759 423 3824 confusione
447 3755 561 3844 aliqua
583 3758 743 3824 nituntur.
787 3755 1013 3821 Theodoretus
1036 3755 1080 3820 H.
1104 3753 1188 3823 Feb.

85 3855 170 3924 LII.
192 3881 221 3925 c.
245 3857 268 3923 5
291 3857 392 3922 etiam
415 3857 496 3920 citat
519 3877 601 3942 opus
626 3857 680 3920 cui
693 3853 809 3920 titulus
828 3855 950 3918 Porcus
968 3853 1189 3940 Labyrinthos,

149 4099 169 4164 ¹)
186 4095 288 4152 Philon.
307 4092 385 4148 vm
405 4093 447 4148 lc.

149 4175 286 4244 &Enseu
305 4171 341 4228 Η.
360 4173 391 4228 Ε,
410 4171 461 4226 HL
480 4175 524 4226 28.
543 4203 578 4213 -
597 4171 755 4227 Theodoret.
775 4172 857 4226 Haer.
876 4171 940 4226 Feb.
959 4171 995 4226 ΙΙ.
1014 4175 1039 4225 3.

149 4255 288 4324 ¹)Philos.
307 4251 371 4308 VIL
390 4253 432 4306 39.
453 4251 508 4306 ocal
527 4251 575 4306 m
596 4255 626 4320 33
644 4251 677 4308 X„
697 4253 739 4318 30,
758 4254 800 4306 32.

804 4457 813 4494 l
