2924 4818
509 487 629 548 Examen
648 487 778 548 uiticum.
1147 493 1196 550 191

100 634 238 700 ecclesias
259 635 443 722 peculiares
473 638 508 702 in
531 639 667 702 civitate
689 635 857 721 regebant,
890 643 925 698 ut
947 635 1101 702 fidelibus
1124 661 1197 702 eam

99 733 327 800 distribuerent.
372 734 530 819 Legimus
553 734 663 800 adbuc
687 736 722 799 in
745 733 913 798 Decretali
937 733 1047 802 Siricii
1070 737 1113 802 ad
1133 736 1197 801 De-

98 833 225 895 centium
249 834 442 918 episcopum
460 832 694 918 Eugubinum:
718 832 895 918 Presbyteri
918 882 925 897 .
952 881 959 896 .
985 883 992 898 .
1018 883 1025 898 .
1050 837 1126 920 quic
1145 836 1197 898 die

98 931 239 996 banaa
257 943 392 1018 propter
417 930 542 1017 plebem
574 931 636 995 sibi
667 931 819 994 creditam
849 931 1009 995 nobiscum
1035 934 1197 996 convenire

98 1051 149 1092 soa
164 1040 311 1115 pamm,
341 1028 458 1092 idcirco
479 1028 671 1115 serenantem
699 1053 720 1091 a
741 1028 833 1092 uobis
856 1029 1027 1114 confectam
1043 1053 1106 1116 per
1129 1052 1197 1094 uco-

97 1126 183 1208 lytdos
208 1129 385 1212 accipiam,
414 1137 450 1189 ut
477 1151 508 1190 se
542 1151 563 1190 a
594 1138 704 1190 nostra
736 1127 946 1190 communione
974 1129 1110 1191 manime
1137 1127 1198 1192 itta

96 1223 138 1286 die
158 1247 217 1287 aon
231 1224 382 1314 judicent
406 1236 579 1310 separatos.
611 1262 654 1270 -
683 1223 759 1288 Huc
782 1225 924 1309 pertinet
947 1226 1046 1289 etiam
1071 1223 1197 1290 Consti-

96 1332 187 1384 tutum
209 1320 405 1407 Zephyrini.
452 1321 574 1388 Statuit
597 1322 764 1404 videlicet,
789 1331 826 1385 ut
848 1320 993 1406 acolythi
1022 1344 1120 1406 super
1143 1344 1197 1407 pa-

96 1430 173 1484 tenas
204 1422 328 1484 vitreae
361 1429 511 1485 tenerent
543 1441 663 1505 panem
695 1443 716 1484 a
737 1419 898 1484 Pontifice
926 1420 1196 1504 consecrandum,

96 1519 141 1600 qui
163 1518 235 1583 dein
268 1541 290 1582 a
322 1518 525 1604 presbyteris
549 1518 797 1582 distribuendus
821 1527 891 1582 erat
923 1519 957 1582 in
982 1519 1083 1582 variis
1106 1519 1197 1584 urbis

97 1614 233 1700 ecclesiis,
259 1615 318 1680 ubi
344 1615 475 1701 plebem
499 1615 563 1681 sibi
596 1616 756 1681 creditam
780 1615 988 1700 colligebant.
1036 1616 1068 1682 S.
1093 1617 1197 1682 Urba-

97 1734 147 1776 nus
166 1723 275 1800 postea
299 1714 426 1796 statuit,
459 1715 623 1798 argenteis
647 1716 681 1778 in
704 1715 834 1799 patenis
861 1715 960 1777 istum
984 1735 1104 1799 panem
1127 1737 1196 1780 esse

97 1813 265 1896 ponendum
290 1823 324 1877 et
348 1813 588 1894 sustinendum,
603 1821 702 1898 atque
726 1813 894 1898 exipsius
918 1813 988 1876 vita
1011 1815 1109 1876 etiam
1134 1814 1196 1878 dis·

98 1913 193 1992 cimus,
217 1913 490 1998 vigintiquinque
513 1933 551 1975 eo
575 1911 856 1997 temporeRomae
880 1912 1073 1976 constitutos
1096 1911 1196 1976 fuisse

97 2007 210 2074 stabiles
233 2009 399 2096 ejusmodi
423 2009 640 2095 presbyteros.
688 2008 788 2073 Haud
812 2019 965 2074 accurate
984 2009 1119 2094 quidem
1143 2010 1196 2075 de·

98 2109 254 2172 terminare
287 2130 464 2196 possumus
497 2107 626 2191 singula
658 2129 743 2192 quae
766 2107 975 2193 Zephyrinus
1007 2106 1071 2172 hac
1103 2111 1138 2174 in
1161 2131 1196 2172 re

98 2207 254 2287 consumit
288 2207 351 2271 sed
383 2228 426 2269 ex
458 2227 495 2270 eo
519 2205 609 2291 quod
641 2207 745 2292 ipsius
771 2202 979 2269 Coastitatam
1003 2228 1196 2271 commemo-

99 2313 179 2384 ratur,
202 2313 344 2391 apparet
367 2305 480 2388 magni
513 2304 670 2367 momenti
695 2303 805 2384 fluisse,
839 2325 924 2389 quae
948 2303 1107 2390 disposita
1129 2307 1195 2370 fuo-

99 2411 167 2466 runt.
198 2441 239 2450 -
271 2403 465 2467 Persecutio
499 2401 613 2468 Severi
647 2402 769 2464 exarsit
801 2401 895 2465 initio
923 2403 1139 2468 Pontificatus
1162 2405 1195 2470 S.

98 2495 255 2583 Zephyrini
289 2511 325 2566 et
357 2501 492 2565 duravit
524 2521 626 2586 usque
658 2499 701 2563 ad
724 2521 754 2563 a.
779 2499 860 2580 2113
895 2501 995 2566 etiam
1024 2511 1196 2587 propterea

98 2600 261 2664 mcuratins
297 2598 586 2664 determinandum
620 2607 699 2678 erat,
733 2618 798 2681 quo
823 2597 919 2662 modo
943 2620 1083 2684 magnae
1115 2601 1196 2664 mul·

97 2695 209 2761 titudini
237 2695 390 2762 fidebam
422 2695 662 2782 provideretur.
715 2694 756 2758 In
788 2693 1052 2761 ordinationibus
1084 2709 1194 2762 autem

98 2791 184 2857 voluit
216 2795 446 2882 Zephyrium,
485 2803 522 2858 ut
558 2816 600 2857 ex
636 2791 790 2857 omnibus
826 2791 890 2858 illis
927 2794 1194 2881 vigintiquinque

97 2894 235 2972 paroeciis
257 2892 376 2958 fideles
399 2894 634 2973 convenirent3
658 2889 749 2954 haud
772 2913 852 2955 sane
875 2893 1031 2972 universi,
1056 2891 1114 2956 sed
1137 2915 1195 2957 nu·

97 3005 187 3053 neruo
216 2993 388 3056 sufficiens
420 2992 479 3077 qui
510 2999 769 3076 repraesentaret
801 3011 915 3054 omnes
947 2989 1069 3056 fideles.
1123 2993 1194 3056 Mos

97 3087 271 3172 animarat,
299 3099 336 3153 ut
358 3111 433 3154 oum
467 3089 623 3173 suffragio
647 3087 796 3151 fidelium
820 3087 1044 3152 ordinationes
1068 3089 1193 3155 fierent.

97 3217 130 3228 -
146 3184 195 3249 Ad
212 3185 297 3252 haec
313 3187 519 3274 disponenda
535 3187 677 3272 pertinet
691 3184 747 3249 illa
770 3183 966 3262 κατάστασις
997 3190 1054 3250 τοῦ
1069 3185 1193 3275 κλῆροι,

96 3279 123 3342 in
142 3304 200 3367 qua
221 3285 377 3350 facienda
399 3285 609 3371 Zephyrinus
632 3284 695 3348 sibi
719 3285 858 3347 sociavit
882 3281 1064 3350 Callistum.

170 3382 218 3448 24.
242 3383 346 3448 Haud
370 3383 519 3447 obstante
534 3381 590 3446 illa
604 3381 790 3468 prudentia,
812 3403 878 3468 qua
902 3381 1014 3446 fideles
1038 3406 1104 3448 non
1128 3407 1193 3448 om·
1210 3387 1349 3491 fflm·

97 3495 143 3538 nes
163 3480 263 3564 simul,
300 3480 358 3545 sed
391 3482 425 3546 in
449 3481 717 3566 vigintiquinque
751 3478 896 3544 collectis
929 3479 982 3544 die
1014 3481 1193 3548 Dominica
1342 3481 1347 3491 ’

98 3579 375 3664 ooogregabantur,
390 3589 501 3642 tamen
517 3589 664 3664 tempore
680 3576 768 3640 illius
782 3579 1019 3662 persecutionis
1043 3580 1192 3666 frequen-

96 3679 137 3734 ter
155 3687 259 3742 coetus
293 3676 441 3741 fidelium
472 3699 494 3740 a
524 3675 720 3740 satellitibus
751 3675 997 3740 invadebantur
1029 3687 1061 3740 et
1084 3677 1192 3742 turba-

96 3765 206 3839 bantur.
259 3776 402 3862 Scripsit
438 3796 476 3838 eo
509 3784 655 3861 tempore
692 3773 931 3838 Tertullianus:
991 3771 1193 3840 Converaatio

97 3881 186 3934 nomo
207 3876 312 3938 notior
326 3875 423 3960 facta
447 3885 510 3952 eet;
534 3875 621 3937 scitis
641 3884 671 3937 et
686 3872 755 3935 dies
777 3884 979 3937 conventuum
1002 3885 1194 3956 noseorum

98 3963 183 4050 itaque
210 3982 239 4034 et
268 3971 446 4034 obmdemur
478 3982 508 4034 et
531 3973 737 4057 opprimimur
759 3980 790 4032 et
813 3972 847 4033 ia
870 3972 949 4057 ipsis
973 3973 1101 4035 arcanis
1123 3995 1192 4037 coa·

97 4069 306 4147 reputatum
329 4069 547 4154 dedaemw).
587 4069 630 4132 Et
652 4068 733 4133 alibi
757 4069 800 4133 ad
825 4068 983 4134 Senatum
1007 4070 1192 4136 Romanum

193 4213 285 4222 —.—.

160 4269 177 4336 ¹)
193 4271 231 4326 lt
248 4275 351 4329 natica.
369 4273 393 4327 l.
414 4275 438 4327 7.
