2810 4846
241 455 296 506 262
630 454 671 509 De
688 453 806 508 Concilio
825 453 966 522 Ephesino.

78 609 223 662 &unditu-
331 597 383 662 83.
409 597 501 661 Haec
524 606 717 681 argumenta
740 596 869 682 aliaque
893 595 1012 660 similia
1036 617 1119 681 quae
1143 595 1186 660 ab
1211 595 1349 662 Auctore

240 693 458 778 proferuntur,
469 694 565 758 facile
575 694 758 776 diluuntur,
768 693 946 758 dummodo
956 693 1119 779 principia
1129 692 1292 778 quaedam
1300 715 1347 776 gc·

239 789 363 855 neralia
376 813 454 876 prae
468 790 570 856 oculis
585 791 758 856 habentur.
773 829 815 838 -
832 792 976 854 &accon
992 790 1208 874 distinguitur
1221 789 1349 876 duplex.

238 887 328 952 aliud
353 913 420 951 cam
435 893 509 978 jura
533 889 701 971 dissensero,
725 887 816 953 aliud
840 888 1040 954 uddmcimas
1063 899 1092 952 ct
1114 887 1348 976 intelligentiae.

238 984 326 1050 Illud
350 995 477 1048 tantum
501 985 610 1050 locum
633 986 755 1050 habere
769 995 876 1072 potest
890 984 1021 1072 quando
1045 1007 1107 1066 res,
1131 985 1173 1050 de
1199 1007 1265 1072 qua
1288 986 1348 1070 agi-

238 1093 301 1165 tur,
326 1092 375 1146 cst
397 1080 505 1146 adhuc
529 1085 564 1148 in
598 1084 706 1149 medio
730 1085 853 1168 posita3
889 1082 978 1148 istud
1001 1103 1079 1147 vero
1103 1086 1206 1148 etiam
1231 1083 1348 1168 rojam

239 1181 351 1245 decisa
373 1179 566 1246 admittitur.
612 1181 668 1247 Sic
700 1183 928 1245 examinamus
960 1180 1147 1266 Scripturas
1177 1183 1252 1246 sine
1279 1181 1347 1266 jure

238 1377 324 1461 copi,
349 1395 450 1460 quum
474 1378 539 1440 siut
562 1387 707 1462 pastores
731 1386 763 1440 et
785 1377 932 1440 officium
956 1375 1100 1440 habeant
1122 1377 1226 1441 fidem
1250 1374 1343 1460 expli·

238 1473 337 1538 candi
362 1483 394 1536 et
417 1473 626 1554 defendendi,
646 1474 701 1560 jus
725 1476 824 1538 ctiam
847 1473 971 1538 habent
994 1475 1029 1536 in
1053 1473 1215 1538 doctrinis
1241 1472 1345 1536 delini·

238 1571 280 1634 tis
308 1569 350 1633 ad
374 1589 513 1634 examen
543 1570 788 1655 intelligentiae,
822 1573 887 1636 imo
920 1571 1077 1636 officium.
1130 1569 1220 1635 Illud
1245 1579 1348 1635 autem

233 1667 291 1752 jus
323 1676 355 1729 st
386 1667 532 1732 officium
560 1670 703 1732 maxime
736 1667 799 1732 illis
834 1669 999 1748 convenit,
1035 1667 1114 1732 dnm
1147 1669 1181 1730 in
1219 1665 1347 1751 Synodo

238 1766 428 1848 congregati
445 1774 530 1846 sunt,
547 1775 582 1828 ut
600 1786 696 1828 suum
712 1786 906 1830 concursum
922 1764 1102 1852 praebeant
1125 1785 1257 1828 summo
1272 1764 1348 1828 Pon-

238 1863 320 1926 tifici
343 1861 566 1926 adtuendam
589 1863 690 1927 fidem
713 1873 745 1927 et
767 1863 949 1928 haereticos
971 1861 1176 1927 refellendos.

79 1963 178 2014 unos-ep
196 1963 229 2015 5¹¹·
329 1961 381 2024 84.
405 1959 459 2024 Ad
485 1960 642 2073 judiciam
673 1961 762 2046 quod
794 1970 928 2046 spectat,
953 1969 1029 2024 sunt
1046 1959 1217 2045 judices'
1203 1981 1348 2022 immunes

113 2024 179 2067 Μ
238 2063 271 2120 ct
289 2055 454 2142 judicia
440 2059 601 2136 ommacio,
626 2066 659 2121 et
690 2067 766 2122 sunt
783 2058 915 2144 judices
942 2057 1073 2120 ohaoaeii
1096 2066 1130 2121 et
1148 2054 1346 2142 judicisod·

237 2155 345 2218 aonia.
393 2153 541 2219 Ecclesia
564 2165 673 2218 autern
697 2158 834 2220 societas
863 2166 911 2220 est
933 2157 1077 2220 maxime
1101 2153 1296 2240 inaequalis,
1318 2168 1343 2214 ot

237 2253 332 2336 cujus
347 2273 499 2336 suprema
522 2255 698 2318 auctoritas
721 2254 856 2319 tandem
879 2265 1053 2318 revocatur
1076 2253 1119 2318 ad
1142 2275 1249 2317 unum
1264 2250 1343 2315 Petri

236 2369 467 2414 successorem.
515 2349 642 2415 Castori
666 2373 779 2416 omnes
802 2361 878 2416 sunt
893 2351 1025 2437 judices
1048 2350 1194 2430 obnoxii,
1220 2346 1344 2435 qnando

235 2448 348 2530 agitur
379 2447 419 2512 de
452 2470 552 2512 causa
583 2471 603 2512 a
635 2471 786 2534 supremo
813 2449 927 2535 judice
957 2449 1096 2512 immuni
1124 2449 1196 2533 jam
1231 2446 1342 2511 decisa.

238 2543 348 2629 Atque
372 2547 493 2630 optime
517 2546 579 2610 sibi
605 2557 752 2610 constare
785 2557 921 2632 possunt
938 2546 1068 2632 judicia
1092 2546 1240 2610 obnoxia
1262 2565 1343 2630 prac-

237 2639 367 2706 lueente
385 2643 499 2728 judice
524 2645 673 2710 immuni.
719 2644 881 2709 Immunis
905 2654 954 2708 est
972 2644 1088 2730 judex,
1113 2644 1170 2728 qui
1194 2664 1254 2727 pro
1277 2663 1342 2706 auc-

237 2741 368 2804 toritate
391 2740 577 2822 arbitratur,
603 2753 635 2806 et
658 2744 712 2806 cui
735 2742 907 2806 arbitranti
932 2740 1156 2807 obediendum
1179 2751 1239 2805 est.
1285 2737 1342 2804 Ob-

239 2840 358 2902 noxius
391 2837 511 2902 dicitur
538 2840 654 2924 judex,
689 2841 783 2925 cujus
815 2842 992 2904 auctoritas
1024 2861 1088 2904 non
1114 2849 1161 2902 est
1186 2840 1340 2923 princeps.

237 2935 295 2999 sed
320 2947 368 3000 est
391 2940 567 3001 auctoritas
591 2938 753 3023 quaedam
787 2937 935 3002 derivata
965 2947 997 3000 ct
1019 2935 1093 3022 plus
1117 2938 1268 3000 minusve
1291 2935 1342 2996 cir-

237 3037 456 3119 cumscriptsJ
495 3037 655 3100 intentam
679 3034 778 3100 debet
810 3035 932 3100 habere
955 3045 1098 3098 mentem
1122 3033 1164 3098 ad
1188 3031 1292 3116 legem
1314 3040 1341 3088 ct

237 3133 465 3196 auctoritatem
489 3135 700 3219 superiorem,
714 3133 895 3198 secundum
920 3153 1019 3218 quam
1044 3131 1239 3196 sententiam
1262 3129 1337 3191 ferre

238 3228 346 3294 debet.
371 3229 469 3294 Nulla
502 3231 640 3316 proinde
656 3240 705 3294 est
727 3251 849 3316 pugna.
874 3269 916 3278 -
941 3229 1103 3310 Quamvis
1135 3237 1246 3292 autem
1267 3227 1338 3309 epis·

237 3329 312 3410 copi
338 3329 403 3391 sint
421 3329 552 3412 judices
576 3328 723 3410 obnoxii,
748 3329 833 3392 inter
863 3349 974 3392 eornm
998 3338 1110 3391 tamen
1129 3326 1290 3411 judicium
1313 3335 1339 3382 et

232 3424 399 3507 judicium
423 3425 563 3512 alicujus
587 3426 696 3491 clerici
721 3449 760 3490 ea
788 3437 836 3490 est
869 3425 1063 3505 differentia,
1088 3445 1173 3510 quac
1197 3432 1244 3486 est
1264 3423 1340 3484 inter

233 3521 400 3606 judicium
425 3525 589 3608 praefiniti
609 3526 713 3607 magis
714 3533 827 3606 tr,atus
853 3525 905 3588 cui
920 3532 1074 3588 tenentur
1097 3521 1221 3590 subditi
1242 3515 1339 3601 acqui·

240 3642 361 3702 escere,
387 3631 419 3684 et
436 3622 601 3706 judicium
629 3620 766 3685 aliorum
792 3621 938 3686 virorum
958 3620 1193 3686 eruditorum
1186 3641 1219 3682 in
1240 3615 1338 3698 aliqua

243 3741 287 3800 re,
313 3721 366 3782 cui
385 3719 513 3804 judicio
537 3729 646 3783 tamen
671 3741 737 3783 non
760 3729 914 3782 tenentur
931 3741 973 3782 ex
996 3739 1030 3782 se
1053 3717 1110 3782 alii
1134 3716 1338 3802 acquiescere.

70 3843 219 3884 censemus·-
332 3817 385 3882 85.
409 3818 461 3880 De
493 3817 724 3900 confirmatione
758 3817 926 3881 doctrinae
962 3814 1015 3879 vel
1043 3815 1245 3880 decretorum
1265 3809 1338 3873 haer

79 3905 113 3944 ¹¹¹³
134 3905 223 3945 ¹³⁶⁰¹⁰⁸·
242 3915 387 3978 notanda
411 3925 495 3980 sunt.
542 3914 768 3999 Etymologicc
796 3914 859 3978 hoc
882 3913 1020 3978 verbum
1044 3912 1207 3998 significat
1220 3909 1340 3994 ,Ιίπιισιι

241 4013 342 4092 simul,
367 4024 399 4076 et
423 4035 463 4074 cx
488 4035 557 4076 sese
582 4013 802 4077 confirmatori
835 4035 901 4076 non
934 4013 1049 4076 asserit
1078 4009 1338 4096 praerogativum,

240 4111 298 4174 sed
323 4109 465 4174 ostendit
493 4120 633 4189 tantum,
666 4133 741 4174 eum
772 4111 815 4174 ud
845 4109 971 4196 aliquid
994 4107 1202 4174 statuendum
1226 4100 1340 4184 conspi-

240 4231 339 4273 rasse.
392 4209 464 4271 Hcc
497 4211 603 4294 potuit
636 4219 672 4272 ut
705 4211 874 4293 superior,
907 4230 976 4293 par,
1014 4207 1158 4272 inferior.
1203 4203 1251 4267 Ex
1279 4197 1336 4260 hut
