2924 4818
454 500 645 556 acmationas
663 499 691 554 in
710 497 860 553 Oafliatnm
1164 507 1215 558 lau

104 649 143 714 la
166 648 247 713 Pilio
271 649 362 712 enim
385 655 530 710 moratus
559 644 666 724 Pater,
698 651 885 728 susceptam
908 667 928 707 a
951 667 985 708 se
1010 669 1143 712 carnem
1167 647 1214 712 di·

103 749 212 812 vinam
235 745 356 826 effecit,
380 753 413 806 et
435 763 540 806 unum
563 741 651 822 fecit,
676 749 712 804 ut
735 741 963 806 nominaretur
984 745 1083 808 Pater
1106 754 1138 808 ct
1161 745 1213 810 Fi·

100 845 172 926 lius,
188 867 273 908 nnus
288 843 392 924 Deus,
409 853 443 906 et
455 840 518 904 hoe
534 841 680 904 existens
696 859 797 902 unam
813 861 986 924 personam
1008 840 1213 930 (episcenos)

67 965 167 1008 .non
188 963 282 1030 posse
306 962 375 1005 esse
400 939 475 1018 duo,
500 948 532 1002 et
555 939 601 1001 ita
624 937 756 1000 Patrem
788 957 921 1022 passum
954 961 1024 1004 esse
1048 961 1213 1005 unacum

101 1039 184 1104 Filio
220 1033 503 1127 (συμπεπονθέναι
541 1040 587 1119 τῷ
632 1029 721 1121 qui).
766 1034 841 1099 Non
866 1036 954 1100 enim
988 1037 1060 1102 vult
1092 1038 1213 1120 dicere,

100 1137 228 1203 Patrem
246 1159 380 1224 passum
395 1158 465 1200 esse
488 1145 521 1199 et
544 1155 646 1198 unam
662 1155 731 1197 esse
747 1154 932 1219 personam,
958 1156 995 1198 ec
1021 1136 1118 1201 modo
1144 1159 1213 1224 spe·

99 1259 174 1300 rans
197 1235 421 1322 blasphemias
443 1235 478 1297 in
492 1233 625 1298 Patrem
639 1233 799 1316 effugere3
824 1231 960 1297 demens
983 1232 1038 1298 ille
1062 1245 1094 1298 et
1117 1235 1213 1300 scele-

98 1337 141 1398 ris
172 1335 304 1414 artilex,
337 1330 560 1419 blasphemias
593 1352 692 1415 supra
724 1337 757 1394 et
779 1329 866 1394 infra
895 1331 1096 1418 dispergens,
1122 1332 1212 1398 dum·

98 1431 193 1497 modo
218 1454 286 1496 non
319 1430 473 1495 videatur
505 1438 618 1494 contra
646 1429 820 1493 vamtatem
851 1428 952 1515 loqui,
977 1432 1114 1496 minime
1137 1454 1212 1497 eum

98 1529 198 1614 pudet
225 1531 261 1594 in
285 1549 410 1594 errores
433 1526 568 1593 Sabellii
593 1525 700 1607 modo,
726 1524 823 1590 modo
846 1526 1008 1592 Theodoti
1032 1529 1210 1596 incidere.“
1329 1583 1335 1590 .

186 1629 238 1694 12.
265 1627 400 1714 „Quum
432 1625 511 1692 talia
547 1623 703 1709 deceptor
734 1624 795 1687 iste
818 1647 917 1690 ausus
949 1635 1042 1708 esset,
1067 1627 1211 1693 scholam

97 1727 238 1790 instituit
273 1725 436 1790 adversus
472 1721 675 1804 Ecclesiam,
715 1723 762 1786 ita
799 1722 935 1807 docens3
975 1723 1212 1813 hominumque

96 1827 208 1908 pravis
230 1821 472 1909 cupiditatibus
495 1819 666 1905 indulgere
698 1821 825 1906 primus
857 1822 989 1888 molitus
1016 1831 1074 1905 est,
1099 1823 1213 1888 dicens

95 1945 114 1984 a
135 1945 169 1987 se
194 1932 334 2009 peccata
356 1920 512 1985 omnibus
543 1919 677 1983 remitti.
725 1917 935 2005 Quicumque
968 1922 1056 1984 enim
1081 1921 1123 1985 ab
1148 1921 1211 1984 alic

95 2020 201 2086 fuerat
213 2019 372 2086 seductus
385 2027 419 2082 ct
434 2015 642 2082 Christianus
661 2015 767 2080 factus
785 2016 1017 2103 quodcumque
1039 2027 1212 2104 peccatum

96 2120 306 2200 commiserit,
327 2117 453 2198 dicunt,
470 2116 532 2201 ipsi
555 2135 622 2179 non
640 2123 688 2186 est
701 2116 784 2178 ratio
807 2115 978 2182 reddenda
1001 2114 1042 2181 de
1066 2127 1211 2202 peccato,

96 2219 119 2279 si
141 2217 185 2282 ad
203 2215 332 2282 Callisti
357 2213 502 2279 scholam
525 2213 677 2278 accurrit.
701 2208 748 2299 (Ὁ
762 2211 820 2298 γὰρ
842 2216 909 2298 παῤ
932 2208 1028 2299 ἑτέρῳ
1051 2212 1114 2278 τινὶ
1138 2234 1211 2280 συν-

96 2313 247 2395 αγόμενος
269 2311 324 2377 καὶ
347 2309 513 2396 λιγόμενος
535 2305 749 2396 χριστιανὸςὸ
767 2332 799 2372 τι
823 2307 862 2374 to
885 2308 1016 2399 ἁμάρτῃ,
1041 2309 1150 2399 φασίν,
1175 2314 1212 2380 οὔ

94 2409 251 2493 λογίζεται
276 2408 363 2494 αὐτῷ
385 2407 404 2498 ἡ
427 2405 576 2495 ἁμαρτία,
600 2402 628 2472 si
652 2405 853 2493 προσόράμοι
887 2413 926 2496 τῇ
946 2414 1004 2474 τοῦ
1027 2407 1212 2478 Καλλίστου

95 2510 213 2598 σχολῇ).
238 2508 345 2596 Cujus
369 2508 560 2573 definitione
582 2505 764 2592 gaudentes
788 2507 893 2590 multi,
918 2511 1119 2576 conscientia
1142 2535 1211 2577 cru·

94 2610 177 2688 cisti,
204 2607 375 2693 iidemque
406 2629 427 2670 a
458 2605 570 2672 multis
592 2605 784 2670 haeresibus
816 2605 939 2691 rejecti,
971 2607 1036 2672 imo
1061 2610 1210 2676 nonnulli

95 2705 244 2772 Ecclesia
268 2727 288 2770 a
312 2703 409 2768 uobis
430 2704 517 2768 facto
537 2703 666 2790 judicio
691 2703 796 2788 ejecti,
821 2703 1017 2770 accedentes
1041 2705 1211 2792 discipulis

94 2805 159 2889 ejus
183 2803 335 2870 scholam
358 2802 446 2866 illius
474 2800 732 2888 compleverunt.
778 2800 1028 2887 Dogmatizavit
1050 2804 1120 2886 iste,
1144 2826 1211 2869 non

95 2901 329 2988 deponendum
357 2923 427 2965 ease
459 2901 650 2986 episcopum
674 2921 777 2985 quum
800 2900 998 2986 peccaverit,
1023 2900 1076 2965 vel
1100 2904 1126 2967 si
1160 2925 1210 2968 ca·

96 3000 190 3086 pitale
215 2999 380 3085 flagitium
404 2998 584 3064 admiserit.
631 2997 701 3064 Sub
734 2999 804 3083 ipso
828 2999 989 3084 episcopi,
1014 3000 1210 3066 sacerdotes·

95 3120 154 3185 que
175 3108 212 3163 et
235 3097 369 3162 diaconi
401 3104 475 3183 post
507 3096 589 3161 duas
612 3104 721 3160 tresve
744 3098 877 3182 nuptias
900 3098 987 3162 inter
1009 3099 1144 3164 clericos
1166 3100 1209 3165 lo·

95 3217 164 3260 eum
199 3196 351 3260 obtinere
383 3203 572 3280 coeperunt.
619 3193 710 3274 Quin
750 3195 850 3258 etiam
882 3196 910 3258 si
943 3199 1017 3282 quis
1048 3219 1091 3261 ex
1123 3197 1209 3265 clero

96 3315 228 3360 uxorem
254 3293 399 3376 duceret,
422 3293 457 3356 in
481 3291 596 3356 ordine
613 3313 746 3356 manere
767 3312 842 3356 eum
861 3292 1011 3378 jubebat,
1036 3297 1129 3382 quasi
1154 3295 1209 3362 fla-

93 3393 161 3476 gitii
195 3390 283 3456 nihil
315 3390 511 3456 admisisset.
568 3389 642 3470 Quo
674 3390 884 3456 referendum
917 3392 1028 3456 aiebat
1059 3393 1208 3480 Apostoli

95 3489 250 3556 verbum:
274 3489 327 3554 Tu
350 3490 424 3574 quis
447 3511 482 3552 es
505 3489 562 3573 qui
580 3487 713 3573 judices
741 3509 873 3554 servum
897 3488 1052 3555 alienum.
1098 3490 1208 3580 Atque

94 3589 188 3653 etiam
213 3586 286 3652 lolii
309 3585 517 3672 parabolam:
542 3585 648 3653 Sinite
663 3588 794 3652 zizania
815 3609 962 3652 crescere
985 3609 1061 3654 cum
1086 3590 1208 3675 triticc3

97 3685 198 3768 idest,
214 3686 315 3751 sinite
328 3693 517 3772 peccatores
540 3685 575 3748 in
585 3683 736 3750 Ecclesia
759 3706 903 3750 manere.
932 3685 1077 3752 Dicebat
1099 3689 1208 3772 eham,

97 3781 278 3849 Ecclesiam
294 3783 400 3847 instar
414 3804 526 3848 arcam
539 3782 611 3847 Nos
625 3805 705 3865 csse,
727 3784 763 3847 in
780 3805 846 3870 qua
869 3805 977 3866 canes,
1001 3785 1082 3872 lupi,
1107 3789 1208 3869 corvi,

97 3879 221 3969 aliaque
256 3881 368 3945 omnia
399 3902 484 3968 pura
511 3888 544 3944 et
576 3881 707 3966 impura
739 3883 923 3948 animantia
956 3883 1208 3969 comprehende-

98 3975 227 4061 bantur3
253 3987 404 4065 oportere
427 3987 538 4044 autem
562 3977 641 4043 item
658 3999 728 4042 csse
752 3978 794 4043 de
816 3979 976 4047 Ecclesia.
1025 3981 1209 4063 Quaecum-

98 4095 155 4160 que
178 4077 315 4143 demum
338 4075 471 4141 valebat
493 4075 537 4142 ad
558 4073 621 4140 hoc
638 4075 824 4142 docendum
839 4099 1025 4163 congerere,
1050 4101 1087 4144 eo
1111 4082 1208 4147 modo

99 4173 387 4260 interpretabatur3
431 4173 664 4260 auditoresque
696 4173 826 4262 placitis
859 4174 947 4240 illius
970 4175 1078 4242 allecti
1108 4181 1208 4246 etiam

100 4291 181 4335 nuuc
212 4270 270 4336 illa
293 4281 425 4356 tenent,
459 4273 650 4359 semetipsos
672 4271 857 4358 illudentes,
881 4272 1027 4362 aliosque
1050 4274 1209 4362 plurimos
