2900 4800
246 438 299 492 392
620 439 660 494 De
678 454 759 492 causa
777 437 891 492 Honorii
907 437 941 494 a
962 438 991 492 P.

247 591 307 664 tas,
332 605 397 668 qua
421 605 456 646 se
479 583 639 668 imparem
662 591 739 646 aute
762 581 870 646 fuerat
901 582 980 666 fuga
1003 583 1183 666 professus,
1210 585 1356 670 quamob-

247 701 318 744 rem
340 679 466 764 grande
498 680 563 745 sibi
594 701 789 766 comparans
822 701 953 762 nomeu,
986 701 1052 744 non
1084 683 1274 748 Praeerat
1293 693 1356 747 tsn-

247 787 318 870 tum
333 777 409 860 dici,
434 778 492 843 sed
516 789 548 844 ct
576 780 794 844 Oecruneaicas
807 779 987 843 affectavit.
1011 779 1096 844 Sunt
1120 778 1161 844 de
1184 780 1238 845 his
1255 782 1357 867 justae
1427 795 1428 804 ’

246 876 399 962 querelae
422 874 573 961 Gregorii
596 885 676 941 tunc
699 876 847 956 diaconi,
879 885 994 962 postea
1015 877 1156 941 Romani
1179 878 1355 952 Pontificis,

248 975 306 1039 ubi
329 974 372 1040 ad
397 976 506 1060 ipsum
538 983 652 1060 postea
674 976 805 1060 scripsit
827 974 879 1039 his
902 974 1033 1040 verbis:
1070 977 1120 1040 Eo
1145 987 1283 1064 tempore
1305 1000 1355 1062 pra

238 1075 437 1160 frater-uitus
471 1085 576 1137 vestm
610 1075 645 1137 ia
679 1073 910 1136 'sacerdotalem
949 1073 1095 1138 Ιιοοονοοο
1122 1085 1277 1160 provecta
1309 1085 1356 1154 cst,

247 1181 398 1258 quautam
430 1171 629 1236 occleuarum
655 1195 769 1257 pacem
798 1181 890 1257 atque
918 1171 1117 1236 concordiam
1140 1175 1297 1236 invenerit
1317 1195 1356 1234 rr·

247 1270 330 1335 colit.
378 1268 442 1334 Sed
472 1291 530 1356 quo
563 1291 662 1350 ausu,
694 1293 789 1355 quove
820 1280 947 1348 amaa,
970 1271 1074 1334 ποοοίο
1097 1293 1212 1335 norum
1235 1269 1298 1334 siti
1317 1292 1357 1333 co·

245 1380 326 1434 uara
349 1379 395 1432 ert
416 1390 528 1432 aomos
542 1369 695 1454 arripere,
714 1368 797 1432 uude
812 1369 949 1431 omnium
958 1367 1106 1452 fratrrun
1127 1368 1227 1432 corda
1245 1371 1359 1455 potuis·

246 1475 315 1530 aaut
338 1466 382 1528 ad
405 1464 590 1530 scandalum
607 1467 786 1550 provenire.
837 1463 909 1538 Qua
937 1466 973 1530 ἑο
995 1489 1030 1530 re
1053 1467 1246 1532 commeator
1268 1465 1358 1530 aduri

246 1587 309 1642 ror,
333 1564 409 1649 qaia
431 1587 470 1627 ue
502 1564 547 1628 ud
578 1565 791 1649 episcopatum
822 1564 928 1628 occire
945 1567 1121 1650 patrasset,
1137 1564 1266 1652 fisgirm
1288 1563 1358 1627 celle

247 1661 442 1726 timemini:
471 1684 560 1746 qaam
583 1671 687 1724 aaran
711 1661 858 1746 adoptarat
891 1662 940 1724 ita
964 1683 1105 1726 οτοονοοοο
1128 1661 1359 1738 desideratam

247 1761 276 1822 si
308 1759 351 1822 ad
383 1783 451 1822 aum
480 1758 644 1822 ambitioso
678 1759 837 1822 desiderio
870 1761 1067 1823 commisces.
1118 1756 1182 1831 Qui
1216 1761 1297 1824 caim
1317 1759 1358 1820 ia·
1427 1753 1428 1788 l

246 1855 376 1943 Quam
399 1867 427 1920 to
452 1879 516 1920 csse
531 1857 705 1942 fatebaris,
729 1867 764 1920 ut
783 1858 947 1941 episcopas
962 1857 1028 1920 dici
1050 1856 1222 1934 debuisses,
1247 1857 1291 1920 ad
1310 1857 1359 1919 lor

247 1955 431 2040 quaudoque
459 1953 634 2040 perductas
663 1977 711 2033 aa,
745 1965 781 2018 ut
815 1953 969 2039 despectis
994 1955 1175 2040 fiubt'btts,
1201 1957 1358 2041 episcopus

248 2063 383 2140 appetas
405 2051 491 2116 solus
513 2051 687 2138 oocari“¹).

339 2153 389 2216 12.
414 2151 468 2214 Ex
490 2150 542 2214 his
567 2149 669 2232 vides,
694 2149 790 2235 quale
817 2158 888 2213 tum
912 2149 945 2216 S.
969 2148 1121 2234 Gregorii
1143 2159 1217 2214 tum
1242 2149 1281 2214 cl.
1303 2149 1358 2212 ua·

246 2249 332 2314 ronii
351 2249 518 2334 judicium
551 2248 592 2312 de
624 2249 753 2313 Joanne
786 2247 980 2332 Jejunatore
1011 2248 1119 2312 luerit.
1166 2247 1270 2312 Haud
1293 2267 1357 2310 cen-

248 2367 357 2410 semus
379 2355 501 2427 tamen,
527 2349 734 2412 sanctitatem
749 2347 819 2431 ejus
837 2347 970 2410 omnino
994 2345 1140 2410 fucatam
1163 2345 1277 2411 fuisse.
1300 2343 1357 2411 Sed

248 2446 301 2508 vir
323 2443 395 2525 fuit,
420 2453 456 2506 ut
480 2443 621 2525 videtur,
645 2445 749 2508 animi
773 2444 982 2528 angustioris,
1016 2444 1072 2528 qui
1106 2465 1208 2532 quum
1235 2467 1277 2508 ex
1299 2464 1356 2506 una

249 2553 342 2629 parte
366 2563 515 2606 severam
540 2544 675 2607 duceret
698 2544 811 2623 vitam,
833 2563 874 2606 ex
897 2541 1000 2606 altera
1022 2551 1115 2626 parte
1139 2543 1289 2606 vanitate
1311 2539 1357 2604 ob·
1427 2621 1428 2624 Ἴ

247 2643 368 2707 stinata
392 2639 524 2706 titulum
548 2640 611 2704 sibi
636 2639 844 2719 vindicabat,
860 2660 924 2725 quo
953 2639 1036 2702 forte
1060 2640 1258 2722 dignitatem
1281 2637 1357 2702 sodis
1427 2627 1428 2688 Ϊ

248 2761 327 2804 suae
342 2762 376 2802 se
391 2740 507 2802 merito
523 2737 725 2824 amplificare
748 2759 843 2823 posse
868 2736 1075 2822 opinabatur.
1100 2735 1175 2800 Alio
1198 2735 1272 2800 loce
1288 2735 1356 2800 Gra

248 2839 360 2922 gorius
384 2837 516 2901 scribit:
542 2834 676 2900 Sacram
681 2835 901 2922 familiarium
918 2835 1097 2898 seductione
1120 2833 1300 2920 lingitur-cru
1320 2830 1370 2896 ad·

249 2947 373 3000 tautam
401 2935 581 3021 superbiam
612 2933 757 3022 erupta).
804 2933 917 2998 Noluit
949 2931 1085 3018 quidem
1115 2933 1305 3017 primatum,
1327 2933 1356 2992 in

249 3036 442 3098 universum
474 3033 586 3098 orbem
619 3031 836 3096 christianum
869 3029 1040 3116 splendido
1074 3029 1236 3114 ejusmodi
1265 3029 1356 3094 Patri·

248 3133 369 3198 arcbae
393 3133 597 3196 oecumenici
622 3132 754 3195 nomine
776 3130 839 3195 sibi
856 3151 1018 3213 arrogare,
1044 3127 1096 3192 vel
1119 3127 1261 3192 aliorum
1284 3127 1356 3212 epis·

249 3252 407 3316 caporum
431 3231 626 3316 dignitatem
659 3237 691 3292 et
723 3229 950 3292 auctoritatem
974 3247 1111 3311 negare3
1136 3225 1194 3290 sed
1220 3223 1356 3290 conside·

249 3340 321 3394 rata
344 3329 526 3394 ambitione
559 3325 822 3414 patriarcharum
854 3322 1170 3409 Constantinopolis,
1204 3320 1355 3408 ejusmodi

249 3427 426 3514 appellatio
451 3426 606 3490 ulteriora
637 3423 784 3511 pericula
816 3422 919 3488 veluti
952 3420 1154 3502 involvebat,
1184 3423 1356 3506 meritoque

250 3527 284 3594 S.
308 3523 488 3609 Gregorius
512 3525 647 3610 ejusque
671 3543 873 3587 successores
903 3520 950 3584 illi
975 3517 1135 3605 superbae
1159 3517 1354 3604 usurpationi

250 3627 449 3688 restiterunt
503 3622 603 3688 Plura
640 3621 681 3688 de
715 3621 938 3686 controversia
975 3617 1017 3683 ob
1050 3615 1212 3703 ejusmodi
1245 3633 1355 3680 nomeu
1427 3639 1428 3642 ¹

251 3731 365 3788 exorta
389 3721 547 3802 dicemus,
573 3720 652 3784 dum
675 3719 717 3784 de
741 3717 916 3782 schismate
935 3714 1138 3781 Graecorum
1161 3733 1303 3798 agemus
1317 3745 1354 3756 -

249 3822 396 3886 Joannes
412 3820 585 3884 Nesteutes
607 3818 691 3883 obiit
714 3825 891 3881 auctumno
908 3815 988 3880 anni
1010 3813 1086 3894 595,
1111 3820 1144 3874 et
1166 3813 1251 3876 inter
1265 3809 1353 3874 Sanc-

250 3929 300 3982 tus
323 3941 343 3982 a
366 3917 503 3982 Graecis
527 3916 655 3981 colitur.
700 3914 741 3978 Ei
766 3913 923 3978 successit
950 3910 1115 3998 Cyriacus,
1139 3911 1196 3995 qui
1220 3905 1354 3994 perrexit

327 4152 346 4212 ¹)
366 4149 477 4217 Gregor.
498 4147 534 4200 Μ.
554 4145 634 4214 Epist
664 4146 671 4198 Ι
701 4144 747 4198 Ν.
766 4157 807 4212 ep.
826 4143 862 4197 38

326 4231 348 4297 ²)
367 4229 407 4296 Ep
436 4228 470 4282 rul
489 4225 697 4282 Constantinam
716 4225 877 4293 Augustam,
896 4221 918 4276 L
946 4221 985 4276 IV
1013 4235 1054 4288 ep.
1071 4219 1109 4274 34
