2806 4848
253 491 304 547 156
673 493 713 548 De
731 493 804 547 facto
821 492 949 548 Nectarii.

253 636 442 700 indicantur
464 647 541 700 sunt
563 637 774 718 attendenda,
808 659 870 700 nec
893 659 950 722 pro
974 636 1067 701 libito
1091 638 1276 722 rejicienda,
1297 637 1344 700 sed

253 745 413 820 quantum
436 734 506 798 fieri
536 744 643 820 potest
675 733 883 800 concilianda
915 744 947 798 et
976 744 1053 820 apto
1086 735 1182 800 modo
1207 737 1345 821 interpre-

252 832 363 897 tanda.

342 931 394 996 25.
420 931 596 1015 Sequimur
618 931 729 1015 itaque
753 930 862 1016 quoad
885 930 1103 996 substantiam
1126 930 1216 994 illam
1238 931 1281 994 rei
1302 953 1346 993 er·

182 1012 213 1043 ¹¹*
254 1028 474 1114 plicationem,
508 1029 561 1092 cui
593 1028 831 1112 Bellarminus,
856 1031 1005 1094 lllorinus
1037 1037 1070 1093 et
1096 1028 1345 1096 Thomassinus¹l

253 1128 376 1208 favent,
400 1149 566 1212 quamque
593 1128 680 1192 inter
707 1129 905 1192 recentiores
938 1129 1051 1192 Frank
1084 1127 1268 1192 accuratius
1288 1149 1345 1212 pro-

254 1227 355 1311 ponit,
381 1225 545 1306 videlicet,
570 1225 736 1311 duplicem
769 1226 914 1291 mulieris
944 1226 1183 1291 confessionem
1207 1225 1345 1306 distingu-

255 1323 373 1388 endam
398 1346 477 1404 esse,
501 1323 638 1388 alteram
661 1335 819 1388 secretam
835 1325 925 1410 apud
946 1325 1176 1411 presbyterum
1200 1326 1346 1410 poeniten·

254 1423 386 1484 tiarium
411 1431 587 1506 peractam,
620 1423 757 1486 alteram
781 1423 959 1509 publicam,
993 1425 1028 1488 in
1051 1444 1117 1509 qua
1140 1423 1347 1509 imprudenter

255 1519 337 1584 illud
369 1521 493 1584 crimen
527 1542 602 1584 cum
635 1520 773 1585 diacono
811 1523 1022 1586 commissum
1055 1522 1284 1586 manifestarit
1314 1557 1346 1566 —

254 1615 1346 1706 fflmQfflffifflmmfflfflQOmmm

254 1717 387 1779 tiarium
412 1716 507 1800 eique
531 1717 705 1782 confitetur
719 1726 855 1803 peccata
868 1729 942 1804 post
955 1719 1156 1804 baptismum
1183 1719 1347 1782 commissa.

255 1815 353 1879 Forte
381 1816 514 1880 conscia
545 1823 616 1880 erat
646 1818 836 1900 graviorum
868 1825 1088 1901 peccatorum,
1122 1839 1162 1881 ac
1195 1827 1347 1902 propterea

254 1913 301 1978 illi
334 1912 524 1998 presbytero
558 1915 809 1999 poenitentiario
843 1915 1081 1979 confessionem
1113 1915 1204 1996 fecit,
1237 1925 1267 1977 et
1294 1933 1347 1974 nou

254 2011 324 2093 alii,
353 2010 394 2098 (si
419 2033 494 2075 cum
517 2011 716 2077 Bellarmino
749 2013 1001 2098 supponendum
1031 2023 1097 2094 est,
1130 2013 1214 2078 alios
1236 2031 1348 2097 quoque

255 2109 468 2173 confessarios
499 2111 532 2173 in
565 2131 686 2195 magna
719 2109 775 2174 illa
803 2110 885 2176 urbe
915 2110 1039 2198 fuisse).
1086 2111 1263 2196 Presbyter
1283 2129 1347 2171 vero

253 2210 422 2293 praecepit
445 2208 573 2272 mulieri
592 2209 722 2295 jejunia
746 2218 778 2274 et
810 2212 972 2274 orationes
1000 2209 1197 2295 persolvere,
1221 2230 1281 2294 quo
1302 2207 1349 2268 sci-

253 2306 331 2369 licet
355 2329 420 2369 una
444 2327 519 2370 cum
544 2307 747 2371 confessione
762 2331 843 2393 opus
859 2309 959 2372 etiam
983 2309 1207 2393 poenitentiae
1229 2306 1348 2389 dignum

255 2403 441 2468 ostenderet
464 2403 530 2492 (ἵνα
552 2403 610 2468 σύν
631 2409 670 2491 τῇ
701 2401 855 2491 ὁμολογίᾳ
891 2403 944 2469 καὶ
969 2400 1059 2490 ἔργον
1081 2429 1112 2468 τι.
1137 2403 1286 2468 datarium
1306 2396 1348 2482 ἔχι,

253 2506 308 2590 τῆς
347 2506 518 2584 μετανοῐας
564 2500 676 2588 ἄξιον).
741 2504 861 2568 Mulier
894 2503 985 2569 haud
1029 2504 1174 2568 admissa
1218 2503 1278 2566 fuit
1313 2497 1347 2562 ad

255 2623 380 2665 sacram
405 2600 646 2684 eucharistiam,
671 2624 809 2688 eamque
844 2623 1011 2667 censerem
1041 2603 1262 2689 poenitentiae
1282 2596 1347 2684 pub-

253 2698 337 2762 licae
378 2699 544 2763 addictam
583 2699 700 2781 fuisse;
744 2699 840 2764 simul
882 2709 991 2764 autem
1033 2700 1166 2765 videtur
1202 2697 1347 2785 poeniteo·

255 2798 370 2861 tiarius
405 2799 434 2860 ei
471 2799 610 2861 suasisse
645 2797 813 2883 publicam
848 2798 973 2884 aliquot
1001 2807 1214 2884 peccatorum
1244 2793 1347 2859 coufes-

255 2898 389 2961 sionem.
437 2895 534 2959 Forte
558 2895 675 2958 mulier
699 2897 761 2960 ista
791 2897 868 2960 satis
897 2895 938 2960 ob
962 2906 1099 2982 peccata
1122 2907 1202 2960 nota
1226 2892 1275 2958 rel
1295 2913 1346 2954 sus·

255 3003 350 3082 pecta
374 3002 459 3075 erat3
484 3015 557 3058 earn
581 2995 669 3058 enim
693 2994 881 3058 adtentum
896 3017 972 3058 cum
996 2994 1135 3059 diacono
1161 2993 1264 3058 scelus
1285 3010 1347 3052 nou·

256 3094 318 3158 nisi
346 3102 419 3178 post
453 3091 519 3157 alia
552 3102 689 3179 peccata
720 3095 835 3178 gravia
864 3094 935 3178 jam
969 3094 1143 3158 commissa
1167 3091 1346 3178 pervenisse.

256 3214 297 3255 ex
321 3192 362 3254 iis
385 3176 475 3276 quae‘
494 3194 711 3255 communiter
734 3193 930 3276 contingunt
953 3193 1092 3277 supponi
1116 3201 1233 3277 potest
1257 3187 1347 3270 Atque

256 3289 401 3354 fidelium
436 3289 639 3354 multitudini
673 3289 895 3354 aedificationi
929 3311 999 3354 esse
1031 3290 1147 3376 potuit,
1183 3299 1218 3352 ut
1244 3285 1295 3350 illu
1314 3283 1344 3344 ie

256 3390 346 3452 mina
369 3388 423 3452 vcl
446 3387 543 3452 modo
567 3387 722 3472 generali,
748 3387 799 3452 vel
822 3387 930 3473 quoad
954 3387 1064 3474 aliqua
1088 3397 1226 3473 peccata
1248 3384 1345 3448 selecta

256 3509 290 3550 ee
322 3508 410 3550 ream
445 3485 576 3571 publice
618 3485 835 3550 confiteretur.
891 3484 1120 3568 Bellarminus,
1156 3485 1297 3550 Morinos
1323 3487 1346 3540 et

256 3585 371 3648 Frank
394 3583 561 3669 publicam
586 3584 673 3648 illam
707 3584 945 3649 confessionem
974 3584 1140 3668 designari
1164 3591 1277 3670 putant
1298 3577 1346 3641 illis

256 3681 367 3746 verbis
393 3704 477 3768 „quo
502 3681 626 3746 scilicet
655 3707 722 3746 aaa
751 3705 819 3747 curn
848 3682 1042 3770 confessicae
1065 3683 1165 3747 etiam
1190 3703 1267 3768 opus
1289 3697 1345 3764 poc·

257 3782 415 3844 nitentiae
439 3781 576 3864 dignum
600 3779 771 3844 ostendere
794 3781 939 3866 posset“;
964 3781 1021 3845 sed
1045 3780 1132 3844 clare
1157 3780 1191 3845 id
1214 3801 1276 3844 non
1298 3771 1346 3837 col·

255 3879 368 3964 ligitur
391 3902 433 3942 ex
456 3879 565 3943 verbis
588 3880 739 3943 auctoris.

346 3979 399 4042 26.
424 3978 624 4044 Sozomenus
655 3977 732 4042 dein
766 3999 918 4063 expresse
951 3984 1071 4059 narrat,
1105 3976 1265 4060 flagitium
1285 3988 1345 4032 cum

258 4078 397 4142 diacono
430 4075 608 4158 accidisse,
643 4097 719 4140 cum
743 4075 860 4140 mulier
892 4075 1016 4140 diutius
1040 4077 1074 4138 in
1098 4073 1235 4138 ecclesia
1257 4087 1345 4132 versa·

259 4215 467 4226 ------

333 4293 351 4362 ¹)
371 4291 433 4348 Vct.
452 4293 481 4345 et
498 4305 558 4345 nor.
577 4290 679 4358 discipl.
698 4289 728 4344 L.
747 4290 782 4344 11.
802 4306 825 4344 c.
844 4293 869 4345 7.
887 4305 915 4344 n.
933 4289 968 4344 13
985 4303 1041 4357 sqq.
