2790 4812
372 477 412 532 De
430 492 531 534 cenom
548 482 625 532 sexto
643 477 768 534 Nicosno.
1105 478 1158 532 449

50 622 174 686 ebatum
198 622 385 686 Romanum
410 643 451 684 ex
474 621 633 707 perplexe
663 623 800 687 canonis
822 622 961 686 Nicoeni
985 621 1041 686 VI¹
1062 625 1157 686 inter·

53 723 226 804 pretatione
250 741 350 805 quem
383 719 475 784 dedit
497 721 647 799 Rutinus,
680 743 846 806 quamque
870 722 1020 806 superius
1044 723 1157 786 citavi·

51 841 120 882 nus.
181 819 230 882 At
261 817 400 882 Rufinus
432 820 542 902 potius
574 818 802 903 paraphrasim
840 841 939 904 quem
973 820 1156 882 versionem

49 915 178 980 Niceeni
196 917 335 980 canonis
351 915 452 996 dedit,
468 938 571 1000 quum
585 917 619 980 in
634 915 746 980 verbis
766 913 906 980 Consilii
921 937 963 980 ne
982 917 1158 1000 vestigium

49 1014 173 1097 quidem
205 1013 368 1078 habeatur
397 1013 438 1077 de
466 1013 636 1080 orbicords's
669 1013 718 1078 cel
746 1014 972 1078 suburbicariis
1001 1013 1158 1077 ecclesiis.

51 1110 135 1176 L'nde
160 1111 343 1176 dicendum
367 1121 426 1188 est,
449 1111 607 1176 Rufinum
621 1114 825 1178 autnomine
848 1111 1060 1176 ecclesiarum
1085 1108 1158 1174 sub·

50 1209 283 1274 urbicsrierum
316 1208 517 1274 intellexisse
549 1209 704 1274 ecclesius
736 1211 835 1274 totius
868 1208 1068 1291 Occidentis,
1101 1217 1160 1272 sut

50 1327 115 1370 eum
139 1317 288 1370 mentem
311 1306 447 1371 Petrum
462 1308 664 1391 canonisque
680 1317 753 1370 sext
754 1309 764 1370 i
779 1329 845 1372 non
869 1329 938 1371 esse
961 1316 1158 1374 assecutum.

131 1405 207 1470 117.
234 1403 328 1468 Ex
320 1405 361 1468 ris
392 1425 478 1488 quoe
511 1403 657 1468 diximus
689 1405 899 1470 menifestum
932 1415 999 1488 est,
1033 1405 1224 1508 eenonepl'jn
1221 1407 1308 1508 :ffl

20 1505 23 1528 ⁸
52 1511 132 1564 sexto
156 1501 301 1566 Consilii
325 1501 465 1566 Niceeni
489 1501 651 1565 contineri
678 1500 772 1584 nihil,
797 1501 885 1587 quod
909 1501 962 1566 vel
985 1503 1159 1566 minimum

52 1599 196 1679 primatui
222 1598 363 1664 Romani
386 1597 558 1664 Pontificis
586 1609 790 1683 opponetur;
828 1621 870 1664 ex
902 1621 1000 1684 scopo
1024 1602 1160 1664 canonis

51 1697 128 1760 roim
146 1697 228 1782 jura
245 1697 466 1782 patriarchico
487 1695 628 1760 Romani
642 1697 813 1760 Pontificis
835 1697 921 1761 hic'
913 1720 947 1761 rn
972 1699 1159 1783 exemplum

52 1804 288 1879 proponuntur,
317 1794 407 1880 quod
440 1795 618 1858 conveniat
640 1794 803 1860 similibus
821 1795 954 1878 juribus
977 1797 1159 1862 secundum

53 1913 163 1956 morem
206 1893 384 1978 antiquum
418 1893 611 1977 episcopum
645 1891 910 1958 Alexandrinum
948 1894 1092 1978 gaudere
1125 1897 1159 1960 in

55 1988 220 2056 dioecesim
251 1989 409 2075 Aegypti.
443 2027 485 2038 -
518 1989 586 2054 Sed
608 1991 642 2054 in
666 1990 778 2070 multis
801 1991 1008 2058 versionibus
1031 1993 1160 2058 Latinis

54 2086 155 2150 codem
178 2109 309 2154 conone
339 2088 464 2153 directe
481 2087 643 2173 professio
661 2091 823 2174 primatiis
855 2087 1014 2154 ecclesiee
1044 2091 1160 2154 Rome·

55 2204 105 2247 nae
127 2187 325 2268 continetur,
359 2207 462 2272 quum
496 2187 531 2250 in
563 2184 714 2270 pluribus
746 2186 917 2252 codicibus
949 2208 1056 2254 canon
1086 2210 1160 2254 eam

56 2277 161 2346 hebent
183 2283 337 2364 formem,
369 2305 435 2368 qus
467 2284 576 2368 ipsum
598 2285 752 2348 recitavit
773 2283 996 2350 Paschasinus
1019 2288 1054 2350 in
1079 2285 1161 2352 Con·

58 2377 119 2442 cilio
143 2379 425 2446 Cb'elcedonensi:
462 2378 554 2452 Quod
586 2381 716 2446 ecclesio
738 2384 885 2448 Romano
913 2407 1032 2470 semper
1054 2385 1162 2450 babuit

56 2477 232 2560 primum
255 2489 360 2542 uocat
384 2490 488 2543 actem
510 2489 540 2544 et
559 2479 720 2566 Aepyptcs
743 2489 804 2542 etc.
830 2479 992 2560 Quemvis
1010 2482 1161 2568 probabi-

57 2569 118 2636 liter
149 2573 204 2640 illa
238 2577 348 2661 priore
381 2575 484 2640 verba
515 2597 582 2642 non
614 2577 737 2641 fuerint
761 2578 824 2642 nisi
855 2577 968 2664 eliqua
990 2581 1160 2665 inscriptio

59 2675 162 2736 cononi
194 2673 321 2756 addita,
355 2676 471 2738 merito
501 2683 612 2740 temon
642 2676 826 2760 quaeritur,
851 2676 1014 2760 quomodo
1047 2677 1161 2742 confir-

60 2771 221 2836 mationem
246 2773 406 2857 primstus
439 2773 568 2857 antiqui
598 2774 632 2836 in
656 2771 711 2836 illo
743 2794 869 2837 esnone
892 2773 1006 2838 adesse
1030 2795 1162 2839 censue·

60 2865 121 2930 rint
168 2867 309 2954 Saepius
341 2871 429 2934 enim
462 2870 553 2955 apud
584 2872 737 2956 antiquos
769 2871 958 2936 invenimus
990 2883 1160 2956 assertum,

61 2961 86 3024 io
115 2963 261 3032 Concilio
285 2967 432 3032 Niceeno
464 2969 644 3052 primatum
674 2969 814 3032 Romani
844 2969 1015 3034 Pontificis
1046 2971 1160 3036 confir·

61 3069 168 3126 netum
200 3065 312 3146 fuisse,
345 3085 411 3150 que
443 3066 478 3130 in
511 3087 546 3128 re
578 3065 621 3129 ad
653 3065 743 3130 hunc
776 3088 937 3132 canonem
960 3077 1090 3133 sextum
1114 3093 1161 3134 re·

60 3159 168 3239 spicere
191 3161 358 3226 videntur.

136 3259 207 3324 118.
231 3259 420 3345 Explicstio
444 3259 545 3324 obvie
567 3262 738 3326 invenitur
768 3263 802 3326 in
831 3263 969 3348 epistole
991 3265 1161 3330 NicolsiI

61 3351 138 3419 Pont
161 3357 203 3422 ed
228 3357 424 3423 llicbaelem
447 3357 699 3443 Imperatorem:
728 3361 887 3424 Ecclesiae
911 3364 1073 3428 I'omaoae
1092 3366 1162 3450 pri-

64 3449 168 3537 rilepia,
191 3455 317 3537 scribit,
345 3453 463 3520 Christi
486 3478 537 3520 ore
561 3459 596 3520 in
618 3457 708 3522 beato
733 3459 825 3522 Petro
840 3459 1022 3540 firmato,
1008 3485 1044 3525 sn
1057 3463 1161 3528 Eccle-

63 3552 188 3636 ecipso
211 3505 368 3640 deposita,
393 3555 569 3639 aretiqes'tue
592 3555 767 3636 obseruata,
801 3567 831 3620 et
854 3581 875 3622 o
898 3561 1018 3623 sanctis
1040 3563 1162 3628 coicer-

65 3646 165 3714 fflls'bus
187 3652 327 3734 synodis
358 3651 517 3716 celebrato
549 3664 640 3738 etque
677 3677 697 3716 o
730 3664 842 3716 corteto
874 3655 1063 3722 Ecclesia
1042 3663 1164 3746 Jupiter

67 3759 203 3828 venemo,
226 3749 408 3814 coactores
418 3762 555 3836 possent
568 3753 677 3830 minoe,
693 3752 875 3816 nullatenus
895 3755 1041 3842 iefrinqi,
1059 3760 1162 3824 cella·

68 3847 138 3908 lenus
157 3851 358 3929 commutori,·
380 3851 529 3933 quoniam
543 3849 740 3934 fundament
741 3875 806 3928 om,
830 3852 913 3935 quod
936 3854 1023 3918 Deus
1041 3859 1161 3940 poscit,

66 3935 195 4008 beccus
218 3969 282 4010 nors
304 3947 388 4010 volet
404 3969 544 4011 amovere
561 3957 751 4012 conotus...
769 3949 895 4012 ‚Ista
882 3949 980 4035 opiter
988 3953 1163 4039 pricileyia

67 4032 256 4108 leuconotos
271 4043 416 4108 ecclesiae
431 4067 452 4108 α
466 4042 587 4108 Cbrs’sto
600 4045 735 4124 donato,
746 4047 801 4109 sed
812 4047 836 4110 S
833 4047 948 4134 Joodss
957 4071 1020 4112 con
1031 4049 1162 4130 donato,

68 4133 109 4193 ed
122 4137 304 4205 solummodo
324 4141 481 4208 celebrata
502 4153 531 4207 et
549 4145 747 4208 venerationi
763 4145 931 4210 habito...
951 4147 1164 4232 ,Denique
1135 4173 1162 4214 ss

70 4230 192 4302 instituta
214 4241 376 4306 Nicaeoae
395 4241 518 4326 Syoods'
543 4243 738 4328 diligenter
726 4245 955 4327 inspiciantur,
988 4247 1102 4309 ico'em
1096 4257 1164 4310 voe

108 4363 218 4418 lupum
237 4369 411 4412 clementiores.
1020 4353 1055 4406 29
