2810 4846
444 525 448 532 ·
494 491 620 546 mama
637 491 753 561 aarum.
1130 491 1185 542 nn

66 659 142 702 cum
167 636 314 701 Arsacio.
347 671 391 681 —
420 633 558 698 Arsacio
581 656 611 700 a.
644 635 710 699 405
734 657 751 698 e
775 635 863 699 vivis
890 644 1013 719 erepto,
1037 635 1185 698 intrusus

65 734 185 798 estin
221 731 330 797 sedem
366 731 587 817 episcopalem
622 753 651 797 a.
686 733 751 797 406
776 731 917 814 Atticus,
941 733 999 817 qni
1024 731 1102 796 dein
1125 753 1185 817 per

66 833 187 916 viginti
212 851 315 895 annos
340 829 498 894 eeclesiae
514 829 666 894 OPtanae
690 831 842 915 praefuit.
866 829 1081 894 Innocentius
1104 851 1184 891 vero

65 951 201 994 causam
226 927 453 1012 Chrysostomi
476 929 560 991 tueri
596 949 662 991 non
686 927 819 993 destitit.
866 927 1049 1013 Epistulam
1074 947 1185 990 conso-

67 1027 218 1091 latoriam
254 1049 284 1090 a.
318 1025 385 1090 405
420 1026 508 1089 misit
542 1025 585 1089 ad
609 1025 732 1089 clerum
768 1037 800 1089 et
828 1024 987 1111 populum
1011 1023 1185 1089 OPtanum

67 1123 302 1209 Chrysostomo
328 1121 469 1203 fidelem,
495 1123 528 1186 in
552 1123 732 1208 quantiam
756 1121 910 1206 declarat,
935 1121 1089 1188 standum
1114 1144 1186 1186 esse

65 1221 250 1286 canonibus
273 1219 431 1284 Nicaenis
455 1218 751 1306 (sardicensibus),
785 1221 982 1307 rejiciendos
1011 1241 1088 1285 vero
1111 1243 1185 1284 esse

65 1341 120 1383 eos
143 1340 228 1405 quos
251 1317 408 1382 haeretici
432 1316 641 1381 addiderunt.
670 1317 809 1406 Scripsit
830 1319 955 1403 pariter
977 1320 1012 1383 in
1035 1318 1184 1402 favorem

67 1415 294 1500 Chrysostomi
319 1415 362 1478 ad
386 1415 569 1478 Honorium
593 1415 728 1479 fratrem
752 1415 900 1497 Arcadii,
923 1416 968 1480 ad
991 1417 1100 1502 ipsum
1124 1414 1185 1478 Ar-

64 1513 210 1596 cadium,
246 1533 374 1578 necnon
411 1513 453 1576 ad
478 1511 749 1598 Chrysostomum
783 1522 821 1576 ut
850 1533 925 1577 eum
949 1513 1184 1578 consolaretur.

66 1612 231 1676 Arcadius
255 1631 334 1674 vero
358 1631 420 1674 nec
442 1609 559 1674 litteris
581 1610 692 1674 fratris
715 1612 765 1674 eni
789 1611 940 1693 Honorii,
965 1633 1028 1675 nec
1050 1611 1185 1674 monitis

65 1709 251 1776 Innocentii
277 1707 471 1794 obsequium
495 1710 666 1794 praestitit,
690 1709 747 1772 sed
762 1707 1034 1794 Chrysostomum
1059 1709 1093 1772 in
1115 1711 1185 1772 exi-

64 1805 105 1870 lio
130 1807 286 1887 detinuit,
313 1807 379 1869 imo
402 1808 436 1869 in
460 1806 656 1892 longinquas
688 1808 839 1890 regiones
869 1805 989 1870 deduci
1013 1806 1103 1886 fecit,
1127 1807 1184 1870 do-

65 1925 123 1968 nec
147 1903 377 1968 sanctissimus
400 1903 534 1968 Praesul
568 1905 692 1968 meritis
726 1903 844 1989 plenus
877 1911 910 1967 et
938 1905 1107 1968 aerumnis
1131 1926 1185 1990 op

65 2025 196 2086 pressus
211 2023 240 2065 a.
258 2000 323 2064 407
348 1999 394 2087 (d.
421 2003 461 2066 14
488 2000 584 2088 sept.)
602 1999 768 2066 Cumanae
791 2002 834 2067 ad
851 2002 995 2066 Pontum
1011 2003 1184 2066 Euxinum

64 2099 232 2163 occubuit.

152 2197 208 2260 29.
232 2195 447 2259 Innocentius
480 2195 581 2281 Papa,
618 2198 674 2281 qni
708 2206 838 2282 praesto
862 2197 926 2260 fuit
948 2197 1184 2284 Chrysostomo

65 2297 153 2376 vivo,
179 2295 280 2358 etiam
305 2295 423 2356 mortni
457 2293 648 2356 memoriam
673 2293 868 2359 vindicavit.
913 2295 1049 2360 Etenim
1072 2318 1185 2382 quarn-

65 2395 112 2455 vis
137 2393 274 2456 Atticus
296 2390 418 2476 pluries
451 2388 574 2474 legatos
606 2391 744 2454 Romam
777 2393 922 2456 mitteret
944 2403 981 2456 at
1004 2415 1071 2479 pax
1094 2395 1185 2457 resti-

64 2499 221 2570 tueretur,
246 2487 402 2552 Pontifex
425 2510 500 2553 cum
524 2490 595 2574 ipso
619 2489 757 2575 aliisque
780 2491 944 2576 episcopis
967 2491 1185 2556 orientalibus

65 2591 118 2672 qui
144 2587 375 2670 Chrysostomi
400 2607 519 2650 nomen
544 2609 562 2649 e
582 2585 749 2672 dyptichis
773 2599 1014 2673 expunxerant‚
1039 2611 1184 2653 commu-

66 2689 175 2749 nicare
198 2684 375 2764 recusavit,
401 2683 505 2747 donec
528 2705 649 2747 nomen
673 2685 777 2747 sancti
801 2684 967 2748 Pmeaulis
990 2687 1025 2748 in
1048 2685 1114 2750 illis
1137 2709 1185 2750 re

66 2784 248 2846 stituerent.
295 2779 335 2844 Id
367 2782 511 2866 primum
540 2781 689 2844 fecerunt
721 2781 913 2845 Alexander
942 2781 1183 2864 Antiochenus,

67 2881 210 2944 Aeacius
245 2880 390 2943 Beroeae
430 2879 602 2964 episcopus
641 2879 783 2964 aliique3
829 2890 958 2943 mortuo
997 2879 1184 2966 Theophila

6 3049 8 3066 Ι
66 2977 294 3041 Alexandrino
318 2977 361 3062 (a.
386 2974 465 3062 412)
498 2977 597 3040 etiam
621 2976 753 3040 Atticus
777 2979 891 3059 cessit3
916 2976 1042 3041 diutius
1065 2979 1186 3042 restitit

6 3071 7 3104 ³
66 3074 241 3161 Theophili
267 3095 436 3138 successor
458 3073 490 3139 S.
516 3071 659 3158 Cyrillus
679 3073 937 3155 Alexandrinus,
962 3095 1065 3160 quunr
1080 3075 1183 3139 Theo-

6 3157 8 3254 }
66 3173 145 3258 phili
170 3173 281 3260 patrui
314 3173 364 3236 sui
398 3173 573 3236 memoriae
605 3171 768 3234 maculam
801 3193 975 3257 aspergere
997 3171 1108 3254 nollet,
1132 3195 1185 3236 ca-

6 3263 8 3274 ’
66 3292 235 3357 nonesque
258 3271 292 3332 in
324 3291 423 3334 cansa
448 3268 674 3353 Chrysostomi
704 3278 850 3332 servatos
880 3291 950 3333 esse
981 3271 1184 3354 opinaretur.

66 3367 234 3432 Postremo
268 3376 388 3448 temen,
421 3367 590 3430 insistente
623 3369 766 3430 maxime
800 3367 833 3432 S.
856 3366 984 3430 Isidoro
1007 3367 1185 3449 Pelusiota,

66 3469 163 3530 etiarn
189 3469 260 3551 ipse
284 3487 314 3529 a.
338 3464 402 3527 417
430 3462 654 3546 Chrysostomi
688 3485 807 3528 nomen
841 3465 876 3527 in
900 3464 1069 3550 dyptichis
1093 3487 1186 3550 repo

67 3565 138 3628 suit.
186 3563 287 3626 Anno
302 3563 367 3626 418
383 3583 403 3625 a
417 3561 603 3626 Theodosio
618 3561 653 3625 Π
669 3583 741 3625 ossa
756 3562 789 3627 S.
806 3559 1032 3647 Ohrysostomi
1048 3561 1185 3627 CPolim

67 3659 224 3724 translata
248 3668 334 3742 sunt,
358 3669 391 3722 et
414 3659 590 3723 eoncordia
613 3681 655 3722 ex
679 3661 805 3744 integro
829 3661 980 3724 restituta
1002 3669 1061 3724 est.

153 3757 207 3821 30.
234 3756 357 3840 Pelagii
383 3759 521 3820 haeresis
544 3757 641 3820 etiam
672 3755 727 3820 illa
750 3767 856 3821 aetate
880 3759 999 3844 erupit,
1023 3757 1185 3844 pluraque
1284 3787 1325 3825 ns

67 3853 207 3918 concilia
232 3855 267 3918 in
291 3853 353 3918 hoc
377 3855 508 3938 negotio
532 3853 647 3917 habite
664 3865 749 3936 sunt,
774 3865 807 3918 et
831 3866 901 3918 tum
925 3855 1090 3920 aJoanne
1106 3855 1185 3920 Hie-

67 3951 311 4035 rosolymitano,
335 3961 406 4016 tum
429 3951 471 4015 ab
505 3953 667 4038 episcopis
700 3953 755 4037 qui
780 3953 814 4016 in
839 3951 989 4017 conciliis
1012 3951 1184 4038 Carthagi

68 4051 160 4114 nensi
187 4059 220 4113 et
234 4046 428 4114 Milevitano
452 4048 576 4134 Pelagii
601 4070 724 4113 errores
748 4048 1000 4132 damnaverant,
1024 4059 1093 4114 tnnr
1119 4053 1185 4136 pri-

68 4141 208 4212 vatis'S.
233 4146 413 4231 Augustini
437 4146 641 4231 aliorumque
672 4149 901 4232 episcoporum
930 4147 1058 4231 litteris,
1081 4171 1187 4214 causa

68 4243 107 4306 ad
130 4244 365 4308 Innocentium
379 4243 573 4308 Pontificem
591 4242 699 4307 delata
722 4254 779 4310 est.
822 4245 1034 4310 Innocentius
1046 4267 1185 4311 oaumm

1026 4351 1076 4404 14*
