2900 4800
398 410 582 468 Difficultates
600 412 731 480 quaedam
748 413 944 484 expenduntur.
1177 409 1233 466 466

116 561 184 634 set,
217 578 238 621 a
271 553 430 622 Conciliis
462 556 533 620 istis
565 555 664 622 etiam
688 557 888 642 approbatas
923 576 993 620 esse
1014 553 1233 640 professiones

114 649 215 736 fidei,
239 654 274 723 iu
298 651 419 739 quibus
433 651 601 720 Honorius
624 653 873 739 supponebatur
888 653 1063 718 damnatus
1086 671 1163 716 cum
1185 671 1233 714 re

113 747 214 836 liquis
237 749 485 831 Monctheletis,
508 771 547 816 eo
570 751 659 837 quod
684 773 784 818 unam
809 751 1013 818 voluntatem
1030 747 1153 814 Christi
1177 747 1233 814 do-

113 848 229 912 cuerit
274 847 327 914 Ita
350 849 385 914 in
410 846 551 914 Consilii
561 849 627 916 v11
640 849 781 916 Actione
805 850 857 916 ΠΙ
880 849 965 916 lecta
989 857 1038 914 est
1061 856 1095 911 et
1117 865 1232 932 appro-

111 943 192 1010 bate
215 954 252 1010 ut
275 945 458 1011 orthodoxa
490 947 649 1032 synodica
674 946 842 1014 Theodori
876 947 1021 1034 episcopi
1045 941 1233 1029 Hierosoly·

111 1044 232 1108 mitani
250 1045 323 1129 jam
348 1043 512 1127 defuncti,
546 1047 580 1112 in
613 1067 679 1132 qua
703 1046 892 1112 dicebatur:
930 1045 1098 1130 Postquam
1120 1053 1233 1108 sancta

112 1151 205 1206 ante
227 1139 373 1230 Spaodm
404 1143 660 1228 quaemadmodum
691 1145 776 1210 alias
805 1143 853 1210 sol
876 1143 1000 1210 emicuit
1022 1143 1089 1208 289
1112 1150 1232 1206 coacte·

109 1259 181 1302 nun
193 1239 339 1318 Petrum,
353 1242 473 1325 repient
485 1240 593 1306 urbem
607 1244 719 1308 sortita
730 1266 793 1330 pro
808 1245 928 1330 requie,
942 1243 978 1306 irs
991 1263 1054 1326 que
1065 1239 1232 1317 celebrato,

111 1355 166 1400 eos
196 1338 253 1422 qui
283 1338 365 1402 duas
390 1341 547 1425 proprias
568 1338 743 1406 uoluntates
774 1351 804 1404 et
826 1341 1025 1427 operationes
1050 1340 1086 1404 ia
1108 1337 1232 1424 disper

110 1434 234 1498 satione
257 1436 364 1500 emis
387 1436 452 1500 Dei
481 1438 584 1502 nostri
614 1437 786 1524 denepact,
819 1449 850 1502 et
872 1461 969 1504 acam
990 1435 1179 1502 uoluntatem
1202 1443 1233 1497 et

110 1554 208 1596 auom
224 1543 408 1618 portentose
431 1545 578 1600 assuant
600 1537 815 1620 operationem
842 1535 1021 1602 deatorie
1042 1534 1145 1599 nostri
1167 1531 1232 1596 dei-

110 1631 190 1694 eatis
207 1632 335 1716 pariter
357 1642 388 1694 et
410 1632 635 1711 huescaitotis,
659 1635 955 1712 anathematisavit,
977 1633 1014 1696 id
1037 1640 1083 1696 eet
1108 1627 1231 1716 Cyrum,

111 1725 274 1812 Serpium,
306 1729 485 1814 Pyrrhum,
499 1731 652 1818 'Putrem
678 1732 864 1797 Henetiam.
887 1767 931 1780 ——-
955 1728 1021 1797 sed
1043 1728 1124 1793 dum
1147 1725 1230 1792 Con·

110 1823 226 1890 cilium
259 1825 458 1910 synodicam
493 1827 584 1918 illam
617 1829 789 1915 epistolam
819 1828 997 1916 approbat,
1028 1849 1066 1891 eo
1095 1822 1231 1911 quidem

109 1924 300 1986 sentinetur
322 1926 548 1990 testimouium
563 1924 765 1992 orthodoxae
778 1927 849 2011 ejus
871 1926 950 1992 fidei
972 1923 1083 2012 quoad
1105 1921 1230 1987 cultum

109 2021 306 2104 imaginum,
322 2031 354 2086 et
370 2023 480 2107 quoad
494 2026 691 2089 consensum
706 2046 782 2089 curn
797 2024 948 2090 doctrina
960 2021 1230 2109 praecedentium

112 2114 337 2202 Synodorum.
382 2119 580 2186 Nullatenus
600 2143 678 2186 vero
694 2121 880 2188 Concilium
898 2121 957 2188 tali
971 2122 1005 2186 in
1019 2141 1055 2184 re
1064 2117 1231 2205 judicium

105 2216 246 2294 emittit,
271 2216 458 2282 Honorium
480 2219 587 2305 ipsam
610 2219 795 2286 doctrinam
818 2219 1114 2286 Monotheleterum
1141 2224 1232 2280 tenu-

109 2315 186 2380 isse.
232 2313 344 2380 Etiam
374 2314 477 2382 verba
508 2315 673 2383 Theodori
706 2318 868 2384 sumenda
894 2327 971 2384 sunt
993 2325 1031 2381 ut
1052 2333 1232 2380 consensus

108 2412 144 2476 in
170 2411 416 2478 damnationem
426 2413 704 2482 Monotheletismi
719 2427 752 2482 et
774 2438 888 2482 eorum
911 2417 968 2504 qui
991 2416 1054 2480 ista
1076 2415 1112 2479 in
1135 2431 1232 2497 quae

110 2510 218 2574 stione
241 2511 288 2574 rei
312 2510 456 2576 fuerunt.
502 2512 592 2578 Dum
623 2535 701 2578 vero
724 2513 1023 2580 Monotbeleterum
1044 2510 1230 2576 doctrinam

110 2609 230 2694 paucis
254 2629 515 2674 commemorans
545 2612 630 2676 inter
662 2611 836 2678 damnatos
858 2612 1045 2678 Honorium
1074 2615 1232 2690 recenset,

109 2725 282 2792 quousque
306 2707 376 2791 ipse
389 2727 465 2772 rens
477 2708 591 2792 fuerit,
607 2720 695 2774 certe
714 2709 822 2775 noluit
834 2711 981 2796 praecise
1005 2706 1234 2774 determinare.
1318 2769 1322 2777 ,

202 2801 255 2869 86.
278 2803 471 2870 Universim
508 2815 619 2870 autem
655 2817 762 2894 potest
798 2808 949 2890 adverti,
985 2805 1233 2872 damnationem

117 2899 264 2986 aliquam
297 2901 445 2968 virorum
477 2904 513 2969 in
537 2902 695 2970 conciliis
721 2905 999 2992 subsequentibus
1025 2911 1155 2970 tantum
1179 2923 1233 2966 va·

111 2997 200 3081 lere,
224 3007 386 3084 quantum
403 3001 551 3086 juridice
573 3001 663 3068 valet
687 3003 929 3084 condemnatio,
953 3025 974 3066 a
990 3002 1138 3068 Romano
1151 3001 1230 3068 Pon·

108 3095 203 3160 titios
236 3096 445 3181 confirmata,
471 3101 505 3166 in
529 3123 568 3164 ea
592 3100 726 3186 Synodo
757 3101 864 3182 facta,
898 3101 933 3166 in
963 3121 1029 3186 qua
1062 3118 1162 3164 causa
1192 3119 1235 3162 ex

109 3193 257 3279 professo
281 3202 421 3260 tractata
445 3207 477 3260 et
501 3197 651 3264 discussa
675 3209 732 3265 est.
766 3199 826 3264 Vis
849 3197 1122 3284 subsequentium
1144 3195 1234 3260 dam·

109 3292 288 3356 nationum
313 3293 478 3378 exigenda
507 3305 556 3362 est
586 3297 629 3362 ad
652 3295 799 3362 valorem
823 3295 1106 3362 condemnationis
1128 3293 1237 3358 sactae

108 3409 170 3474 per
194 3387 405 3474 Concilium,
430 3394 466 3458 in
490 3415 554 3483 quo
588 3415 729 3460 examen
762 3405 794 3460 et
820 3394 987 3481 judicium
1011 3394 1100 3458 circa
1123 3413 1238 3458 eorum

108 3555 217 3612 nonum
244 3555 360 3622 Romae,
379 3569 435 3610 nna
453 3552 592 3622 oumCyro
604 3553 792 3620 Menandrico,
811 3568 914 3610 necnon
932 3557 961 3608 et
977 3550 1126 3608 biccarium
1143 3549 1239 3606 Antio·

109 3635 205 3701 chiae,
230 3636 278 3704 qui
297 3636 385 3691 malae
394 3633 528 3704 opinionis
537 3633 707 3702 Apollinari,
725 3633 920 3704 etlintychetis
938 3631 1077 3696 etsereri
1095 3629 1238 3700 impiorum

108 3714 358 3772 haeresiarcharum
384 3716 513 3784 dogmas
538 3719 692 3780 sectantes,
719 3714 779 3769 sine
797 3713 952 3784 operatione
970 3727 1002 3766 ac
1018 3711 1078 3766 sine
1094 3711 1238 3768 voluntate

108 3795 258 3851 sumntum
276 3795 367 3850 anlms
384 3793 514 3850 rationali
532 3799 562 3849 st
587 3794 768 3850 intellectuali
797 3793 848 3850 Dei
879 3805 996 3857 cainan,
1014 3792 1136 3848 sensibus
1154 3791 1236 3846 laesis

108 3875 140 3931 et
163 3873 262 3930 rosera
279 3875 338 3930 sine
355 3875 463 3932 ndens
485 3875 745 3943 medicarer-mv
775 3903 808 3918 -
826 3874 902 3930 Haec
918 3871 1003 3929 verba
1017 3871 1149 3928 sumenda
1164 3876 1236 3938 sunt,

109 3960 244 4024 qnatenus
271 3955 405 4025 globatim
430 3960 459 4010 et
485 3955 517 4008 s'a
544 3953 660 4010 midam
677 3955 815 4010 Honorius
840 3969 903 4010 cnm
918 3950 1030 4018 reliquis
1047 3950 1237 4006 nonouuetis

111 4035 141 4090 in
162 4035 281 4091 Concilio
299 4035 340 4090 VI
357 4035 501 4090 damnatus
520 4039 575 4101 est,
595 4039 624 4090 et
640 4034 708 4090 haec
724 4033 911 4090 condemnatio
928 4031 1074 4101 accipitnr;
1091 4046 1147 4088 non
1164 4045 1236 4093 vero,

109 4122 247 4183 qnatenus
275 4115 391 4170 Heroni
418 4115 558 4172 doctrinm
582 4121 610 4170 st
628 4116 731 4184 gradus
758 4114 866 4171 scitatis
884 4113 969 4182 ipsius
986 4111 1238 4168 nhcsusternine

109 4201 212 4251 ruitur.
