2790 4812
401 477 520 534 Schisma
540 477 748 534 maturarum.
1109 483 1161 536 393

54 625 212 704 baberent,
229 620 411 687 Caeciliani
435 620 627 686 electionem
652 622 804 688 vitiosam
828 646 898 688 esse
919 624 1159 707 confinxerunt,

52 731 237 803 asserentes,
253 720 400 786 Felicem
415 719 692 805 Aptungitauum,
717 719 788 805 ejus
811 721 1043 804 ordinatorem,
1058 723 1160 788 fuisse

52 821 198 884 librorum
222 839 391 884 sacrorum
406 817 468 882 sub
483 815 684 884 Diocletiani
700 820 928 904 persecutione
952 820 1159 902 traditorem
1240 850 1245 860 ·

52 916 136 982 simul
160 917 327 1002 urgebant
349 917 593 980 accusationem
623 916 657 982 in
682 915 908 982 Caecilianum
932 918 1043 984 latam.
1091 921 1160 984 Has

51 1015 85 1078 cb
105 1037 223 1080 causas
245 1037 276 1080 a.
300 1015 366 1078 312
390 1015 598 1100 septuaginta
628 1015 785 1100 episcopi,
810 1017 867 1101 qui
890 1016 1077 1092 traditionis
1101 1019 1159 1082 cri·

52 1115 127 1178 minc
150 1115 216 1200 ipsi
240 1112 357 1199 polluti
390 1121 423 1177 et
445 1110 595 1178 Lucillae
626 1122 763 1198 argento
788 1116 932 1199 corrupti
956 1125 1058 1197 erant,
1084 1115 1160 1180 Oar-

51 1213 173 1296 thagiue
206 1213 243 1276 in
276 1210 416 1276 aedibus
448 1210 587 1296 privatis
616 1209 873 1276 conciliabulum
895 1210 1052 1294 habuere,
1077 1213 1160 1276 ordi-

51 1311 208 1374 nationem
219 1307 403 1374 Caeciliani
427 1309 555 1373 irritam
579 1307 799 1390 declararunt,
824 1319 857 1372 et
880 1309 1076 1398 Major-inum
1099 1310 1160 1376 cle-

51 1411 154 1490 ricum,
178 1406 331 1472 Lucillae
355 1407 584 1486 domesticum,
609 1407 643 1472 in
658 1405 770 1472 sedem
795 1405 1089 1490 Carthaginensem
1114 1409 1160 1472 in-

51 1513 217 1570 truserunt
275 1505 348 1570 Hoc
380 1513 476 1590 pacto
510 1502 649 1568 ecclesia
681 1502 841 1568 Africana
873 1503 1027 1569 bifariam
1059 1506 1160 1570 scissa

52 1605 112 1684 init,
134 1605 181 1667 ita
206 1602 343 1690 quidem
368 1611 404 1666 ut
427 1601 482 1666 alii
508 1600 698 1684 Caeciliani,
723 1600 780 1666 alii
803 1601 959 1687 Majorini
983 1611 1091 1687 partes
1114 1625 1160 1666 se·

51 1713 228 1785 querentur.
284 1701 487 1785 Praecipuus
525 1699 624 1785 hujus
666 1697 854 1763 schismatis
892 1709 1058 1783 promotor
1097 1700 1161 1764 fuit

52 1799 185 1864 Donum
208 1823 232 1864 α
250 1795 342 1862 Caris
357 1799 470 1884 Nipris
483 1797 667 1882 episcopus,
683 1797 834 1862 diversus
857 1806 968 1862 tamen
991 1797 1034 1862 ab
1058 1797 1159 1862 altero

54 1895 166 1961 Donato
205 1895 362 1982 Majorini
397 1897 431 1959 in
463 1895 655 1981 episcopatu
689 1917 886 1977 successore,
920 1918 1027 1982 aquo
1052 1903 1159 1960 sectae

53 2015 156 2059 nomen
181 1992 408 2058 derivandum
433 1991 576 2058 videtur.
660 2003 663 2010 '

126 2193 179 2256 51.
204 2189 294 2254 Cum
318 2188 554 2254 Constantinus
577 2189 661 2279 Imp.
684 2188 873 2254 Caeciliano
898 2190 1034 2271 faveret,
1059 2187 1159 2254 schis-

55 2291 149 2352 matici
184 2311 248 2374 per
270 2286 450 2352 Aculinum
484 2285 619 2352 Africae
652 2287 881 2372 proconsulem
913 2286 1062 2352 libellum
1086 2309 1159 2374 sup·

55 2385 157 2470 plicam
185 2386 232 2451 ad
255 2387 491 2471 Imperatorem
515 2386 692 2466 miserunt,
725 2395 883 2471 petentes,
908 2394 945 2450 ut
962 2385 1094 2473 judices
1117 2409 1160 2450 ex

55 2480 148 2549 Gallia
170 2507 191 2550 a
214 2485 361 2570 partium
385 2482 494 2548 studio
517 2481 641 2550 alienos
670 2483 750 2568 ipsis
774 2482 875 2548 daret.
923 2482 1160 2549 Constantinus

56 2584 217 2668 rescripsit,
245 2591 281 2646 ut
304 2581 418 2646 decem
443 2581 589 2666 episcopi
606 2603 648 2646 ox
666 2589 759 2666 parte
784 2579 965 2645 Caeciliani
989 2591 1021 2644 et
1044 2581 1158 2647 decem

56 2701 89 2742 ex
117 2679 218 2744 altera
252 2689 345 2766 parte
377 2678 518 2742 Romam
550 2679 711 2760 venirent,
745 2678 866 2764 quibus
888 2679 1072 2764 Imperator
1093 2689 1159 2743 tres

55 2779 210 2864 episcopos
235 2800 279 2841 ex
302 2775 413 2841 Gallia
444 2775 609 2861 adjunxit,
640 2775 797 2840 videlicet
818 2777 1006 2842 Maternum
1031 2775 1159 2842 Coloni·

56 2897 161 2956 ensem,
186 2877 353 2941 Reticium
378 2873 713 2959 Augustodanensem
746 2883 779 2938 et
803 2875 967 2939 Marinum
992 2874 1159 2940 Arelaten-

55 2993 121 3052 sem,
141 2985 247 3060 nque
270 2972 395 3038 ibidem
429 2994 538 3038 coram
572 2972 720 3038 Romano
744 2972 908 3058 Episcopo
942 2973 988 3036 rei
1017 2993 1158 3036 examen

57 3068 143 3136 lieret
189 3073 291 3137 Anno
315 3073 418 3156 igitur
440 3072 505 3135 313
529 3071 563 3136 in
588 3069 715 3156 δφιοᾶο
739 3072 887 3135 Romano
910 3069 1060 3134 hortante
1075 3067 1156 3136 Con·

56 3171 184 3234 mutino
198 3169 378 3252 celebrata,
401 3168 560 3255 adquam
575 3177 705 3254 praeter
722 3167 927 3254 supradictos
951 3169 1050 3232 etiam
1065 3169 1158 3253 quin·

57 3261 148 3331 decim
171 3267 320 3354 episcopi
354 3267 470 3332 ltaliae
502 3276 766 3354 comparuemmt,
799 3265 950 3351 praeside
973 3263 1158 3330 Melchiade

58 3361 214 3448 Pontifice,
239 3367 393 3431 Donatus
416 3387 434 3428 a
460 3364 553 3429 Canis
580 3363 692 3450 Nigris
723 3363 916 3441 damnatus,
950 3361 1158 3428 Caecilianus

60 3480 122 3524 vero
143 3487 205 3528 ceu
228 3465 387 3528 innocens
420 3461 588 3528 absolutus
620 3463 692 3527 fuit.
740 3462 849 3542 Quam
881 3461 999 3545 synodi
1032 3471 1157 3527 senten·

57 3557 121 3621 tiam
145 3561 268 3626 Donati
293 3569 468 3625 sectatores
501 3560 734 3642 detrectarunt,
759 3569 792 3622 et
823 3558 864 3622 de
886 3560 1053 3646 paucitate
1077 3560 1159 3644 epis-

58 3675 208 3742 coporum,
233 3658 275 3722 de
299 3679 399 3723 causa
428 3656 649 3742 negligentius
679 3659 878 3738 examinata,
903 3656 944 3721 de
968 3657 1088 3722 omissa
1111 3657 1158 3720 in·

58 3755 216 3836 quisitione
240 3757 276 3820 in
300 3755 456 3822 delictum
482 3754 603 3820 Felicis
629 3753 850 3841 Aptungitani
878 3755 1047 3841 conquesti
1071 3763 1157 3830 sunt,

59 3847 139 3916 Tunc
159 3853 349 3940 Imperator
370 3877 400 3919 a.
431 3854 497 3918 314
521 3853 651 3918 Arelate
684 3874 805 3917 novam
828 3851 1001 3936 synodum
1026 3851 1157 3938 indixit,

60 3948 103 4010 eui
121 3949 340 4016 interfuerunt
361 3951 461 4037 legati
485 3951 626 4016 Romani
649 3950 830 4032 Pontificis,
861 3959 894 4014 et
917 3949 1051 4016 ducenti
1075 3951 1157 4036 epis-

61 4047 119 4129 copi
140 4069 181 4112 ax
202 4047 312 4130 Italia,
327 4047 437 4114 Gallia
459 4058 492 4113 et
511 4049 684 4135 Hispania,
709 4049 743 4112 in
768 4071 834 4135 qua
847 4047 975 4134 Synodi
988 4047 1158 4114 Romanas

61 4148 204 4210 sententia
226 4147 422 4212 confirmata
445 4147 517 4212 fuit.
564 4146 690 4212 Verum
722 4168 784 4210 uec
808 4145 886 4211 huic
909 4144 1068 4210 decisioni
1092 4145 1157 4210 Do-

63 4241 181 4306 cusae
203 4245 453 4331 acquieverunt
499 4245 595 4316 Tunc
619 4265 673 4310 eos
697 4265 726 4313 a.
751 4245 816 4314 316
841 4243 1077 4312 Constantinus
1090 4243 1156 4312 Me·
