2836 4804
95 1383 170 1435 vigilii

76 1440 197 1484 ersstn.

215 439 267 492 342
624 429 664 484 De
682 427 771 484 tribus
789 429 930 498 Capitulis.

216 591 368 646 oretenus
381 575 569 663 promisisse
587 572 806 638 desideratam
827 572 1074 639 damnationem
1081 573 1116 660 ¹),
1133 585 1234 662 etque
1251 599 1344 642 anno

216 679 280 742 548
311 675 474 761 synodum
506 670 624 735 habuit
654 671 864 755 septuaginta
897 671 1136 757 episcoporum,
1167 683 1205 737 ut
1237 695 1345 738 causa

218 776 272 841 illa
296 774 522 839 discuteretur.
570 767 655 833 Cum
678 789 756 832 vero
790 770 935 854 episcopi
960 768 1007 834 illi
1032 772 1169 836 minime
1194 773 1284 836 inter
1308 795 1345 836 se

218 873 458 952 convenissent,
489 877 588 953 atque
621 865 734 952 aliqui,
765 868 960 952 praesertim
984 868 1164 933 Facundus
1188 869 1346 935 Hermia-

218 972 328 1036 ncnsis
343 978 376 1034 et
389 968 515 1032 Dacius
530 962 797 1045 Mediolanensis‚
818 962 1049 1030 vehementius
1069 965 1278 1032 damnationi
1295 989 1347 1032 re·

218 1071 377 1148 sisterent,
395 1063 538 1150 Vigilius
561 1060 739 1126 concilium
763 1062 898 1144 dimisit,
923 1071 955 1126 et
974 1065 1138 1150 episcopis
1154 1065 1346 1147 mandavit,

218 1175 256 1229 ut
278 1162 399 1250 singuli
430 1170 506 1226 vota
536 1183 595 1224 sua
619 1159 750 1244 scriptis
782 1163 932 1245 exposita
959 1162 1003 1227 ad
1026 1183 1061 1225 se
1085 1161 1263 1245 deferrent,
1289 1163 1348 1227 de·

219 1263 484 1328 terminationem
508 1260 554 1323 rei
579 1256 642 1322 sibi
667 1279 849 1322 reservans.

307 1362 360 1426 44.
384 1359 462 1423 Post
485 1356 567 1420 haec
590 1354 733 1439 Vigilius
766 1355 820 1420 dic
853 1355 892 1418 ll
919 1354 1045 1440 Aprilis
1074 1355 1206 1420 celebre
1230 1356 1347 1422 decre-

218 1472 291 1524 tum
315 1457 406 1522 dedit
429 1455 472 1520 ad
495 1455 662 1534 Mennam,
697 1452 786 1538 quod
818 1451 977 1538 appellari
1001 1453 1083 1518 solet
1105 1452 1221 1538 Vigilii
1245 1455 1350 1520 Μ-

221 1569 338 1634 cotum,
375 1575 478 1640 eoque
511 1574 553 1616 ex
586 1573 652 1614 una
684 1559 777 1636 parte
810 1553 873 1614 tria
897 1548 1052 1636 Capitula
1084 1549 1278 1634 damnavit,
1305 1575 1349 1616 ex

220 1656 322 1720 altera
354 1663 446 1739 parte
470 1649 549 1714 talia
572 1650 720 1729 inseruit,
753 1647 873 1733 quibus
897 1659 1039 1730 caveret,
1064 1669 1105 1712 nc
1129 1649 1280 1733 synodis,
1308 1673 1349 1714 ac

222 1753 397 1840 praecipue
422 1747 693 1828 Chalcedonensi,
711 1767 753 1808 cx
770 1746 982 1811 damnatione
1002 1747 1246 1831 praejudicium
1272 1748 1347 1812 fieri

222 1861 341 1938 posset.
386 1848 427 1912 ld
450 1846 585 1932 quidem
609 1865 675 1908 non
701 1843 834 1907 videtur
848 1843 973 1908 factum
997 1842 1109 1924 fuisse,
1134 1845 1181 1907 uti
1207 1846 1242 1909 in
1267 1868 1348 1909 auc·

221 1949 347 2014 toribus
370 1947 491 2033 passim
515 1943 645 2024 dicitur,
670 1943 817 2027 praecise
840 1963 879 2006 aa
902 1939 1065 2004 clausula:
1098 1939 1198 2006 Βαίυα
1221 1945 1257 2006 iu
1283 1965 1348 2008 om-

222 2049 312 2112 uibus
334 2044 508 2110 reuerentia
531 2039 654 2127 Synodt‘
680 2037 956 2118 Chalcedonensis,
981 2038 1039 2104 sed
1062 2039 1114 2104 his
1137 2039 1249 2104 verbis
1274 2064 1348 2107 sen-

223 2169 278 2210 sus
302 2141 507 2208 cautelarum
533 2141 730 2204 insertarum
754 2136 939 2202 exhibetur.
970 2135 1159 2202 Jadicatam
1182 2137 1266 2202 illud
1293 2139 1349 2203 de-

223 2243 388 2329 perditum
413 2249 479 2320 est;
512 2238 727 2302 inveniuntur
756 2245 868 2299 tamen
899 2233 1010 2320 aliqua
1032 2235 1219 2318 fragmenta
1244 2239 1349 2300 citata

225 2343 258 2404 in
282 2337 419 2425 epistola
433 2336 619 2402 lustiniani
643 2333 686 2400 ad
702 2332 875 2416 Synodum
899 2333 930 2396 V
954 2332 1044 2396 etin
1068 2334 1242 2418 posteriori
1270 2333 1351 2400 (hs-

225 2439 334 2502 atituto
359 2435 485 2519 Vigilii.
532 2433 586 2496 Ex
609 2429 749 2517 epistola
772 2430 983 2516 Imperatoris
1012 2428 1186 2513 colligitur,
1211 2431 1347 2496 damna·

225 2537 349 2598 tionem
373 2533 424 2596 his
447 2531 559 2596 verbis
582 2530 682 2594 fuisse
707 2536 919 2613 conceptam:
943 2528 986 2590 Et
1000 2529 1147 2614 quoniam
1161 2551 1243 2614 pisae
1258 2529 1351 2594 uobis

226 2635 263 2696 de
286 2633 409 2697 nomiae
429 2629 587 2694 Theodori
600 2627 816 2713 Mopsuesteai
838 2627 959 2712 scripta
977 2637 1128 2711 por-ructu
1150 2639 1235 2706 aaut,
1250 2625 1352 2691 mutu

226 2731 388 2796 contraria
411 2739 512 2792 rectae
533 2725 609 2806 fidei
630 2724 826 2808 releguntur,
849 2745 907 2788 uos
929 2725 1049 2788 mentita
1072 2723 1167 2788 Pasti
1190 2735 1353 2810 sequentes

227 2829 364 2916 apostoli
386 2827 537 2892 dicentis:
566 2823 682 2888 Omnia
699 2822 844 2908 probate,
860 2821 943 2907 quod
964 2822 1076 2885 bocum
1097 2823 1240 2900 retinete,
1266 2822 1350 2884 ideo·

227 2951 283 3014 que
308 2926 607 2990 anatherrtatizumus
632 2920 835 2998 Tlteodorum,
867 2920 921 3005 qui
935 2918 1008 3004 fuit
1030 2919 1246 3004 Mopstscsts'ae
1271 2921 1350 3005 epis·

228 3049 332 3112 oopus,
358 3047 425 3088 cum
448 3021 667 3086 omnibuasuis
681 3019 787 3103 impiis
803 3018 931 3102 scriptis
953 3028 983 3082 et
1006 3018 1060 3102 qui
1083 3016 1249 3080 vindicarat
1272 3039 1349 3080 eum.

229 3123 536 3186 elnotlemutt'zomus
559 3129 589 3182 at
611 3118 742 3202 impiam
764 3115 940 3201 epistolam,
963 3136 1042 3200 quae
1066 3114 1109 3177 cd
1133 3115 1254 3178 ⁴licerius
1278 3114 1349 3176 Pcr-

229 3243 296 3284 sum
320 3221 439 3305 scripta
462 3239 527 3282 csse
552 3216 591 3278 al)
615 3213 673 3278 lta
696 3214 822 3290 dicitur,
857 3223 1007 3298 tauquam
1030 3211 1225 3276 contrarium
1249 3222 1348 3274 rectae

226 3319 302 3398 fidei
325 3318 526 3392 clu-istiusce,
551 3323 580 3376 et
604 3334 706 3376 omues
723 3313 778 3397 pai
791 3333 859 3374 cam
876 3309 1050 3387 vindicarit,
1074 3308 1122 3372 ccl
1144 3319 1263 3372 rectam
1283 3329 1348 3370 esso

230 3416 347 3480 (liccat.
394 3413 704 3478 Anathemutizumus
727 3420 757 3474 et
780 3410 899 3494 scripta
917 3407 1113 3486 Theodorou,
1136 3431 1217 3492 puae
1239 3417 1348 3469 couno
1416 3413 1417 3424 ¹

230 3524 346 3577 rectum
376 3511 472 3596 fidem
505 3521 534 3574 et
572 3509 734 3572 duodecim
771 3508 873 3570 suncti
906 3503 1020 3593 Cyrilla‘
1056 3503 1200 3591 capitula
1231 3505 1348 3588 scriptu

232 3622 311 3677 sunt.
348 3649 391 3658 -—
430 3609 485 3674 Ex
516 3607 692 3673 Constituto
725 3615 835 3670 autem
864 3603 980 3688 Vigilii
1013 3601 1176 3684 videmus,
1210 3603 1244 3665 in
1277 3601 1347 3684 ejus

231 3711 385 3774 ,Iudicate
423 3706 612 3793 hujusmodi
646 3705 746 3769 fuisse
776 3701 1033 3767 declarationes:
1081 3698 1187 3764 Sulcis
1210 3695 1347 3762 omnibus

233 3819 324 3894 artpre
349 3809 382 3870 in
405 3829 464 3870 suu
482 3814 641 3891 perpetua
658 3803 808 3887 firrnitote
822 3799 1021 3876 durantibus,
1044 3819 1124 3884 puae
1145 3797 1182 3860 in
1196 3797 1346 3868 Nicaeae,

236 3907 372 3988 CPtauo,
388 3906 545 3991 Ephesiae
563 3903 671 3989 primo
695 3911 786 3986 atque
806 3895 1050 3964 Chalcedoacurt‘
1071 3893 1257 3960 venerandis
1278 3913 1346 3954 ccu-

232 4059 445 4069 ———....-..-

233 4217 250 4284 g
276 4137 330 4268 25¹3
349 4135 403 4190 tir.
422 4132 637 4202 Hergenrtlther‚
665 4131 779 4184 Plotius
798 4129 829 4182 Β.
850 4128 871 4186 l.
890 4133 916 4184 S.
937 4129 1002 4193 1673
1031 4124 1135 4186 Helela,
1164 4121 1193 4176 G
1211 4121 1241 4176 G.
1258 4119 1285 4173 Β.
1306 4117 1344 4170 Π.
