2874 4812
251 496 304 550 aee
449 458 454 474 '
688 485 730 548 es
746 493 772 550 s.
792 487 935 562 cypriae

250 635 409 703 Ecclesiae
432 637 602 702 cattelieee
624 638 764 702 redicem
778 649 808 702 et
822 641 983 704 matricem
1001 652 1203 727 cassescerent
1225 668 1269 708 ac
1297 653 1383 710 tane·

249 747 328 800 rent.
376 733 441 800 Sed
462 736 611 822 qnoniam
643 735 742 799 latine
756 735 840 822 fiae
871 746 918 800 cst
944 749 1054 801 metra
1074 741 1259 824 provincia,
1286 742 1383 806 habet

250 835 332 897 enim
369 831 556 898 Numidiam
592 843 622 897 et
658 833 892 898 Mauritaniam
923 833 986 898 silei
1019 837 1232 918 cohonestet,
1269 863 1313 902 ne
1348 843 1383 903 in

255 931 333 996 Urbe
357 932 488 996 celeiema
502 931 629 1017 scateam
652 929 826 1006 absentiam
848 933 970 996 enietos
992 933 1114 998 incerta
1136 937 1294 1020 opinione
1310 961 1381 1001 con-

242 1027 411 1114 fimderet,
435 1028 571 1114 placuit,
598 1038 634 1091 nt
656 1051 719 1114 per
747 1027 918 1115 episcopos,
933 1039 1056 1094 retenta
1072 1055 1093 1095 a
1107 1031 1199 1096 notis
1222 1035 1277 1096 rei
1299 1037 1379 1098 oeri-

252 1137 315 1190 tatc
345 1136 375 1189 et
402 1125 446 1188 ad
468 1124 731 1211 comprobandam
753 1126 985 1191 ordinatiortem
1013 1139 1098 1192 neam
1112 1129 1213 1215 sacta
1236 1133 1378 1195 atteteri-

252 1233 315 1286 tate
338 1227 466 1312 meyero,
492 1233 564 1286 tnnc
586 1221 708 1286 demum
737 1223 881 1308 teupulo
910 1227 994 1288 ornrti
1023 1226 1061 1289 de
1085 1228 1287 1314 simpulonsm
1305 1253 1379 1316 pec·

252 1319 372 1384 teribus
387 1341 527 1398 accesso,
544 1343 607 1404 per
630 1341 734 1384 omncs
757 1323 882 1385 omnino
914 1323 950 1384 in
968 1325 1137 1408 provincie
1158 1327 1226 1390 ista
1246 1327 1378 1412 positos

251 1417 375 1482 litterae
388 1417 515 1501 flerent,
540 1417 633 1481 nauti
645 1416 748 1500 flent,
771 1429 807 1481 ut
837 1428 865 1481 te
893 1421 1034 1483 universi
1056 1421 1191 1508 colmpae
1215 1426 1328 1487 nestri
1350 1433 1379 1485 et

251 1515 557 1578 communicationem
588 1525 689 1593 atam,
713 1514 818 1578 idest
840 1513 999 1580 Maiae
1022 1517 1193 1582 catltolicee
1217 1522 1376 1584 unitatem

245 1613 373 1697 pariter
402 1622 432 1675 et
461 1613 625 1676 caritatem
648 1611 825 1697 probarent
837 1612 976 1696 finnimr
1002 1623 1032 1677 et
1056 1625 1204 1679 mament
1255 1615 1376 1679 Neces

251 1711 374 1774 sarium
396 1708 553 1773 videlicet
576 1710 704 1772 censuit
728 1707 925 1794 Cyprianus,
955 1719 993 1773 ut
1015 1731 1127 1774 omnes
1150 1711 1375 1778 adhaererent

251 1806 409 1872 ccclesiae
440 1806 628 1886 Romanae,
653 1807 790 1870 unitatis
823 1809 952 1872 matrici
989 1817 1022 1871 ct
1056 1807 1179 1890 radici,
1219 1809 1375 1894 adeoque

251 1915 306 1988 nt,
339 1905 537 1990 simulatque
569 1903 740 1968 constabat
771 1903 813 1968 de
844 1903 993 1988 legitima
1029 1907 1267 1972 constitutione
1299 1905 1373 1970 Cer-

252 2002 330 2066 nelii
353 2001 541 2083 Pontificis,
566 2003 669 2087 ipsius
704 2010 854 2067 tenerent
891 2003 1228 2068 communicationem
1254 2013 1290 2067 et
1313 2001 1373 2066 hec

188 2102 189 2105 ’
251 2101 321 2185 ipse
355 2099 534 2164 catholicae
566 2098 735 2163 Ecclesiae
758 2099 929 2164 unitatem.
975 2099 1104 2166 Similia
1135 2099 1309 2166 habentur
1340 2101 1370 2164 in

251 2187 473 2284 epistolasbb)
488 2196 531 2260 ad
545 2193 789 2278 Antonianum3
813 2205 912 2282 atque
936 2219 978 2260 ex
1001 2197 1147 2282 epistolis
1161 2221 1182 2262 a
1197 2196 1370 2286 Cypriane

252 2303 284 2358 et
306 2293 499 2358 Firmiliano
524 2295 653 2380 scriptis
668 2295 703 2358 in
722 2296 946 2360 controversia
960 2295 1001 2359 de
1024 2295 1276 2380 rebaptizandis
1301 2295 1368 2358 hae

251 2393 361 2456 seticis
383 2393 507 2477 pariter
529 2391 702 2476 colligitur,
721 2393 900 2478 primatum
916 2391 1012 2457 Sedis
1027 2392 1195 2457 Romanae
1219 2393 1268 2458 ab
1293 2392 1368 2477 ipsis

250 2491 399 2573 agnitum
421 2490 532 2555 fuisse.

338 2589 392 2655 45.
417 2589 463 2654 Ut
485 2596 613 2653 textum
646 2589 783 2652 citatum
813 2589 963 2674 superius
992 2609 1035 2650 ex
1057 2585 1140 2652 libro
1165 2587 1214 2650 De
1245 2591 1365 2652 antean

117 2701 129 2731 ⁰
250 2687 409 2754 &elenae
429 2695 541 2751 contra
563 2685 804 2750 haereticorum
824 2684 1050 2750 cavillationes
1063 2683 1207 2770 perfidas
1230 2683 1365 2749 ulterim

251 2786 469 2867 vindicemus,
501 2782 834 2850 animadvertendum
865 2792 922 2865 est,
953 2780 1057 2846 verba
1078 2780 1153 2846 illa:
1183 2781 1256 2845 Hac
1280 2789 1365 2846 erem
1420 2831 1421 2853 ,

249 2887 355 2973 enque
385 2894 415 2948 et
444 2882 560 2946 caeteri
588 2881 736 2967 Apostoli
764 2880 848 2967 qnod
868 2881 940 2967 finit
969 2880 1089 2959 Petrae,
1107 2880 1188 2965 peri
1209 2880 1364 2944 consortio
1420 2883 1421 2954 l

245 2983 391 3070 praediti
420 2980 546 3044 meone
576 2989 607 3044 et
631 2980 812 3064 potestatis,
845 2975 1031 3042 nullatenus
1053 2977 1210 3062 primatui
1233 2975 1364 3064 epponi.

252 3081 438 3167 Cyprianus
460 3077 513 3142 his
535 3099 745 3163 nequaquam
769 3076 874 3157 docet,
899 3073 1069 3140 Christum
1092 3075 1254 3138 unitatem
1280 3074 1362 3139 illam
1420 3083 1421 3116 ¹

251 3180 345 3244 initio
369 3178 580 3242 constitutam
605 3174 682 3238 dein
706 3172 881 3259 ampliasse
914 3174 950 3237 in
972 3169 1251 3257 multiplicitatem
1277 3193 1362 3257 supe·
1420 3163 1421 3168 ’

250 3277 374 3341 riorum
397 3272 545 3361 aequalis
568 3273 781 3336 auctoritatis.
811 3269 878 3336 Sed
901 3269 991 3334 hisee
1014 3279 1110 3355 urget
1132 3271 1272 3334 unitatis
1297 3290 1361 3333 cen-
1420 3263 1421 3344 l

251 3377 384 3439 stitutae
415 3373 540 3437 factum
574 3371 793 3434 certissimum
830 3377 863 3431 et
894 3368 1141 3450 necessitatem,
1175 3369 1229 3429 cni
1264 3366 1361 3431 veluit

250 3471 415 3536 Dominus
437 3468 623 3556 previdere,
647 3466 800 3553 quamvis
824 3485 937 3528 omnes
955 3463 1106 3550 Apostoli
1130 3463 1173 3528 ab
1196 3465 1269 3549 ipse
1295 3483 1361 3548 ape·
1420 3457 1421 3478 ³

252 3569 404 3635 stolatum
435 3587 530 3632 suum
563 3574 595 3628 et
627 3565 816 3629 missionem
848 3561 1019 3626 haberent.
1064 3561 1138 3626 Hoc
1161 3559 1232 3626 loce
1256 3571 1361 3626 autem
1420 3585 1421 3602 ³

245 3669 390 3755 praecise
420 3666 459 3730 de
488 3663 651 3750 Apostolia
674 3663 792 3746 agitur,
823 3681 930 3747 neque
960 3681 1046 3745 quae
1068 3659 1112 3724 ad
1134 3657 1194 3722 hos
1217 3665 1360 3743 spectant

252 3767 322 3829 sine
353 3763 559 3828 restrictione
590 3760 634 3824 ad
666 3760 837 3845 episcopos
871 3758 1088 3843 posteriorum
1111 3764 1300 3840 temporum
1322 3775 1360 3817 re

250 3862 328 3927 ferri
350 3867 497 3948 possunt.
521 3857 734 3944 —Respicit
759 3855 946 3942 Cyprianus
965 3851 1139 3940 Apostolos
1163 3852 1274 3938 quoad
1298 3853 1358 3915 mis·
1420 3853 1421 3924 l

251 3963 368 4026 aionem
400 3972 430 4024 et
461 3957 647 4045 dipnitatem
669 3954 885 4042 Apostolatna,
915 3961 948 4016 et
980 3951 1089 4039 quoad
1121 3951 1184 4014 ista
1207 3949 1292 4014 dicit
1314 3967 1359 4012 ces
1420 3959 1421 4036 ]

250 4058 416 4144 praeditos
446 4057 526 4142 peri
559 4055 714 4120 consortie
741 4053 867 4122 lenone
898 4061 929 4115 et
946 4049 1126 4138 potestatis.
1171 4047 1265 4112 Haec
1290 4063 1358 4110 vere

251 4176 319 4220 non
350 4155 471 4220 obsunt
501 4152 550 4217 illi
583 4152 736 4236 dignitati
760 4149 1011 4230 etauctoritati,
1041 4167 1106 4233 qna
1127 4145 1246 4210 Petrus
1267 4143 1359 4224 insig-
1420 4169 1421 4197 i

253 4253 342 4318 nitus
364 4252 437 4335 fuit,
461 4260 498 4315 nt
521 4258 606 4314 essct
631 4249 829 4334 principium
860 4245 997 4309 unitatis
1020 4253 1053 4308 et
1075 4244 1175 4307 tofina
1197 4239 1358 4306 Ecclesiae
