2936 4814
586 435 807 523 aare
1238 437 1259 509 s

133 593 245 659 άαωπι
269 618 301 657 se
319 593 485 680 praebeat,
510 595 760 681 quandoquidem
781 596 938 659 bominum
959 601 999 658 'ne
1020 597 1109 660 adda
1132 595 1255 682 quidem

132 693 270 780 cestiqs'n
279 693 418 779 reperire
431 694 600 778 posumus,
617 695 673 779 qui
690 705 763 757 aute
779 715 837 757 nos
853 693 991 756 eandm
1004 695 1088 757 eiam
1100 697 1253 759 adnatat.

225 791 258 856 8.
283 789 425 876 Scripsit
455 791 556 874 igitur
586 790 767 873 Eusebius,
801 792 855 854 cni
895 792 1011 854 merito
1045 789 1159 856 datum
1191 791 1256 856 fuit

133 911 259 953 nomen
282 889 392 953 Patris
415 887 572 952 historiae
595 888 847 970 ecclesiasticae,
872 888 975 952 decem
1003 888 1110 971 libros,
1134 889 1255 974 quibus

133 987 367 1073 complectitur
378 985 537 1050 Maus
558 985 724 1050 asenam
745 1008 851 1071 usque
874 985 917 1049 ad
940 1005 1065 1050 annum
1089 987 1164 1069 324,
1190 1009 1254 1073 quo

133 1107 224 1150 anno
248 1083 490 1148 Constantinus
514 1083 638 1147 devicit
660 1083 830 1148 Licinium
861 1083 1014 1168 solusque
1037 1085 1179 1168 imperio
1201 1105 1255 1170 po-

133 1185 216 1246 titus
240 1191 300 1247 est
347 1179 561 1246 Conveniunt
590 1201 713 1264 omnes,
745 1183 854 1267 ipsum
884 1201 955 1244 esse
979 1190 1147 1244 auctorem
1172 1185 1255 1246 veri·

135 1280 262 1362 dicum,
287 1281 344 1364 qui
363 1277 492 1365 judicic
517 1279 630 1342 critico
661 1277 886 1343 inscribenda
909 1277 1047 1342 historia
1068 1278 1153 1343 bene
1176 1302 1255 1344 usus

134 1390 196 1460 est,
222 1400 263 1441 ac
287 1377 481 1462 plerumque
495 1376 568 1462 ipsa
582 1376 781 1440 documenta
795 1376 899 1458 affert,
914 1374 1036 1461 quibus
1059 1375 1147 1440 facta
1171 1399 1255 1462 quae

135 1487 251 1540 narrat
274 1477 500 1556 continentur,
525 1493 563 1538 ea
587 1493 665 1537 vero
694 1495 779 1559 quae
801 1474 912 1536 minus
942 1481 1030 1536 certa
1057 1483 1134 1537 sunt
1156 1476 1255 1538 etiam

135 1573 240 1638 dubie
263 1573 373 1637 refert.
387 1609 433 1618 —
447 1571 609 1654 Sufficiat,
633 1573 763 1635 omissis
776 1569 912 1656 reliquis
926 1568 1066 1634 Eusebii
1090 1571 1254 1655 operibus,

134 1671 193 1735 hic
212 1673 315 1735 etiam
337 1670 455 1756 paucis
478 1689 735 1732 commemorare
750 1669 821 1754 ejus
844 1667 984 1732 libellum
1006 1667 1045 1730 de
1060 1668 1257 1755 Martyrtdus

135 1756 353 1848 Pdnsstium,
376 1767 416 1830 de
438 1768 505 1830 vita
522 1763 726 1830 Constantini
748 1767 793 1830 M.
818 1765 916 1830 libros
929 1765 987 1843 IV,
1011 1764 1147 1850 ejusque
1165 1763 1256 1830 Otro-

134 1870 232 1932 as'coa
256 1865 387 1930 duobus
410 1873 602 1928 contentum
632 1862 742 1946 libris3
779 1865 843 1928 ista
866 1861 1023 1927 videlieet
1046 1871 1123 1926 sunt
1146 1884 1255 1949 opera,

134 1985 223 2052 qnae
245 1964 371 2049 pariter
398 1983 458 2048 pru
491 1961 628 2025 historia
650 1960 821 2026 Ecclesiae
844 1969 922 2024 sunt
944 1961 1058 2043 magni
1087 1963 1256 2026 momenti.

135 2063 176 2128 ld
191 2073 304 2126 umen
328 2059 439 2146 quoad
452 2059 636 2124 Eusebium
659 2057 758 2122 valde
780 2058 962 2142 lugendum
977 2067 1035 2137 est,
1060 2077 1137 2120 eum
1161 2057 1256 2121 aulae

138 2159 325 2225 honeribus
348 2158 491 2222 nimium
514 2157 616 2220 fuisse
646 2156 827 2238 addictum,
858 2155 995 2241 ejusque
1023 2153 1124 2218 fidem
1148 2155 1257 2218 catho-

136 2259 238 2322 lioem
262 2255 353 2320 haud
377 2255 478 2320 fuisse
501 2254 599 2340 plane
628 2275 747 2340 puram
777 2263 810 2318 et
839 2255 1012 2336 integram,
1037 2252 1095 2317 sed
1119 2252 1257 2317 Ariano-

136 2375 213 2420 rnm
237 2353 405 2418 erroribus
428 2352 667 2438 aliquantisper
688 2351 865 2416 foedatam.
912 2350 1155 2434 Argumentum
1178 2371 1257 2414 sane

135 2451 356 2532 luculentum,
381 2449 483 2514 solam
508 2451 729 2534 cognitionem
752 2449 909 2513 historiae
933 2447 1167 2511 christianismi
1191 2467 1257 2511 non

136 2551 303 2630 sufficere,
325 2559 364 2611 ut
386 2547 429 2611 ab
452 2568 561 2610 errore
575 2547 672 2611 homo
693 2547 841 2611 eruditus
864 2553 1103 2630 praeservetur,
1129 2543 1186 2607 sed
1210 2565 1256 2606 re-

135 2649 225 2735 quiri
249 2647 399 2710 animum
414 2646 570 2732 antiquae
584 2643 755 2710 Ecclesiae
769 2645 938 2709 doctrinae
953 2651 986 2705 et
1007 2640 1178 2704 traditioni
1202 2641 1257 2704 ad-

137 2745 265 2810 dictum
289 2753 324 2807 et
345 2742 389 2807 ab
412 2742 603 2807 ambitionis
625 2741 715 2806 fastu
738 2761 893 2805 vacuum.
940 2738 1035 2819 Quae
1059 2740 1086 2802 si
1110 2738 1257 2802 conside-

136 2844 267 2907 ravenn
290 2839 390 2905 facile
412 2839 518 2922 vides,
543 2841 643 2904 etiam
658 2849 767 2904 nostro
782 2848 930 2924 tempore
953 2857 1020 2900 non
1044 2858 1115 2899 esse
1138 2838 1257 2900 miran-

138 2941 231 3022 dum,
255 2941 282 3003 si
297 2949 465 3003 auctorem
481 2947 514 3001 et
528 2938 719 3022 scriptorem
735 2939 769 3000 in
788 2935 964 3021 disciplina
976 2933 1134 2998 historiae
1157 2934 1257 2997 eccle-

137 3039 293 3102 siasticae
316 3035 567 3100 celeberrimum
600 3037 685 3098 tristi
720 3034 817 3118 lapsu
853 3034 896 3099 ab
928 3029 1080 3096 Ecclesia
1117 3030 1257 3094 deficere

137 3136 380 3220 conspicimne3
405 3132 529 3197 similes
551 3131 615 3196 hec
637 3134 672 3196 in
696 3153 732 3196 re
754 3133 906 3196 invenies
930 3151 1057 3194 cauus.

228 3233 261 3297 9.
285 3231 351 3298 Sed
374 3230 463 3318 quod
492 3231 697 3295 instituimus
721 3229 793 3315 jam
824 3248 1072 3314 prosequamur.
1118 3227 1198 3291 Mox
1222 3229 1256 3292 in
1334 3245 1357 3274 τ·

138 3329 292 3396 Ecclesia
315 3327 465 3393 orientali
489 3327 655 3392 Eusebius
686 3325 804 3411 dignos
835 3327 886 3390 sni
910 3325 1019 3410 operis
1042 3323 1160 3388 habuit
1183 3345 1258 3388 con·

137 3430 331 3492 tinuatores.
377 3425 516 3492 Saeculo
547 3426 578 3489 V
602 3425 769 3490 mediante
802 3421 958 3501 Scaeua
991 3423 1027 3485 in
1060 3420 1142 3485 urbe
1174 3419 1258 3485 Con-

138 3524 433 3611 stantinopolitana
456 3522 672 3588 scholasticus
695 3543 753 3586 seu
777 3520 967 3585 causidicus
991 3529 1024 3582 et
1046 3518 1165 3600 rhetor,
1191 3541 1257 3604 ssp-

139 3633 201 3686 tera
224 3621 316 3686 libris
337 3623 501 3686 &todem
515 3620 674 3685 Εωῑιείαο
702 3618 895 3704 complexus
924 3626 974 3680 est
1002 3617 1081 3681 inde
1104 3616 1146 3680 ab
1170 3636 1257 3679 anno

138 3719 217 3800 306,
241 3740 307 3804 quo
321 3738 408 3782 anno
422 3717 652 3782 Diocletianus
666 3716 848 3798 abdicavit,
863 3735 967 3799 usque
982 3714 1025 3778 ad
1040 3735 1165 3778 annum
1180 3713 1256 3778 439.

140 3817 198 3884 Sic
222 3837 305 3901 opus
328 3835 486 3900 magnum
500 3815 638 3881 Eusebii
663 3814 842 3900 complevit
864 3821 897 3875 et
919 3813 1137 3877 continuavit.
1166 3809 1257 3894 Stylo
1289 3823 1292 3828 '

139 3912 284 3998 simplici
299 3911 452 3978 Socrates
465 3912 554 3977 felici
569 3933 648 3978 usus
672 3921 721 3976 est
735 3931 905 3992 successu3
924 3909 1091 3995 judicium
1106 3910 1257 3972 criticum

140 4013 176 4076 in
191 4011 290 4075 lactis
305 3997 533 4092 discutiendis,
548 4009 741 4074 fidelitatem
760 4009 851 4072 iniis
866 4006 1050 4088 narrandis,
1065 4005 1258 4091 plerumque

141 4110 172 4172 ei
197 4107 316 4172 adesse
338 4106 460 4171 eruditi
489 4116 683 4192 agnoscunt,
714 4115 813 4191 atque
840 4128 861 4170 a
884 4105 992 4169 studio
1015 4104 1159 4188 partium
1183 4124 1259 4166 eum

141 4215 194 4270 sat
216 4205 364 4270 alienum
388 4225 459 4268 esse
482 4205 695 4268 conveniunt.
725 4203 833 4266 Nimis
846 4211 958 4266 umen
981 4201 1114 4266 videtur
1136 4201 1259 4265 favisse
