2924 4818
461 1115 823 1240 Dissertatio
868 1116 1159 1240 secunda.

319 1313 382 1396 lte
408 1313 621 1396 Romanis
647 1311 942 1395 Pontificibus
968 1311 1137 1396 saecul!
1166 1311 1307 1414 primi

678 1445 723 1526 ct
746 1441 940 1526 secundi.

730 1623 893 1634 ——n-

91 1759 182 1802 ”inat
197 1761 229 1802 ἰυ-
345 1753 370 1814 1.
396 1750 435 1816 In
447 1748 689 1814 Constitutione
700 1749 887 1833 dogmatica
896 1751 1004 1834 prima
1020 1747 1061 1811 de
1070 1742 1221 1811 Ecclesia
1233 1746 1377 1816 Christi.

125 1821 192 1864 ³⁰¹⁰*
252 1849 341 1914 edita
365 1852 400 1915 in
423 1852 566 1915 sessione
590 1848 639 1912 IV
670 1849 868 1913 sacrosancti
899 1849 1103 1911 oecumenici
1136 1845 1278 1910 Concilii
1307 1847 1377 1912 va-

251 1951 362 2031 ticani,
387 1951 450 2013 ista
474 1948 515 2014 de
539 1947 649 2013 indole
659 1949 820 2033 primatus
839 1947 877 2012 R.
892 1945 1063 2010 Pontificis
1086 1946 1244 2030 legimus:
1268 1947 1376 2010 Doce-

250 2072 318 2112 mns
335 2048 474 2134 proinde
497 2059 527 2111 et
549 2046 757 2125 declaramus,
783 2045 954 2110 Ecclesiam
983 2047 1160 2108 Romanam
1183 2045 1376 2130 disponente

252 2147 388 2211 Domino
421 2169 514 2232 saper
551 2168 654 2208 omnes
692 2144 777 2209 alias
809 2145 994 2208 ordinariae
1026 2145 1197 2229 potcstatis
1229 2143 1375 2207 obtinere

246 2245 480 2330 primipatam,
510 2255 540 2307 et
568 2245 647 2308 hanc
671 2245 810 2308 Romani
838 2241 998 2325 Pontificis
1022 2243 1260 2332 jurisdictionis
1277 2254 1373 2328 pote-

251 2352 371 2420 statem,
390 2365 469 2428 qnae
482 2365 552 2406 cere
568 2341 758 2428 episcopalis
772 2352 827 2412 est,
851 2341 1065 2404 immediatam
1079 2363 1162 2402 esse:
1186 2363 1260 2426 erpa
1274 2363 1374 2425 qaam
1455 2369 1456 2389 r

250 2444 464 2529 adnectantque
495 2442 577 2504 ritas
609 2452 639 2504 et
670 2440 838 2527 dipnitatis
864 2449 1012 2526 pastores
1044 2449 1136 2523 atqne
1159 2437 1274 2520 fideles
1307 2450 1374 2502 tam

250 2539 378 2602 seorsim
401 2539 528 2625 sinpnli
552 2562 645 2625 qnam
676 2537 770 2602 simal
793 2560 906 2617 omnies,
930 2536 1033 2623 officio
1065 2535 1274 2599 hierarchicae
1301 2535 1371 2601 sub·
1454 2577 1455 2618 t

250 2637 463 2700 ordinationis
485 2661 635 2723 ceraeque
665 2637 860 2700 obedientiae
893 2635 1137 2720 obstrinpantar,
1170 2656 1233 2698 nors
1267 2635 1370 2699 solnm

250 2737 285 2798 in
307 2735 398 2799 rebus
421 2759 499 2820 qnae
524 2736 567 2798 ad
580 2735 681 2819 fldem
711 2747 740 2798 et
762 2757 872 2812 mores,
901 2734 956 2797 sed
979 2735 1074 2798 etiam
1096 2733 1131 2796 in
1156 2733 1196 2796 iis
1219 2756 1302 2818 qnae
1328 2735 1372 2797 ad
1453 2785 1454 2800 t

249 2833 452 2920 disciplinam
484 2844 514 2898 et
545 2835 681 2920 regimen
712 2833 872 2896 Ecclesiae
890 2857 952 2918 per
984 2843 1080 2895 totam
1103 2830 1206 2894 orbem
1228 2829 1370 2917 diffusae

245 2934 424 3018 pertinent,·
460 2934 508 2996 ita
530 2943 566 2995 at
589 2932 741 2995 mstodito
770 2955 837 2994 cam
860 2933 1003 2995 Romano
1028 2929 1176 3016 Pontifice
1200 2941 1265 2994 tam
1289 2953 1369 2993 com-

249 3031 414 3110 munionis,
439 3053 532 3115 qaam
555 3029 692 3119 ejnsdem
705 3029 789 3113 fidei
812 3029 1025 3116 professionis
1053 3030 1192 3106 unitate,
1223 3027 1368 3092 Ecclesia

252 3123 369 3190 Christi
383 3129 424 3190 sit
438 3151 519 3191 anas
532 3151 609 3213 pren
624 3127 679 3190 sssb
693 3149 755 3190 rano
771 3150 886 3190 sosarmo
902 3128 1040 3191 Pastore.
1050 3126 1073 3211 ¹)
1088 3167 1130 3173 —
1156 3127 1251 3207 Quae
1262 3147 1366 3213 quum

249 3225 295 3287 ita
319 3247 353 3288 se
376 3223 523 3290 habeant
545 3225 756 3310 perspicuum
782 3234 839 3306 cst,
864 3225 1048 3289 Ecclesiam
1073 3224 1270 3289 catholicam
1294 3246 1367 3289 esse

248 3323 460 3386 constitutam
484 3322 527 3386 sd
560 3323 663 3387 instar
691 3322 912 3404 monarchiae,
946 3324 1040 3408 cujus
1072 3333 1173 3409 caput
1195 3323 1366 3388 Romanus

248 3427 297 3482 est
319 3419 484 3485 Pontifex.
532 3421 742 3506 Quapropter
765 3423 864 3484 etiarn
892 3423 927 3484 in
950 3421 1120 3486 Ecclesiae
1144 3422 1280 3486 historia
1304 3421 1365 3486 Re-

248 3519 338 3584 mani
368 3517 546 3582 Pontifices
579 3521 722 3604 primum
753 3529 785 3582 et
808 3521 1024 3605 praecipuum
1057 3529 1221 3606 occupant
1243 3519 1364 3587 locum.

247 3615 393 3702 dumque
417 3618 570 3701 quisnam
594 3617 693 3680 fuerit
715 3617 885 3681 Ecclesiae
908 3628 1011 3682 status
1036 3619 1137 3682 variis
1159 3617 1364 3703 temporibus

248 3713 434 3777 describere
467 3714 680 3797 intendimus,
714 3714 795 3779 illud
829 3717 991 3802 imprimis
1023 3715 1218 3802 requiritur,
1253 3723 1290 3778 ut
1324 3714 1362 3778 de

247 3811 405 3875 Romanis
437 3812 665 3894 Pontificibus,
699 3815 754 3898 qui
788 3815 963 3877 universae
995 3812 1165 3878 Ecclesiae
1194 3835 1234 3876 es
1257 3823 1363 3876 aetate

246 3909 472 3994 praefuerunt,
496 3919 622 3994 agatur,
647 3931 684 3974 eo
715 3910 768 3973 vel
792 3912 907 3993 magis,
941 3911 1029 3998 quod
1052 3910 1201 3997 plerique
1225 3921 1361 3977 eventus

247 4008 304 4092 qni
327 4007 521 4072 acciderunt
543 4007 587 4072 ad
623 4007 682 4071 hos
705 4007 819 4072 referri
852 4007 949 4072 facile
972 4017 1119 4093 possunt.
1166 4009 1240 4074 Hac
1263 4009 1362 4093 igitur

246 4105 487 4170 Dissertationc
525 4105 671 4170 breviter
703 4105 743 4170 de
775 4105 992 4171 Pontificibus
1023 4107 1122 4192 primi
1161 4116 1194 4172 et
1225 4105 1358 4172 secundi

321 4261 341 4334 ¹)
360 4260 424 4335 Cep.
443 4262 495 4318 111.
514 4263 554 4318 De
572 4263 601 4320 vi
619 4267 648 4320 et
665 4265 772 4322 ratione
789 4265 921 4335 primatus
938 4265 971 4322 n
990 4265 1138 4322 Pontificia
