2810 4846
244 479 297 532 232
633 481 674 534 De
692 477 810 534 (bacilia
829 479 970 547 Ephesiae.

245 619 394 704 Augusto
407 621 473 688 430
496 621 619 704 habita,
645 645 719 686 cum
744 625 938 686 auctoritate
961 623 1138 709 apostolice
1161 625 1336 687 sententiam

245 718 286 782 de
308 719 457 784 Nestorio
489 721 624 807 ejusque
656 720 781 785 haeresi
814 719 898 785 tulit.
946 721 1140 786 Doctrinam
1172 722 1240 807 ejus
1261 721 1336 784 dam·
1387 759 1388 806 3

244 817 346 888 navit,
372 827 404 880 et
427 815 778 884 excommunicationis
802 819 1081 905 depositionisque
1103 821 1289 883 sententiam
1309 821 1337 881 in
1387 861 1388 898 3

244 935 319 977 eum
343 918 578 998 pronuntiavit,
603 919 665 981 nisi
681 921 768 981 intra
783 917 896 982 decem
912 917 1193 981 adenuntiatione
1215 917 1280 980 dies
1299 938 1337 978 er·
1387 983 1388 994 ,

243 1033 332 1075 rores
360 1033 435 1076 suos
467 1023 672 1096 retractaret,
698 1025 731 1078 et
753 1009 804 1079 de
823 1015 1066 1079 Incarnationis
1089 1013 1242 1098 mysterio
1263 1035 1338 1099 prae-

245 1110 370 1174 dicaret
392 1109 585 1193 doctrinam,
610 1133 708 1198 quam
733 1113 881 1177 Romana
913 1123 945 1176 et
968 1112 1195 1176 Alexandrina
1219 1110 1338 1174 ecclesio

244 1217 343 1302 atque
374 1210 530 1273 universa
562 1209 675 1294 religio
706 1210 886 1274 christiana
908 1209 1158 1296 praedicabant.
1204 1207 1339 1272 Notenda
1387 1209 1388 1214 ’

244 1315 354 1368 autem
379 1316 428 1368 cst
450 1307 555 1370 forma
579 1309 771 1390 sententiae,
796 1329 894 1393 quam
909 1307 1115 1372 Ocelestinus
1138 1307 1282 1370 Nestorio
1303 1307 1341 1366 in·
1387 1363 1388 1368 ,

243 1405 375 1466 timavit
407 1406 441 1467 iu
472 1403 608 1488 epistola
638 1405 681 1470 ad
712 1425 787 1468 eum
812 1404 967 1491 cirenem)
991 1403 1206 1490 sequentibus
1229 1403 1341 1466 verbis:

244 1501 370 1586 Aperte
383 1503 480 1588 iqitcr
502 1504 580 1565 heac
604 1514 743 1566 nostram
767 1503 849 1566 scias
867 1525 931 1567 esee
955 1505 1153 1580 senteutiam,
1177 1513 1212 1565 ut
1233 1503 1293 1563 aiei
1311 1499 1342 1560 cle

247 1597 370 1662 Christo
398 1599 466 1662 Deo
490 1611 595 1664 aestro
615 1601 792 1686 praedices,
816 1623 896 1686 quae
911 1603 1057 1664 Romana
1080 1611 1110 1662 et
1133 1599 1343 1663 Alexandrina
1387 1625 1388 1664 ι

243 1707 273 1758 et
295 1697 486 1761 uniuersalis
510 1697 649 1762 Ecclesia
664 1697 817 1762 catholica
837 1709 928 1774 tenet,
945 1700 1025 1761 sicta
1047 1709 1077 1760 et
1099 1707 1214 1760 sancta
1230 1693 1342 1758 CPtem

243 1817 374 1879 arcanae
403 1795 491 1858 urhis
523 1796 652 1859 ecclesia
680 1795 723 1859 ad
756 1807 784 1858 te
812 1819 906 1882 aeque
939 1797 1053 1882 optime
1084 1797 1197 1872 tcaait,
1229 1805 1258 1856 et
1278 1793 1344 1854 laam

238 1892 395 1978 perfidam
417 1895 594 1970 acuitatem,
620 1915 698 1978 qaae
721 1895 775 1957 hoc
798 1895 880 1979 quocl
898 1893 1088 1957 venerabilis
1100 1891 1265 1977 Scriptura
1286 1911 1344 1953 coa·

236 1991 345 2078 jacuit
367 1991 481 2052 aititrtr
514 2013 679 2076 separare,
703 1994 791 2054 iutra
824 1991 974 2054 mamm
997 1991 1080 2053 diem
1102 2013 1123 2052 a
1143 1990 1343 2075 primamne
1387 1999 1388 2016 ¹

245 2089 388 2150 tercentis
411 2087 469 2152 tibi
491 2085 581 2177 lujat
596 2090 816 2152 coaoeatioais
834 2089 885 2152 die
899 2088 1125 2152 numerandam
1149 2084 1343 2149 damnauerit.

245 2185 284 2247 ab
306 2185 496 2248 uniuersalis
520 2197 548 2248 te
571 2185 730 2249 Ecclesiae
761 2187 931 2250 catholicae
963 2185 1176 2248 commeatione
1201 2183 1342 2272 dejectam.
1387 2225 1388 2252 ,

247 2279 349 2353 eram
372 2283 514 2366 formam
546 2283 590 2346 acl
622 2295 650 2346 te
682 2285 787 2347 nostri
807 2285 927 2374 judicii
945 2307 1005 2369 per
1037 2293 1240 2346 memoratam
1252 2279 1341 2362 ,lilium
1387 2337 1388 2342 ,

243 2401 342 2442 meum
366 2380 585 2444 Poseidoaium
608 2381 774 2445 diaconum
805 2405 872 2445 cam
901 2381 1041 2444 omaibas
1064 2381 1184 2442 chartis
1207 2378 1249 2442 ad
1269 2399 1340 2438 saac-

244 2487 308 2538 tum
331 2477 578 2540 consacerdotem
600 2501 699 2541 meum
721 2489 909 2542 memoratae
928 2477 1172 2540 Alemaaclriaae
1196 2471 1340 2539 urbisin·
1387 2535 1388 2544 2

243 2575 381 2652 tistitem,
404 2577 459 2659 qai
481 2575 524 2637 acl
547 2597 604 2638 aas
637 2598 730 2662 super
752 2577 806 2639 ltoc
823 2575 953 2662 plenius
976 2575 1097 2653 retulit,
1123 2573 1339 2638 arescamus.
1387 2619 1388 2640 r

242 2684 278 2736 ut
301 2682 376 2758 aaut
406 2675 471 2736 uice
497 2684 621 2750 noema,
655 2685 808 2759 quatemus
839 2684 990 2737 statatum
1019 2683 1162 2735 costam
1194 2682 1225 2734 et
1251 2669 1301 2732 uti
1319 2675 1340 2724 tl

241 2772 398 2834 ttaiuersie
412 2770 574 2856 fratribus
597 2774 788 2851 innotescam·
812 2773 887 2858 quic
908 2793 1012 2834 omues
1034 2763 1341 2850 decentiamque
1387 2803 1388 2806 ¹

244 2871 358 2953 coitur,
383 2871 502 2954 quoties
525 2871 661 2932 omnium
683 2893 778 2934 causa
803 2880 967 2933 tractatur.
1003 2867 1083 2952 Agit
1104 2851 1163 2930 hic
1187 2863 1340 2930 manifeste

243 2966 447 3030 Caelestinus
471 2967 665 3030 auctoritate
688 2989 849 3052 suprema,
875 2966 1033 3045 absoluta,
1058 2975 1090 3028 et
1114 2961 1342 3050 independentr

242 3066 278 3127 in
301 3064 498 3144 Nestorium,
523 3067 556 3127 vi
582 3066 630 3127 etri
655 3067 815 3150 primatus
848 3076 880 3127 et
904 3063 1149 3150 jurisdictionis
1173 3065 1207 3126 in
1231 3061 1342 3123 uniru-

243 3161 344 3224 selem
368 3161 561 3227 Ecclesiam.
608 3163 749 3226 Nestorii
773 3161 935 3226 haeresim
960 3161 1104 3240 damnat,
1131 3181 1209 3224 eum
1232 3175 1341 3222 excom·

244 3261 400 3340 manicat,
434 3269 642 3323 executorem
676 3263 856 3324 sententiae
889 3259 1059 3323 constituit
1092 3256 1254 3340 Cyrillum
1283 3251 1343 3318 Ale-

243 3357 453 3438 xandrinum,
478 3369 510 3420 et
533 3379 629 3420 suum
654 3357 821 3421 decretum
855 3356 1009 3420 omnibus
1034 3357 1198 3441 episcopis
1222 3356 1342 3418 innom-

244 3475 317 3518 cere
336 3454 442 3539 jubet,
466 3477 532 3518 non
560 3457 718 3540 requisita
748 3477 856 3540 neque
886 3465 1076 3540 exspectata
1106 3474 1222 3518 eorum
1244 3467 1342 3536 appra—

244 3553 377 3616 batione
410 3561 443 3616 et
474 3552 728 3638 consensione2).
763 3591 804 3600 -
837 3551 898 3618 Illa
930 3553 1107 3615 auctoritas
1142 3571 1270 3614 summa
1290 3565 1341 3608 nou

245 3651 354 3714 minus
378 3661 514 3736 apparet
537 3652 571 3713 in
603 3651 721 3732 verbis,
756 3651 876 3736 quibus
901 3649 1024 3734 Oyrillo
1058 3650 1211 3712 executio
1234 3659 1341 3711 scutra

255 3761 457 3770 ...ψ’-..-

244 3793 278 3845 ari
298 3807 326 3844 se
345 3791 432 3844 nescio
452 3791 579 3858 quomodo
598 3791 718 3858 perlatae
735 3797 805 3855 suut,
827 3797 903 3844 atua
916 3791 1019 3860 pietate
1038 3807 1071 3843 an
1092 3805 1155 3842 sero
1176 3789 1209 3842 ab
1228 3788 1277 3840 alio
1294 3799 1344 3848 quo

245 3872 315 3939 piam
344 3869 479 3939 profectae
507 3872 569 3924 siut.
607 3871 731 3924 Scribant
759 3871 829 3923 eninr
859 3875 890 3924 ut
921 3871 966 3937 qui
985 3869 1145 3939 gravissime
1165 3868 1221 3921 sint
1241 3861 1343 3918 omasi:
1387 3929 1388 3932 Ἰ

245 3954 311 4006 Call.
332 3952 409 4006 Oonc.
429 3953 446 4006 l.
467 3968 488 4006 c.
498 3969 523 4019 p.
535 3951 593 4003 313.
606 3981 638 3990 -
653 3953 693 4002 Ex
707 3951 795 4003 verbis
808 3951 900 4002 citetis
914 3951 1058 4019 colligitur,
1078 3950 1259 4002 Caelestinum
1276 3943 1344 3997 etiuu

244 4033 352 4086 aliunde
372 4049 450 4098 quam
469 4049 484 4084 a
504 4031 603 4099 Cyrsslo
622 4031 655 4084 de
673 4031 805 4084 erroribus
825 4029 942 4084 Nestorii
961 4029 1102 4082 certiorem
1121 4027 1222 4081 iactum
1241 4041 1301 4079 esse.

320 4117 339 4178 ι)
359 4113 422 4167 Coti.
442 4113 520 4166 Cone.
541 4112 557 4164 l.
577 4129 598 4166 c.
619 4129 635 4178 p
664 4112 723 4165 ³53.

320 4195 345 4260 ²)
365 4192 419 4246 Cir.
440 4191 601 4254 llluznarelli
623 4193 661 4246 De
680 4191 843 4244 actuoritate
869 4191 944 4243 Rom.
964 4189 1104 4243 pontilicis
1123 4187 1149 4240 ir
1171 4185 1290 4240 Consiliis
1307 4197 1344 4236 ur

245 4273 479 4336 irrestauratae.
503 4275 534 4325 li.
555 4273 582 4324 O.
603 4271 664 4325 ΥΠ.
685 4271 725 4324 De
744 4270 861 4324 Concilio
882 4269 1022 4338 Filrhesina
1041 4269 1065 4338 ξ.
1086 4269 1107 4321 1.
