2790 4812
388 499 430 552 SS.
451 499 621 554 Marcellinus
639 505 668 553 et
686 497 835 552 Marcellus.
1118 501 1171 552 389

68 643 184 706 allinus
206 655 236 708 et
254 643 434 730 presbyteri
455 648 532 732 ejus,
558 641 759 722 Metuentes,
783 641 955 707 Marcellus
978 655 1008 707 et
1023 641 1170 708 &luentes

70 741 238 806 traditionis
269 741 410 805 codicum
441 741 620 806 divinornnn
652 752 682 804 et
706 739 946 822 tburusscationie
978 741 1106 803 ommino
1130 741 1170 804 ob

68 861 95 900 eo
123 850 311 924 moiuntur:
335 838 391 902 sed
421 839 572 926 numquid
603 839 674 902 ideo
707 839 803 902 etiam
834 838 1077 917 convincuntur,
1115 849 1171 902 aut

68 937 184 998 cmcicti
214 935 326 1021 aliqua
357 937 610 1002 documentorum
632 935 787 1020 firmitate
816 936 1054 999 mutuantem?
1099 935 1170 1022 Ipse

68 1032 217 1098 usbrctos
239 1044 271 1097 et
293 1034 465 1122 sacrilegos
488 1034 582 1114 dicia·
605 1055 658 1120 eqo
678 1032 971 1120 innoeenteefitisse
986 1033 1168 1120 respondeo.

69 1127 142 1201 Quid
163 1131 300 1195 Ιαῦονοηι
326 1131 467 1218 probare
498 1133 712 1219 defensionem
739 1153 848 1209 mcum
872 1151 964 1216 quum
987 1129 1042 1194 ille
1065 1154 1104 1195 nc
1128 1140 1169 1194 te-

68 1231 157 1292 nuiter
171 1229 312 1315 probare
335 1240 467 1293 conatus
489 1231 532 1294 sit
550 1231 780 1294 aestuationem
802 1229 913 1292 mom?
936 1265 978 1274 -
1002 1228 1041 1291 2⁰
1067 1226 1170 1292 Plane

68 1326 245 1392 incredibile
278 1337 345 1408 est,
370 1335 533 1392 tercentos
566 1329 738 1416 episcopos
761 1337 908 1413 tempore
930 1326 1168 1410 persecutionis

67 1427 229 1489 convenire
252 1427 399 1511 potuisse
414 1425 504 1490 haud
520 1425 635 1511 procul
649 1424 692 1490 ab
717 1424 799 1490 urbe
812 1424 927 1488 Rome
951 1459 996 1470 -
1018 1423 1058 1487 3⁰
1086 1419 1169 1486 Con-

66 1520 123 1584 cilii
145 1521 229 1587 illiue
248 1523 335 1587 Acta
359 1521 443 1608 stylo
467 1532 534 1587 tarn
559 1522 700 1588 barbaro
723 1522 889 1608 rebusque
910 1531 979 1585 tam
1003 1521 1169 1586 inusitatis

65 1629 204 1684 conmxte
236 1631 323 1704 sunt,
357 1631 394 1684 ut
426 1643 464 1686 eo
488 1623 558 1707 ipso
592 1621 780 1707 posterioris
806 1620 964 1706 temporis
986 1619 1111 1682 foetum
1135 1639 1169 1682 se

64 1717 234 1783 unumne.
267 1755 311 1767 -
342 1721 384 1783 4⁰
420 1719 543 1785 Scribit
565 1718 801 1800 Theodoretus,
834 1717 877 1782 Η.
910 1715 950 1781 Ε.
982 1714 1004 1781 l.
1028 1714 1055 1780 Ι.
1079 1737 1107 1778 e.
1136 1716 1167 1781 3.

65 1813 279 1880 Marcellinum
305 1817 432 1902 Papam
460 1819 690 1904 persecutionis
722 1813 910 1902 emporibus
939 1812 1166 1900 inclamaro).

64 1947 100 1958 —
128 1913 337 1980 Marcellinus
369 1913 453 1979 obiit
484 1915 651 1999 martyrio,
685 1915 733 1977 nti
766 1912 913 1994 videtur,
937 1918 1112 1974 coronatus
1135 1909 1166 1974 d.

63 2009 100 2072 24
120 2009 269 2078 Octobris
292 2035 323 2077 e.
346 2013 422 2078 304.

139 2110 190 2175 44.
214 2111 360 2175 Venerit
374 2109 451 2174 dein
466 2119 599 2196 propter
613 2108 825 2173 difficultates
845 2115 1040 2195 temporum,
1065 2125 1166 2191 quum

64 2205 238 2272 hennae
268 2219 430 2292 tyrannus
459 2208 583 2272 Romae
618 2207 861 2288 dominaretur,
895 2205 997 2272 Sedes
1029 2203 1166 2290 Aposto-

63 2303 116 2367 lice
137 2327 193 2391 per
215 2305 344 2393 aliquot
366 2327 480 2388 annos,
505 2306 611 2370 donec
634 2327 664 2370 e.
688 2305 753 2368 307
778 2302 831 2368 vel
855 2303 919 2369 308
944 2302 976 2368 S.
994 2301 1198 2367 Mareoticus·
1217 2309 1335 2352 Humiles.

64 2402 90 2464 in
112 2423 180 2468 eam
204 2404 407 2469 succederet.
453 2402 529 2489 Ipse
558 2423 660 2490 quum
684 2403 867 2488 persecutio
891 2403 1057 2466 remissior
1079 2400 1168 2464 faeta

63 2511 144 2582 esset,
166 2523 219 2565 res
233 2502 473 2568 ecclesiastices
488 2501 643 2566 ordinere
656 2499 791 2582 studuit,
807 2499 982 2587 lapsosque
997 2497 1167 2563 Ecclesiae

63 2597 138 2662 facte
159 2601 364 2686 poenitentis
387 2599 610 2665 reconciliare.
635 2598 701 2664 Sed
725 2595 750 2663 a
763 2599 932 2663 Maxentio
950 2605 1066 2683 ceptus
1084 2617 1166 2674 mer-

63 2697 136 2776 tyrio
159 2699 263 2761 vitam
297 2697 416 2764 finivit.
461 2697 564 2763 Liber
586 2696 790 2762 Pontificelis
823 2695 865 2760 de
889 2717 927 2760 eo
950 2695 1033 2759 haee
1056 2693 1165 2772 refert,

63 2813 135 2875 quea
157 2804 319 2880 quantum
343 2796 387 2860 ed
409 2795 627 2860 substantiam
661 2803 788 2881 spectat
814 2793 951 2858 eruditis
975 2790 1164 2880 probantur.

64 2889 222 2957 tonum
243 2895 372 2958 notione
395 2895 567 2976 Ronsonus,
591 2916 631 2957 ee
647 2903 745 2980 patre
768 2892 947 2974 Benedicto,
980 2891 1018 2955 dc
1041 2891 1167 2977 re9icne

69 2985 118 3052 Via
138 2989 216 3055 lota.
243 3040 250 3054 .
275 3039 284 3055 .
310 2991 373 3055 Hic
394 2991 518 3077 royooit
539 2990 707 3077 quamdam
734 2999 911 3054 matronam
934 2990 1056 3053 nomine
1081 2988 1165 3052 Ris-

62 3083 165 3164 attam
189 3099 219 3152 et
233 3089 318 3175 feeit
336 3089 519 3152 monaterio
539 3089 600 3152 Via
615 3086 758 3166 Salaria,
783 3099 813 3152 ct
834 3089 949 3175 rioimi
970 3089 1104 3176 quinque
1128 3088 1164 3152 ti-

63 3182 132 3248 tulos
153 3187 189 3250 in
212 3185 293 3251 Urbe
312 3189 414 3250 Roma
438 3187 614 3264 emutituit,
638 3185 731 3272 quasi
752 3185 915 3264 dioeceses,
933 3198 1068 3273 propter
1091 3187 1166 3273 bap·

63 3282 172 3347 mum
181 3295 212 3348 et
219 3284 451 3372 poenitentiam
460 3282 627 3348 memmium
645 3283 699 3370 qui
713 3283 980 3363 convertebantur,
996 3295 1025 3348 ct
1033 3295 1168 3370 propter

62 3381 228 3465 spelunca
255 3393 436 3469 morum-nm.
485 3383 547 3446 Hic
579 3381 742 3446 ordinauit
763 3382 878 3468 oiyimi
907 3403 963 3445 aesc
980 3381 1167 3468 prebyteros

63 3477 90 3538 in
107 3479 183 3545 Urbe
197 3483 301 3546 Roma
317 3503 380 3567 per
403 3503 537 3546 mensem
558 3479 748 3559 Decembris,
765 3479 916 3544 diacoma
938 3479 1018 3544 duos
1041 3489 1070 3542 et
1085 3482 1165 3566 epis-

61 3595 142 3660 copos
158 3601 221 3665 per
243 3579 370 3643 dinato
393 3578 463 3643 loca
484 3579 599 3666 oiqinti
630 3589 661 3642 et
681 3601 786 3642 unum.
835 3578 897 3642 Hic
920 3589 1097 3642 coarctatus
1120 3590 1166 3642 est

62 3683 86 3734 tl
106 3685 204 3741 tenues
227 3699 263 3741 eo
286 3676 369 3764 quod
391 3675 565 3741 Ecclesiam
588 3676 760 3741 ordinaret.
789 3674 1031 3762 Comprehensos
1055 3698 1076 3738 a
1094 3675 1165 3739 Mc·

62 3775 165 3853 tmen,
198 3785 234 3839 ut
256 3785 385 3862 mearet
407 3797 439 3840 se
472 3797 536 3839 esec
560 3774 752 3861 Episcopum
774 3785 805 3838 et
827 3774 992 3859 econflciis
1015 3796 1046 3838 sc
1069 3775 1164 3838 bumi-

63 3863 143 3934 licret
164 3873 408 3936 demoniorum.
459 3869 523 3958 Qui
544 3893 665 3958 semper
680 3883 885 3949 contemnens,
909 3871 1056 3936 deridens
1079 3870 1166 3935 dicta

62 3975 85 4025 tl
99 3981 269 4056 prawepto
292 3969 472 4049 Maxentii,
497 3968 666 4035 damnans
688 3979 734 4033 est
756 3971 792 4036 in
815 3968 978 4050 catabulo,
1015 3969 1070 4054 qui
1092 3967 1166 4032 dum

75 4129 93 4134 .-
106 4131 136 4142 ..-

124 4197 141 4264 ¹)
158 4199 213 4253 Otr.
233 4199 369 4264 Woutsrs,
394 4199 507 4256 Daren.
527 4198 578 4256 rol.
607 4197 630 4256 L
655 4199 726 4256 Dies.
744 4197 817 4254 mx
842 4229 875 4240 -
901 4197 1050 4268 Dolllnger,
1069 4199 1165 4257 Pebst·

64 4269 145 4340 unu
162 4279 352 4334 Marcellinus.
