2924 4818
501 489 570 558 'vita
586 499 701 558 Callisti.
1133 499 1186 557 1¹17

91 645 211 734 ligiones
232 659 265 712 et
288 647 529 713 incantationes
551 647 822 732 Babyloniorum.
865 645 976 727 Quum
1000 667 1078 712 vero
1101 646 1192 712 libro

90 749 178 830 primo
209 747 250 811 de
282 745 484 812 Graecorum
518 757 635 831 agatur
666 744 893 832 philosophia,
927 757 1042 830 quarto
1075 755 1185 810 autom

89 846 246 931 praecipue
280 844 322 909 de
355 845 480 909 artibus
504 845 642 928 magicis
665 843 936 928 Babyloniorum,
962 847 1040 908 satis
1064 843 1185 928 colligi-

89 960 138 1022 tur,
159 943 247 1007 libris
270 943 418 1008 secundo
442 955 475 1006 et
497 944 592 1006 tertio
622 941 803 1027 deperditis
826 942 867 1006 de
891 940 1131 1028 Aegyptiorum
1155 951 1187 1006 et

89 1037 312 1105 Chaldaeorum
346 1040 530 1126 disciplinis
563 1049 738 1103 mactatum
770 1040 881 1103 fuisse.
936 1039 1019 1104 Inde
1052 1063 1072 1104 a
1101 1040 1185 1105 libro

89 1138 184 1222 quinto
206 1147 317 1203 autem
342 1137 523 1202 haereticos
548 1139 717 1201 confutare
741 1137 868 1204 Auctor
890 1136 1060 1202 adnititur.

159 1235 188 1300 5.
210 1236 314 1300 Libro
323 1257 420 1318 nono,
429 1237 486 1322 qui
496 1237 642 1300 maxime
650 1235 693 1299 sd
701 1245 848 1299 nostrum
856 1235 1185 1322 institutumspactat,

88 1336 264 1399 recentiores
288 1334 441 1399 haereses
465 1356 499 1398 se
532 1333 617 1397 velle
651 1333 822 1398 confutare
855 1332 1027 1420 profitetur
1050 1336 1184 1416 Auctor,

88 1441 169 1516 atque
202 1453 280 1496 mox
306 1436 341 1496 in
365 1431 543 1496 Pontifices
581 1431 807 1516 Zephyrinum
832 1442 864 1494 et
901 1429 1073 1496 Callistum
1095 1435 1186 1498 virus

89 1551 167 1593 snum
174 1533 306 1594 evomit.
325 1529 515 1614 ,hlagnum
527 1531 644 1614 inquit,
656 1529 816 1593 advorsus
830 1549 944 1593 omnes
954 1528 1105 1596 haereses
1119 1553 1185 1596 cer-

88 1640 179 1692 tamen
210 1630 423 1706 certavimus,
457 1627 647 1739 nullamque
681 1647 747 1690 ιιοιι
771 1627 946 1691 refutatam
979 1628 1186 1715 reliquimus,·

89 1747 160 1788 nunc
181 1735 279 1791 restat
313 1737 350 1789 ut
382 1727 564 1790 maximum
597 1733 764 1788 certamen
788 1726 947 1788 ineamus.
995 1725 1214 1828 Oportet
1155 1737 1187 1790 et

88 1823 233 1908 exphoare
266 1835 300 1887 et
334 1823 503 1887 confutare
536 1821 687 1886 haereses
720 1843 805 1907 quae
837 1825 956 1886 nostris
983 1825 1186 1909 temporibus
1226 1851 1309 1891 cut

90 1921 291 2004 innotuerunt,
327 1933 360 1985 et
383 1922 504 2007 quibus
537 1920 661 1984 indocti
694 1929 727 1984 et
758 1918 901 1984 audaces
924 1920 1060 2007 quidam
1084 1921 1186 1986 homi·

90 2038 135 2080 nes
154 2019 337 2084 disturbare
360 2021 431 2084 ausi
465 2027 542 2082 sunt
568 2016 763 2098 Ecclesiam,
797 2020 1045 2104 maximumque
1068 2021 1185 2086 tumul-

90 2127 144 2178 tum
171 2139 228 2203 per
259 2119 455 2181 universum
488 2116 600 2180 orbem
633 2117 668 2178 in
701 2117 849 2180 omnium
882 2116 1030 2180 fidelium
1060 2129 1187 2184 mentes

90 2213 261 2298 injecerunt.
315 2215 457 2278 Videtur
493 2212 588 2277 nobis
625 2215 726 2298 igitur
762 2213 947 2278 doctrinam
985 2236 1068 2296 eam,
1102 2238 1187 2301 quae

91 2311 227 2377 malorum
259 2315 371 2399 prima
402 2333 504 2376 causa
535 2311 598 2374 fuit
629 2311 774 2395 aggredi,
800 2322 833 2375 et
855 2312 1079 2378 demonstrare
1102 2337 1186 2400 quae

91 2406 192 2474 inerint
222 2413 294 2497 ejus
328 2411 502 2496 principia,
527 2431 590 2494 quo
625 2409 779 2494 dogmata
812 2409 890 2474 inde
913 2421 1026 2475 exorta
1055 2415 1187 2497 penitus

92 2520 247 2573 noscantur
261 2517 584 2592 contemnanturque
598 2506 641 2570 ab
653 2506 816 2571 omnibus.
832 2545 875 2554 --
889 2507 1027 2572 Exstitit
1045 2511 1098 2572 vir
1118 2511 1187 2595 qui·

91 2601 306 2671 dannomine
320 2606 455 2686 Noetus,
471 2605 634 2688 Smyrnae
658 2613 765 2685 natus,
790 2606 847 2690 qui
871 2627 913 2668 ex
936 2605 1097 2671 Heracliti
1120 2607 1187 2694 pla-

90 2701 149 2764 citis
169 2727 258 2768 suam
282 2704 447 2768 haeresim
471 2702 647 2784 conflavit3
681 2701 729 2765 illi
761 2702 824 2766 fuit
852 2703 1011 2766 diaconus
1034 2704 1131 2768 simul
1155 2714 1188 2769 et

91 2795 251 2886 discipulus
283 2802 457 2887 Epigonus
489 2801 644 2886 quidam,
678 2802 735 2885 qui
768 2823 870 2886 quum
900 2801 1038 2866 Romam
1063 2804 1186 2884 ivisset,

92 2894 190 2980 impias
211 2899 258 2964 ibi
283 2900 451 2963 doctrinas
474 2897 631 2984 profudit.
679 2897 770 2978 Quas
793 2898 924 2964 auditor
947 2901 1018 2985 ejus
1042 2898 1186 2965 Cleome-

91 3011 145 3070 nes,
173 2996 213 3060 ah
235 2997 389 3062 Ecclesia
412 2997 558 3060 moribus
581 3006 613 3060 et
645 3006 714 3060 tota
736 2999 807 3060 vita
833 2997 1062 3080 alienissimus,
1087 2999 1187 3062 etiam

91 3093 306 3160 conohoravit.
352 3093 392 3159 ld
416 3105 525 3159 autem
549 3096 706 3180 temporis
729 3093 951 3180 Zephyrinus,
976 3096 1112 3161 stolidus
1135 3099 1188 3160 vir

91 3199 172 3274 atque
200 3215 321 3281 rapax,
355 3192 539 3257 Ecclesiam
573 3192 635 3256 sibi
669 3191 854 3277 gubernare
886 3193 1072 3260 videbatur.
1121 3193 1186 3274 Qui

91 3285 181 3352 oblato
203 3290 294 3355 lucro
320 3301 492 3376 corruptus
515 3289 704 3376 petentibus
717 3290 885 3354 licentiam
910 3291 1020 3372 dabat,
1046 3302 1082 3355 ut
1096 3291 1187 3356 Cleo·

91 3401 202 3452 menam
224 3388 395 3470 audirent3
420 3391 554 3475 ipseque
576 3387 691 3452 eadem
706 3388 837 3474 placita,
861 3387 952 3474 lapso
976 3390 1086 3476 aliquo
1109 3399 1187 3455 tem-

91 3499 155 3562 pore
176 3497 366 3570 prosecutus
389 3496 446 3568 est,
472 3507 637 3550 unacum
662 3507 793 3550 suasore
817 3497 849 3550 et
873 3489 1003 3551 conscio
1028 3487 1186 3553 scelerum

92 3575 217 3666 Callisto,
251 3585 346 3672 cujus
378 3585 481 3647 vitam
514 3593 547 3648 et
570 3585 731 3648 detectam
755 3584 918 3649 haeresim
946 3607 1024 3648 mox
1048 3607 1187 3671 expone·

93 3695 161 3742 mus
201 3634 266 3747 l’er
287 3683 404 3746 horum
428 3683 669 3746 successionem
700 3682 811 3747 schola
839 3684 991 3768 perstitit,
1016 3685 1081 3747 imo
1105 3683 1187 3748 fulta

94 3785 233 3864 statque
256 3793 363 3863 aucta,
388 3801 490 3867 quum
514 3780 664 3844 faverent
684 3780 747 3844 illis
770 3780 979 3866 Zephyrinus
1002 3791 1100 3868 atque
1117 3780 1187 3847 Cal·

137 3878 288 3943 reuss
316 3889 426 3944 autem
449 3899 621 3989 nunquam
652 3879 957 3990 comprobavimus3
997 3881 1187 3966 saepissime

96 3987 158 4034 vcro
187 3976 226 4040 iis
256 3977 422 4042 adversati
456 3997 578 4058 sumus,
613 3977 883 4062 impugnavimus
906 4001 975 4061 eos,
1000 3979 1187 4064 invitosque

96 4071 241 4154 wtfflmus
264 4076 436 4139 veritatem
460 4073 619 4138 confiteri.
643 4074 695 4138 llli
719 4075 762 4139 ad
786 4085 916 4160 tempus
939 4075 1187 4162 erubescebant,

95 4170 169 4232 etsi
190 4175 334 4237 venatis
358 4174 463 4237 coacti
487 4172 742 4256 confitebantur3
767 4183 801 4237 st
823 4183 896 4258 post
917 4174 1049 4259 paulo
1041 4197 1076 4238 ιιι
1098 4127 1187 4240 ideni

96 4257 185 4332 lutum
205 4291 272 4335 seso
294 4272 415 4336 iterum
438 4269 662 4334 volutabant.“

142 4392 261 4448 hm.
273 4399 447 4442 munau
1048 4379 1083 4430 12

1208 1789 1340 1840 1111181110
