<?xml version="1.0" encoding="UTF-8"?>
<!DOCTYPE html PUBLIC "-//W3C//DTD XHTML 1.0 Transitional//EN"
    "http://www.w3.org/TR/xhtml1/DTD/xhtml1-transitional.dtd">
<html xmlns="http://www.w3.org/1999/xhtml" xml:lang="en" lang="en">
 <head>
  <title>
</title>
<meta http-equiv="Content-Type" content="text/html;charset=utf-8" />
  <meta name='ocr-system' content='tesseract 3.04.00' />
  <meta name='ocr-capabilities' content='ocr_page ocr_carea ocr_par ocr_line ocrx_word'/>
</head>
<body>
  <div class='ocr_page' id='page_1' title='image "./dissertationess02junggoog_0206.png"; bbox 0 0 2876 4814; ppageno 0'>
   <div class='ocr_carea' id='block_1_1' title="bbox 442 520 1181 578">
    <p class='ocr_par' dir='ltr' id='par_1_1' title="bbox 442 520 1181 578">
     <span class='ocr_line' id='line_1_1' title="bbox 442 520 1181 578; baseline -0.001 -1"><span class='ocrx_word' id='word_1_1' title='bbox 442 523 570 577; x_wconf 77' lang='lat' dir='ltr'>Callistus</span> <span class='ocrx_word' id='word_1_2' title='bbox 590 520 806 578; x_wconf 70' lang='lat' dir='ltr'>archidiaconus.</span> <span class='ocrx_word' id='word_1_3' title='bbox 1129 523 1181 576; x_wconf 75' lang='lat' dir='ltr'>lar</span> 
     </span>
    </p>
   </div>
   <div class='ocr_carea' id='block_1_2' title="bbox 75 665 1273 2696">
    <p class='ocr_par' dir='ltr' id='par_1_2' title="bbox 75 665 1181 1534">
     <span class='ocr_line' id='line_1_2' title="bbox 78 665 1181 754; baseline 0.003 -25"><span class='ocrx_word' id='word_1_4' title='bbox 78 677 103 729; x_wconf 84' lang='lat' dir='ltr'>et</span> <span class='ocrx_word' id='word_1_5' title='bbox 122 665 337 754; x_wconf 85' lang='lat' dir='ltr'>reliquorum,</span> <span class='ocrx_word' id='word_1_6' title='bbox 368 689 507 754; x_wconf 84' lang='lat' dir='ltr'>quorum</span> <span class='ocrx_word' id='word_1_7' title='bbox 539 691 618 732; x_wconf 85' lang='lat' dir='ltr'>cura</span> <span class='ocrx_word' id='word_1_8' title='bbox 642 670 704 754; x_wconf 92' lang='lat' dir='ltr'>ipsi</span> <span class='ocrx_word' id='word_1_9' title='bbox 736 670 911 732; x_wconf 88' lang='lat' dir='ltr'>commissa</span> <span class='ocrx_word' id='word_1_10' title='bbox 934 676 1014 745; x_wconf 88' lang='lat' dir='ltr'>erat,</span> <span class='ocrx_word' id='word_1_11' title='bbox 1037 675 1126 732; x_wconf 89' lang='lat' dir='ltr'>tutor</span> <span class='ocrx_word' id='word_1_12' title='bbox 1147 677 1181 732; x_wconf 89' lang='lat' dir='ltr'>et</span> 
     </span>
     <span class='ocr_line' id='line_1_3' title="bbox 77 765 1180 852; baseline 0.002 -25"><span class='ocrx_word' id='word_1_13' title='bbox 77 785 178 828; x_wconf 80' lang='lat' dir='ltr'>censor</span> <span class='ocrx_word' id='word_1_14' title='bbox 198 777 279 832; x_wconf 88' lang='lat' dir='ltr'>erat.</span> <span class='ocrx_word' id='word_1_15' title='bbox 329 765 442 846; x_wconf 82' lang='lat' dir='ltr'>Quum</span> <span class='ocrx_word' id='word_1_16' title='bbox 471 787 550 830; x_wconf 86' lang='lat' dir='ltr'>vero</span> <span class='ocrx_word' id='word_1_17' title='bbox 573 765 723 830; x_wconf 84' lang='lat' dir='ltr'>Romana</span> <span class='ocrx_word' id='word_1_18' title='bbox 752 766 891 830; x_wconf 87' lang='lat' dir='ltr'>ecclesia</span> <span class='ocrx_word' id='word_1_19' title='bbox 920 766 1079 852; x_wconf 88' lang='lat' dir='ltr'>plurimas</span> <span class='ocrx_word' id='word_1_20' title='bbox 1103 787 1180 852; x_wconf 91' lang='lat' dir='ltr'>quo·</span> 
     </span>
     <span class='ocr_line' id='line_1_4' title="bbox 77 861 1179 950; baseline 0.006 -30"><span class='ocrx_word' id='word_1_21' title='bbox 77 883 128 947; x_wconf 61' lang='lat' dir='ltr'>«pue</span> <span class='ocrx_word' id='word_1_22' title='bbox 149 861 285 928; x_wconf 86' lang='lat' dir='ltr'>baberet</span> <span class='ocrx_word' id='word_1_23' title='bbox 309 886 385 928; x_wconf 90' lang='lat' dir='ltr'>cum</span> <span class='ocrx_word' id='word_1_24' title='bbox 416 863 551 950; x_wconf 89' lang='lat' dir='ltr'>reliquis</span> <span class='ocrx_word' id='word_1_25' title='bbox 581 865 728 928; x_wconf 87' lang='lat' dir='ltr'>ecclesiis</span> <span class='ocrx_word' id='word_1_26' title='bbox 757 863 948 946; x_wconf 80' lang='lat' dir='ltr'>relationes,</span> <span class='ocrx_word' id='word_1_27' title='bbox 973 866 1072 928; x_wconf 92' lang='lat' dir='ltr'>etiam</span> <span class='ocrx_word' id='word_1_28' title='bbox 1097 865 1179 928; x_wconf 87' lang='lat' dir='ltr'>istae</span> 
     </span>
     <span class='ocr_line' id='line_1_5' title="bbox 76 959 1177 1048; baseline 0.005 -27"><span class='ocrx_word' id='word_1_29' title='bbox 76 981 109 1022; x_wconf 79' lang='lat' dir='ltr'>cx</span> <span class='ocrx_word' id='word_1_30' title='bbox 121 959 225 1025; x_wconf 90' lang='lat' dir='ltr'>indole</span> <span class='ocrx_word' id='word_1_31' title='bbox 244 965 295 1026; x_wconf 90' lang='lat' dir='ltr'>rei</span> <span class='ocrx_word' id='word_1_32' title='bbox 321 962 364 1026; x_wconf 90' lang='lat' dir='ltr'>ad</span> <span class='ocrx_word' id='word_1_33' title='bbox 388 962 659 1026; x_wconf 78' lang='lat' dir='ltr'>archidiaconum</span> <span class='ocrx_word' id='word_1_34' title='bbox 683 961 887 1048; x_wconf 77' lang='lat' dir='ltr'>spectabant.</span> <span class='ocrx_word' id='word_1_35' title='bbox 917 963 1028 1043; x_wconf 81' lang='lat' dir='ltr'>Brevi,</span> <span class='ocrx_word' id='word_1_36' title='bbox 1053 971 1177 1048; x_wconf 85' lang='lat' dir='ltr'>septem</span> 
     </span>
     <span class='ocr_line' id='line_1_6' title="bbox 76 1057 1178 1146; baseline 0.003 -25"><span class='ocrx_word' id='word_1_37' title='bbox 76 1057 273 1123; x_wconf 86' lang='lat' dir='ltr'>diaconorum</span> <span class='ocrx_word' id='word_1_38' title='bbox 298 1062 436 1146; x_wconf 85' lang='lat' dir='ltr'>primus,</span> <span class='ocrx_word' id='word_1_39' title='bbox 473 1083 532 1124; x_wconf 89' lang='lat' dir='ltr'>seu</span> <span class='ocrx_word' id='word_1_40' title='bbox 568 1060 821 1126; x_wconf 87' lang='lat' dir='ltr'>archidiaconus</span> <span class='ocrx_word' id='word_1_41' title='bbox 844 1060 1015 1124; x_wconf 89' lang='lat' dir='ltr'>Pontificis</span> <span class='ocrx_word' id='word_1_42' title='bbox 1051 1062 1084 1124; x_wconf 93' lang='lat' dir='ltr'>in</span> <span class='ocrx_word' id='word_1_43' title='bbox 1123 1059 1178 1124; x_wconf 88' lang='lat' dir='ltr'>ad-</span> 
     </span>
     <span class='ocr_line' id='line_1_7' title="bbox 76 1157 1175 1244; baseline 0.004 -26"><span class='ocrx_word' id='word_1_44' title='bbox 76 1157 300 1223; x_wconf 86' lang='lat' dir='ltr'>ministratione</span> <span class='ocrx_word' id='word_1_45' title='bbox 348 1158 571 1223; x_wconf 88' lang='lat' dir='ltr'>ecclesiastica</span> <span class='ocrx_word' id='word_1_46' title='bbox 604 1158 785 1223; x_wconf 88' lang='lat' dir='ltr'>secundum</span> <span class='ocrx_word' id='word_1_47' title='bbox 822 1166 897 1244; x_wconf 89' lang='lat' dir='ltr'>post</span> <span class='ocrx_word' id='word_1_48' title='bbox 938 1157 1029 1222; x_wconf 92' lang='lat' dir='ltr'>illum</span> <span class='ocrx_word' id='word_1_49' title='bbox 1067 1158 1175 1222; x_wconf 75' lang='lat' dir='ltr'>loeium</span> 
     </span>
     <span class='ocr_line' id='line_1_8' title="bbox 75 1253 1177 1343; baseline 0.005 -29"><span class='ocrx_word' id='word_1_50' title='bbox 75 1253 199 1338; x_wconf 85' lang='lat' dir='ltr'>tenebat,</span> <span class='ocrx_word' id='word_1_51' title='bbox 222 1257 377 1343; x_wconf 76' lang='lat' dir='ltr'>adeoque</span> <span class='ocrx_word' id='word_1_52' title='bbox 407 1259 433 1320; x_wconf 91' lang='lat' dir='ltr'>si</span> <span class='ocrx_word' id='word_1_53' title='bbox 465 1259 501 1322; x_wconf 88' lang='lat' dir='ltr'>in</span> <span class='ocrx_word' id='word_1_54' title='bbox 523 1257 810 1322; x_wconf 79' lang='lat' dir='ltr'>administratione</span> <span class='ocrx_word' id='word_1_55' title='bbox 833 1279 868 1321; x_wconf 90' lang='lat' dir='ltr'>se</span> <span class='ocrx_word' id='word_1_56' title='bbox 892 1254 1080 1320; x_wconf 87' lang='lat' dir='ltr'>ostenderat</span> <span class='ocrx_word' id='word_1_57' title='bbox 1103 1279 1177 1342; x_wconf 87' lang='lat' dir='ltr'>pru-</span> 
     </span>
     <span class='ocr_line' id='line_1_9' title="bbox 75 1351 1174 1440; baseline 0.005 -27"><span class='ocrx_word' id='word_1_58' title='bbox 75 1351 188 1416; x_wconf 84' lang='lat' dir='ltr'>dentem</span> <span class='ocrx_word' id='word_1_59' title='bbox 221 1363 254 1419; x_wconf 87' lang='lat' dir='ltr'>et</span> <span class='ocrx_word' id='word_1_60' title='bbox 288 1355 445 1440; x_wconf 83' lang='lat' dir='ltr'>dignum,</span> <span class='ocrx_word' id='word_1_61' title='bbox 479 1355 660 1419; x_wconf 89' lang='lat' dir='ltr'>identidem</span> <span class='ocrx_word' id='word_1_62' title='bbox 692 1354 735 1419; x_wconf 91' lang='lat' dir='ltr'>ad</span> <span class='ocrx_word' id='word_1_63' title='bbox 759 1374 925 1418; x_wconf 89' lang='lat' dir='ltr'>summum</span> <span class='ocrx_word' id='word_1_64' title='bbox 948 1354 1174 1440; x_wconf 86' lang='lat' dir='ltr'>pontificatum</span> 
     </span>
     <span class='ocr_line' id='line_1_10' title="bbox 75 1447 247 1534; baseline 0.041 -23"><span class='ocrx_word' id='word_1_65' title='bbox 75 1447 247 1534; x_wconf 76' lang='lat' dir='ltr'>eligebatur.</span> 
     </span>
    </p>

    <p class='ocr_par' dir='ltr' id='par_1_3' title="bbox 75 1547 1273 2696">
     <span class='ocr_line' id='line_1_11' title="bbox 146 1547 1175 1638; baseline 0 -24"><span class='ocrx_word' id='word_1_66' title='bbox 146 1551 197 1615; x_wconf 83' lang='lat'>31.</span> <span class='ocrx_word' id='word_1_67' title='bbox 221 1551 506 1638; x_wconf 89' lang='lat' dir='ltr'>SuspicanturDe</span> <span class='ocrx_word' id='word_1_68' title='bbox 516 1549 689 1637; x_wconf 86' lang='lat' dir='ltr'>Rossi¹)et</span> <span class='ocrx_word' id='word_1_69' title='bbox 698 1547 903 1636; x_wconf 66' lang='lat' dir='ltr'>asamona),</span> <span class='ocrx_word' id='word_1_70' title='bbox 912 1549 1091 1616; x_wconf 87' lang='lat' dir='ltr'>Auctorem</span> <span class='ocrx_word' id='word_1_71' title='bbox 1100 1549 1175 1616; x_wconf 92' lang='lat' dir='ltr'>Phi-</span> 
     </span>
     <span class='ocr_line' id='line_1_12' title="bbox 75 1643 1175 1736; baseline 0.005 -30"><span class='ocrx_word' id='word_1_72' title='bbox 75 1643 319 1733; x_wconf 82' lang='lat' dir='ltr'>losophumsnon</span> <span class='ocrx_word' id='word_1_73' title='bbox 343 1650 445 1714; x_wconf 82' lang='lat' dir='ltr'>fuisse</span> <span class='ocrx_word' id='word_1_74' title='bbox 473 1649 651 1736; x_wconf 89' lang='lat' dir='ltr'>aliquando</span> <span class='ocrx_word' id='word_1_75' title='bbox 682 1647 859 1713; x_wconf 86' lang='lat' dir='ltr'>diaconum</span> <span class='ocrx_word' id='word_1_76' title='bbox 883 1648 1044 1731; x_wconf 83' lang='lat' dir='ltr'>Victoris3</span> <span class='ocrx_word' id='word_1_77' title='bbox 1088 1659 1175 1712; x_wconf 86' lang='lat' dir='ltr'>certe</span> 
     </span>
     <span class='ocr_line' id='line_1_13' title="bbox 75 1746 1174 1832; baseline 0.005 -26"><span class='ocrx_word' id='word_1_78' title='bbox 75 1746 178 1826; x_wconf 86' lang='lat' dir='ltr'>optime</span> <span class='ocrx_word' id='word_1_79' title='bbox 201 1747 236 1810; x_wconf 92' lang='lat' dir='ltr'>id</span> <span class='ocrx_word' id='word_1_80' title='bbox 261 1749 423 1812; x_wconf 83' lang='lat' dir='ltr'>convenit</span> <span class='ocrx_word' id='word_1_81' title='bbox 445 1767 520 1812; x_wconf 89' lang='lat' dir='ltr'>cum</span> <span class='ocrx_word' id='word_1_82' title='bbox 544 1756 700 1812; x_wconf 87' lang='lat' dir='ltr'>accurata</span> <span class='ocrx_word' id='word_1_83' title='bbox 730 1747 917 1810; x_wconf 86' lang='lat' dir='ltr'>narratione</span> <span class='ocrx_word' id='word_1_84' title='bbox 942 1767 1064 1830; x_wconf 87' lang='lat' dir='ltr'>eorum,</span> <span class='ocrx_word' id='word_1_85' title='bbox 1090 1769 1174 1832; x_wconf 89' lang='lat' dir='ltr'>quae</span> 
     </span>
     <span class='ocr_line' id='line_1_14' title="bbox 75 1841 1174 1932; baseline 0.006 -30"><span class='ocrx_word' id='word_1_86' title='bbox 75 1861 107 1902; x_wconf 82' lang='lat' dir='ltr'>cx</span> <span class='ocrx_word' id='word_1_87' title='bbox 127 1841 265 1909; x_wconf 82' lang='lat' dir='ltr'>Victoris</span> <span class='ocrx_word' id='word_1_88' title='bbox 290 1845 494 1932; x_wconf 85' lang='lat' dir='ltr'>temporibus</span> <span class='ocrx_word' id='word_1_89' title='bbox 525 1846 566 1910; x_wconf 88' lang='lat' dir='ltr'>de</span> <span class='ocrx_word' id='word_1_90' title='bbox 596 1845 724 1910; x_wconf 78' lang='lat' dir='ltr'>Callisti</span> <span class='ocrx_word' id='word_1_91' title='bbox 752 1843 851 1909; x_wconf 84' lang='lat' dir='ltr'>rebus</span> <span class='ocrx_word' id='word_1_92' title='bbox 880 1845 993 1927; x_wconf 81' lang='lat' dir='ltr'>refert,</span> <span class='ocrx_word' id='word_1_93' title='bbox 1025 1867 1174 1930; x_wconf 88' lang='lat' dir='ltr'>quaeque</span> 
     </span>
     <span class='ocr_line' id='line_1_15' title="bbox 75 1943 1173 2025; baseline -0.003 -16"><span class='ocrx_word' id='word_1_94' title='bbox 75 1959 107 2000; x_wconf 67' lang='lat' dir='ltr'>tx</span> <span class='ocrx_word' id='word_1_95' title='bbox 134 1953 220 2025; x_wconf 77' lang='lat' dir='ltr'>parts</span> <span class='ocrx_word' id='word_1_96' title='bbox 254 1965 334 2008; x_wconf 87' lang='lat' dir='ltr'>curn</span> <span class='ocrx_word' id='word_1_97' title='bbox 366 1944 653 2008; x_wconf 88' lang='lat' dir='ltr'>administratione</span> <span class='ocrx_word' id='word_1_98' title='bbox 685 1945 732 2007; x_wconf 91' lang='lat' dir='ltr'>rei</span> <span class='ocrx_word' id='word_1_99' title='bbox 765 1943 1006 2007; x_wconf 89' lang='lat' dir='ltr'>ecclesiasticae</span> <span class='ocrx_word' id='word_1_100' title='bbox 1037 1964 1173 2006; x_wconf 91' lang='lat' dir='ltr'>connec-</span> 
     </span>
     <span class='ocr_line' id='line_1_16' title="bbox 76 2040 1173 2128; baseline 0.005 -31"><span class='ocrx_word' id='word_1_101' title='bbox 76 2048 178 2104; x_wconf 85' lang='lat' dir='ltr'>tuntur.</span> <span class='ocrx_word' id='word_1_102' title='bbox 215 2041 319 2106; x_wconf 84' lang='lat' dir='ltr'>Forte</span> <span class='ocrx_word' id='word_1_103' title='bbox 342 2053 456 2128; x_wconf 89' lang='lat' dir='ltr'>postea</span> <span class='ocrx_word' id='word_1_104' title='bbox 478 2041 702 2128; x_wconf 85' lang='lat' dir='ltr'>aZephyrino</span> <span class='ocrx_word' id='word_1_105' title='bbox 726 2041 899 2127; x_wconf 86' lang='lat' dir='ltr'>presbyter</span> <span class='ocrx_word' id='word_1_106' title='bbox 921 2040 1091 2104; x_wconf 87' lang='lat' dir='ltr'>ordinatus</span> <span class='ocrx_word' id='word_1_107' title='bbox 1115 2051 1173 2123; x_wconf 88' lang='lat' dir='ltr'>est,</span> 
     </span>
     <span class='ocr_line' id='line_1_17' title="bbox 75 2138 1173 2226; baseline 0.004 -28"><span class='ocrx_word' id='word_1_108' title='bbox 75 2145 184 2221; x_wconf 81' lang='lat' dir='ltr'>etspas</span> <span class='ocrx_word' id='word_1_109' title='bbox 205 2140 235 2202; x_wconf 89' lang='lat' dir='ltr'>ei</span> <span class='ocrx_word' id='word_1_110' title='bbox 260 2142 481 2204; x_wconf 80' lang='lat' dir='ltr'>successionis</span> <span class='ocrx_word' id='word_1_111' title='bbox 504 2141 677 2226; x_wconf 81' lang='lat' dir='ltr'>adempta3</span> <span class='ocrx_word' id='word_1_112' title='bbox 702 2149 735 2204; x_wconf 90' lang='lat' dir='ltr'>et</span> <span class='ocrx_word' id='word_1_113' title='bbox 757 2161 842 2226; x_wconf 89' lang='lat' dir='ltr'>quae</span> <span class='ocrx_word' id='word_1_114' title='bbox 865 2139 1025 2224; x_wconf 84' lang='lat' dir='ltr'>Eulogius</span> <span class='ocrx_word' id='word_1_115' title='bbox 1049 2138 1090 2203; x_wconf 90' lang='lat' dir='ltr'>de</span> <span class='ocrx_word' id='word_1_116' title='bbox 1110 2139 1173 2202; x_wconf 90' lang='lat' dir='ltr'>No-</span> 
     </span>
     <span class='ocr_line' id='line_1_18' title="bbox 78 2235 1173 2324; baseline 0.008 -32"><span class='ocrx_word' id='word_1_117' title='bbox 78 2235 188 2298; x_wconf 81' lang='lat' dir='ltr'>vatiano</span> <span class='ocrx_word' id='word_1_118' title='bbox 211 2247 337 2321; x_wconf 88' lang='lat' dir='ltr'>narrat,</span> <span class='ocrx_word' id='word_1_119' title='bbox 362 2240 397 2303; x_wconf 88' lang='lat' dir='ltr'>in</span> <span class='ocrx_word' id='word_1_120' title='bbox 420 2238 595 2303; x_wconf 84' lang='lat' dir='ltr'>eventibus</span> <span class='ocrx_word' id='word_1_121' title='bbox 623 2238 843 2302; x_wconf 89' lang='lat' dir='ltr'>anterioribus</span> <span class='ocrx_word' id='word_1_122' title='bbox 867 2235 1034 2324; x_wconf 86' lang='lat' dir='ltr'>quoddam</span> <span class='ocrx_word' id='word_1_123' title='bbox 1057 2235 1173 2302; x_wconf 86' lang='lat' dir='ltr'>funda·</span> 
     </span>
     <span class='ocr_line' id='line_1_19' title="bbox 77 2333 1173 2424; baseline 0.007 -33"><span class='ocrx_word' id='word_1_124' title='bbox 77 2342 199 2396; x_wconf 85' lang='lat' dir='ltr'>mentum</span> <span class='ocrx_word' id='word_1_125' title='bbox 223 2333 361 2401; x_wconf 88' lang='lat' dir='ltr'>habent.</span> <span class='ocrx_word' id='word_1_126' title='bbox 408 2337 491 2424; x_wconf 82' lang='lat' dir='ltr'>Ejus</span> <span class='ocrx_word' id='word_1_127' title='bbox 514 2335 642 2400; x_wconf 85' lang='lat' dir='ltr'>aversio</span> <span class='ocrx_word' id='word_1_128' title='bbox 668 2345 781 2400; x_wconf 88' lang='lat' dir='ltr'>contra</span> <span class='ocrx_word' id='word_1_129' title='bbox 804 2335 1030 2422; x_wconf 87' lang='lat' dir='ltr'>Zephyriuum</span> <span class='ocrx_word' id='word_1_130' title='bbox 1055 2343 1087 2399; x_wconf 87' lang='lat' dir='ltr'>et</span> <span class='ocrx_word' id='word_1_131' title='bbox 1102 2333 1173 2399; x_wconf 84' lang='lat' dir='ltr'>Cal·</span> 
     </span>
     <span class='ocr_line' id='line_1_20' title="bbox 76 2423 1173 2521; baseline 0.005 -29"><span class='ocrx_word' id='word_1_132' title='bbox 76 2423 166 2494; x_wconf 83' lang='lat' dir='ltr'>listum</span> <span class='ocrx_word' id='word_1_133' title='bbox 187 2435 315 2517; x_wconf 79' lang='lat' dir='ltr'>pariter</span> <span class='ocrx_word' id='word_1_134' title='bbox 338 2433 401 2498; x_wconf 91' lang='lat' dir='ltr'>hac</span> <span class='ocrx_word' id='word_1_135' title='bbox 425 2435 459 2499; x_wconf 91' lang='lat' dir='ltr'>in</span> <span class='ocrx_word' id='word_1_136' title='bbox 483 2436 708 2521; x_wconf 88' lang='lat' dir='ltr'>suppositione</span> <span class='ocrx_word' id='word_1_137' title='bbox 731 2433 828 2498; x_wconf 89' lang='lat' dir='ltr'>facile</span> <span class='ocrx_word' id='word_1_138' title='bbox 852 2433 1046 2519; x_wconf 85' lang='lat' dir='ltr'>explicatur.</span> <span class='ocrx_word' id='word_1_139' title='bbox 1093 2431 1173 2497; x_wconf 79' lang='lat' dir='ltr'>an-</span> 
     </span>
     <span class='ocr_line' id='line_1_21' title="bbox 76 2529 1273 2619; baseline 0.008 -33"><span class='ocrx_word' id='word_1_140' title='bbox 76 2532 161 2591; x_wconf 84' lang='lat' dir='ltr'>tcrum</span> <span class='ocrx_word' id='word_1_141' title='bbox 183 2529 265 2596; x_wconf 86' lang='lat' dir='ltr'>baec</span> <span class='ocrx_word' id='word_1_142' title='bbox 290 2553 349 2618; x_wconf 89' lang='lat' dir='ltr'>pro</span> <span class='ocrx_word' id='word_1_143' title='bbox 372 2543 520 2619; x_wconf 89' lang='lat' dir='ltr'>tempore</span> <span class='ocrx_word' id='word_1_144' title='bbox 543 2543 673 2607; x_wconf 84' lang='lat' dir='ltr'>tantum</span> <span class='ocrx_word' id='word_1_145' title='bbox 696 2530 857 2596; x_wconf 88' lang='lat' dir='ltr'>habemus</span> <span class='ocrx_word' id='word_1_146' title='bbox 880 2541 917 2596; x_wconf 92' lang='lat' dir='ltr'>ut</span> <span class='ocrx_word' id='word_1_147' title='bbox 939 2533 1171 2616; x_wconf 86' lang='lat' dir='ltr'>suspicionem,</span> <span class='ocrx_word' id='word_1_148' title='bbox 1269 2550 1273 2556; x_wconf 83' lang='grc'><strong>’</strong></span> 
     </span>
     <span class='ocr_line' id='line_1_22' title="bbox 77 2629 697 2696; baseline 0.021 -13"><span class='ocrx_word' id='word_1_149' title='bbox 77 2642 128 2686; x_wconf 88' lang='lat' dir='ltr'>uon</span> <span class='ocrx_word' id='word_1_150' title='bbox 148 2629 232 2692; x_wconf 86' lang='lat' dir='ltr'>omni</span> <span class='ocrx_word' id='word_1_151' title='bbox 253 2629 474 2696; x_wconf 86' lang='lat' dir='ltr'>fundamento</span> <span class='ocrx_word' id='word_1_152' title='bbox 497 2630 697 2696; x_wconf 89' lang='lat' dir='ltr'>destitutam.</span> 
     </span>
    </p>
   </div>
   <div class='ocr_carea' id='block_1_3' title="bbox 151 2813 1084 3124">
    <p class='ocr_par' dir='ltr' id='par_1_4' title="bbox 151 2813 1084 3124">
     <span class='ocr_line' id='line_1_23' title="bbox 568 2813 652 2878; baseline 0 0"><span class='ocrx_word' id='word_1_153' title='bbox 568 2813 652 2878; x_wconf 76' lang='lat' dir='ltr'>m.</span> 
     </span>
     <span class='ocr_line' id='line_1_24' title="bbox 151 2898 1084 3007; baseline 0.003 -20"><span class='ocrx_word' id='word_1_154' title='bbox 151 2923 363 2992; x_wconf 70' lang='lat' dir='ltr'>Examen</span> <span class='ocrx_word' id='word_1_155' title='bbox 385 2898 717 2993; x_wconf 67' lang='lat' dir='ltr'>accusationis</span> <span class='ocrx_word' id='word_1_156' title='bbox 740 2928 794 2993; x_wconf 79' lang='lat' dir='ltr'>dc</span> <span class='ocrx_word' id='word_1_157' title='bbox 816 2927 1084 3007; x_wconf 73' lang='lat' dir='ltr'>disciplima</span> 
     </span>
     <span class='ocr_line' id='line_1_25' title="bbox 293 3041 923 3124; baseline -0.002 -18"><span class='ocrx_word' id='word_1_158' title='bbox 293 3056 379 3122; x_wconf 78' lang='lat' dir='ltr'>per</span> <span class='ocrx_word' id='word_1_159' title='bbox 402 3041 658 3108; x_wconf 76' lang='lat' dir='ltr'>Callistum</span> <span class='ocrx_word' id='word_1_160' title='bbox 680 3047 923 3124; x_wconf 80' lang='lat' dir='ltr'>corrupto.</span> 
     </span>
    </p>
   </div>
   <div class='ocr_carea' id='block_1_4' title="bbox 77 3159 1303 3938">
    <p class='ocr_par' dir='ltr' id='par_1_5' title="bbox 77 3159 1303 3938">
     <span class='ocr_line' id='line_1_26' title="bbox 146 3159 1169 3253; baseline 0.002 -27"><span class='ocrx_word' id='word_1_161' title='bbox 146 3159 194 3228; x_wconf 77' lang='lat'>32.</span> <span class='ocrx_word' id='word_1_162' title='bbox 218 3163 347 3229; x_wconf 80' lang='lat' dir='ltr'>Auctor</span> <span class='ocrx_word' id='word_1_163' title='bbox 368 3163 693 3253; x_wconf 89' lang='lat' dir='ltr'>Philosophumenon</span> <span class='ocrx_word' id='word_1_164' title='bbox 716 3185 837 3252; x_wconf 83' lang='lat' dir='ltr'>magna</span> <span class='ocrx_word' id='word_1_165' title='bbox 861 3187 936 3230; x_wconf 89' lang='lat' dir='ltr'>cum</span> <span class='ocrx_word' id='word_1_166' title='bbox 960 3165 1169 3230; x_wconf 81' lang='lat' dir='ltr'>vehementia</span> 
     </span>
     <span class='ocr_line' id='line_1_27' title="bbox 78 3251 1169 3350; baseline 0.005 -30"><span class='ocrx_word' id='word_1_167' title='bbox 78 3251 224 3326; x_wconf 81' lang='lat' dir='ltr'>Callistum</span> <span class='ocrx_word' id='word_1_168' title='bbox 255 3274 327 3327; x_wconf 88' lang='lat' dir='ltr'>tum</span> <span class='ocrx_word' id='word_1_169' title='bbox 360 3263 401 3328; x_wconf 90' lang='lat' dir='ltr'>de</span> <span class='ocrx_word' id='word_1_170' title='bbox 433 3264 560 3328; x_wconf 90' lang='lat' dir='ltr'>haeresi</span> <span class='ocrx_word' id='word_1_171' title='bbox 593 3264 738 3329; x_wconf 88' lang='lat' dir='ltr'>admissa</span> <span class='ocrx_word' id='word_1_172' title='bbox 770 3272 803 3329; x_wconf 88' lang='lat' dir='ltr'>et</span> <span class='ocrx_word' id='word_1_173' title='bbox 833 3265 1009 3350; x_wconf 89' lang='lat' dir='ltr'>proposita,</span> <span class='ocrx_word' id='word_1_174' title='bbox 1034 3273 1104 3326; x_wconf 92' lang='lat' dir='ltr'>tum</span> <span class='ocrx_word' id='word_1_175' title='bbox 1128 3262 1169 3326; x_wconf 89' lang='lat' dir='ltr'>de</span> 
     </span>
     <span class='ocr_line' id='line_1_28' title="bbox 77 3349 1303 3452; baseline 0.003 -32"><span class='ocrx_word' id='word_1_176' title='bbox 77 3369 206 3444; x_wconf 71' lang='lat' dir='ltr'>compta</span> <span class='ocrx_word' id='word_1_177' title='bbox 235 3359 413 3448; x_wconf 90' lang='lat' dir='ltr'>disciplina</span> <span class='ocrx_word' id='word_1_178' title='bbox 444 3362 668 3428; x_wconf 88' lang='lat' dir='ltr'>ecclesiastica</span> <span class='ocrx_word' id='word_1_179' title='bbox 697 3365 815 3448; x_wconf 87' lang='lat' dir='ltr'>arguit.</span> <span class='ocrx_word' id='word_1_180' title='bbox 861 3363 1011 3427; x_wconf 88' lang='lat' dir='ltr'>Primum</span> <span class='ocrx_word' id='word_1_181' title='bbox 1041 3360 1083 3426; x_wconf 90' lang='lat' dir='ltr'>de</span> <span class='ocrx_word' id='word_1_182' title='bbox 1106 3360 1168 3424; x_wconf 88' lang='lat' dir='ltr'>hac</span> <span class='ocrx_word' id='word_1_183' title='bbox 1199 3349 1303 3452; x_wconf 42' lang='lat' dir='ltr'>{w</span> 
     </span>
     <span class='ocr_line' id='line_1_29' title="bbox 77 3447 1167 3548; baseline 0 -27"><span class='ocrx_word' id='word_1_184' title='bbox 77 3447 171 3519; x_wconf 73' lang='lat' dir='ltr'>ultima</span> <span class='ocrx_word' id='word_1_185' title='bbox 200 3461 412 3524; x_wconf 89' lang='lat' dir='ltr'>accusatione</span> <span class='ocrx_word' id='word_1_186' title='bbox 436 3483 587 3546; x_wconf 83' lang='lat' dir='ltr'>agamus3</span> <span class='ocrx_word' id='word_1_187' title='bbox 621 3483 789 3548; x_wconf 91' lang='lat' dir='ltr'>quumque</span> <span class='ocrx_word' id='word_1_188' title='bbox 813 3461 940 3524; x_wconf 85' lang='lat' dir='ltr'>Auctor</span> <span class='ocrx_word' id='word_1_189' title='bbox 968 3481 1035 3525; x_wconf 94' lang='lat' dir='ltr'>non</span> <span class='ocrx_word' id='word_1_190' title='bbox 1058 3458 1167 3547; x_wconf 90' lang='lat' dir='ltr'>aliquo</span> 
     </span>
     <span class='ocr_line' id='line_1_30' title="bbox 77 3547 1167 3647; baseline 0.006 -34"><span class='ocrx_word' id='word_1_191' title='bbox 77 3547 170 3616; x_wconf 83' lang='lat' dir='ltr'>ordine</span> <span class='ocrx_word' id='word_1_192' title='bbox 191 3559 419 3624; x_wconf 86' lang='lat' dir='ltr'>accusationes</span> <span class='ocrx_word' id='word_1_193' title='bbox 443 3570 626 3642; x_wconf 86' lang='lat' dir='ltr'>connectat,</span> <span class='ocrx_word' id='word_1_194' title='bbox 660 3559 718 3626; x_wconf 87' lang='lat' dir='ltr'>sed</span> <span class='ocrx_word' id='word_1_195' title='bbox 742 3582 780 3624; x_wconf 85' lang='lat' dir='ltr'>ca</span> <span class='ocrx_word' id='word_1_196' title='bbox 804 3561 948 3647; x_wconf 87' lang='lat' dir='ltr'>proferat</span> <span class='ocrx_word' id='word_1_197' title='bbox 970 3559 1021 3624; x_wconf 90' lang='lat' dir='ltr'>uti</span> <span class='ocrx_word' id='word_1_198' title='bbox 1041 3556 1167 3621; x_wconf 92' lang='lat' dir='ltr'>homini</span> 
     </span>
     <span class='ocr_line' id='line_1_31' title="bbox 79 3643 1169 3743; baseline 0.009 -35"><span class='ocrx_word' id='word_1_199' title='bbox 79 3643 143 3712; x_wconf 85' lang='lat' dir='ltr'>irato</span> <span class='ocrx_word' id='word_1_200' title='bbox 164 3655 253 3719; x_wconf 87' lang='lat' dir='ltr'>varia</span> <span class='ocrx_word' id='word_1_201' title='bbox 276 3656 311 3718; x_wconf 92' lang='lat' dir='ltr'>in</span> <span class='ocrx_word' id='word_1_202' title='bbox 342 3667 485 3721; x_wconf 88' lang='lat' dir='ltr'>mentem</span> <span class='ocrx_word' id='word_1_203' title='bbox 515 3660 664 3740; x_wconf 79' lang='lat' dir='ltr'>veniunt,</span> <span class='ocrx_word' id='word_1_204' title='bbox 695 3681 734 3722; x_wconf 93' lang='lat' dir='ltr'>ea</span> <span class='ocrx_word' id='word_1_205' title='bbox 767 3656 808 3721; x_wconf 89' lang='lat' dir='ltr'>de</span> <span class='ocrx_word' id='word_1_206' title='bbox 838 3655 977 3743; x_wconf 83' lang='lat' dir='ltr'>singulis</span> <span class='ocrx_word' id='word_1_207' title='bbox 1004 3651 1169 3743; x_wconf 87' lang='lat' dir='ltr'>capitibus</span> 
     </span>
     <span class='ocr_line' id='line_1_32' title="bbox 78 3753 1168 3842; baseline 0.006 -31"><span class='ocrx_word' id='word_1_208' title='bbox 78 3761 189 3828; x_wconf 55' lang='lat' dir='ltr'>Quoius</span> <span class='ocrx_word' id='word_1_209' title='bbox 209 3754 347 3836; x_wconf 88' lang='lat' dir='ltr'>ratione,</span> <span class='ocrx_word' id='word_1_210' title='bbox 372 3776 438 3842; x_wconf 91' lang='lat' dir='ltr'>qua</span> <span class='ocrx_word' id='word_1_211' title='bbox 452 3754 639 3820; x_wconf 89' lang='lat' dir='ltr'>distinctius</span> <span class='ocrx_word' id='word_1_212' title='bbox 655 3756 786 3842; x_wconf 87' lang='lat' dir='ltr'>singula</span> <span class='ocrx_word' id='word_1_213' title='bbox 802 3753 959 3820; x_wconf 85' lang='lat' dir='ltr'>videntur</span> <span class='ocrx_word' id='word_1_214' title='bbox 981 3776 1075 3842; x_wconf 91' lang='lat' dir='ltr'>posse</span> <span class='ocrx_word' id='word_1_215' title='bbox 1099 3776 1168 3841; x_wconf 89' lang='lat' dir='ltr'>per-</span> 
     </span>
     <span class='ocr_line' id='line_1_33' title="bbox 79 3841 1168 3938; baseline 0.011 -34"><span class='ocrx_word' id='word_1_216' title='bbox 79 3841 152 3924; x_wconf 76' lang='lat' dir='ltr'>spici.</span> <span class='ocrx_word' id='word_1_217' title='bbox 193 3848 239 3916; x_wconf 90' lang='lat' dir='ltr'>Ut</span> <span class='ocrx_word' id='word_1_218' title='bbox 274 3872 352 3916; x_wconf 83' lang='lat' dir='ltr'>vero</span> <span class='ocrx_word' id='word_1_219' title='bbox 385 3853 513 3918; x_wconf 88' lang='lat' dir='ltr'>occasio</span> <span class='ocrx_word' id='word_1_220' title='bbox 546 3851 676 3918; x_wconf 88' lang='lat' dir='ltr'>illarum</span> <span class='ocrx_word' id='word_1_221' title='bbox 708 3855 957 3918; x_wconf 87' lang='lat' dir='ltr'>accusationum</span> <span class='ocrx_word' id='word_1_222' title='bbox 990 3873 1168 3938; x_wconf 88' lang='lat' dir='ltr'>earumque</span> 
     </span>
    </p>
   </div>
   <div class='ocr_carea' id='block_1_5' title="bbox 79 3937 1168 4235">
    <p class='ocr_par' dir='ltr' id='par_1_6' title="bbox 79 3937 1168 4235">
     <span class='ocr_line' id='line_1_34' title="bbox 79 3937 1166 4038; baseline 0.013 -40"><span class='ocrx_word' id='word_1_223' title='bbox 79 3937 181 4008; x_wconf 88' lang='lat' dir='ltr'>indoles</span> <span class='ocrx_word' id='word_1_224' title='bbox 203 3947 413 4034; x_wconf 81' lang='lat' dir='ltr'>intelligatur,</span> <span class='ocrx_word' id='word_1_225' title='bbox 438 3949 519 4016; x_wconf 89' lang='lat' dir='ltr'>haec</span> <span class='ocrx_word' id='word_1_226' title='bbox 535 3951 744 4018; x_wconf 87' lang='lat' dir='ltr'>observanda</span> <span class='ocrx_word' id='word_1_227' title='bbox 765 3953 916 4018; x_wconf 85' lang='lat' dir='ltr'>veniunt.</span> <span class='ocrx_word' id='word_1_228' title='bbox 939 3951 993 4016; x_wconf 82' lang='lat' dir='ltr'>Ex</span> <span class='ocrx_word' id='word_1_229' title='bbox 1016 3971 1054 4014; x_wconf 88' lang='lat' dir='ltr'>eo</span> <span class='ocrx_word' id='word_1_230' title='bbox 1079 3947 1166 4038; x_wconf 90' lang='lat' dir='ltr'>quod</span> 
     </span>
     <span class='ocr_line' id='line_1_35' title="bbox 81 4037 1167 4135; baseline 0.011 -35"><span class='ocrx_word' id='word_1_231' title='bbox 81 4037 227 4110; x_wconf 82' lang='lat' dir='ltr'>multitudo</span> <span class='ocrx_word' id='word_1_232' title='bbox 251 4057 319 4110; x_wconf 87' lang='lat' dir='ltr'>tam</span> <span class='ocrx_word' id='word_1_233' title='bbox 343 4043 454 4135; x_wconf 86' lang='lat' dir='ltr'>ampla</span> <span class='ocrx_word' id='word_1_234' title='bbox 477 4071 592 4114; x_wconf 87' lang='lat' dir='ltr'>versus</span> <span class='ocrx_word' id='word_1_235' title='bbox 615 4051 715 4116; x_wconf 84' lang='lat' dir='ltr'>linem</span> <span class='ocrx_word' id='word_1_236' title='bbox 739 4045 861 4116; x_wconf 89' lang='lat' dir='ltr'>saeculi</span> <span class='ocrx_word' id='word_1_237' title='bbox 886 4047 1024 4114; x_wconf 87' lang='lat' dir='ltr'>secundi</span> <span class='ocrx_word' id='word_1_238' title='bbox 1047 4047 1090 4112; x_wconf 89' lang='lat' dir='ltr'>ad</span> <span class='ocrx_word' id='word_1_239' title='bbox 1105 4045 1167 4114; x_wconf 82' lang='lat' dir='ltr'>Ec-</span> 
     </span>
     <span class='ocr_line' id='line_1_36' title="bbox 80 4131 1168 4235; baseline 0.007 -34"><span class='ocrx_word' id='word_1_240' title='bbox 80 4131 188 4205; x_wconf 74' lang='lat' dir='ltr'>elatam</span> <span class='ocrx_word' id='word_1_241' title='bbox 216 4143 360 4230; x_wconf 82' lang='lat' dir='ltr'>veniret,</span> <span class='ocrx_word' id='word_1_242' title='bbox 391 4169 502 4212; x_wconf 89' lang='lat' dir='ltr'>rerum</span> <span class='ocrx_word' id='word_1_243' title='bbox 533 4159 637 4213; x_wconf 89' lang='lat' dir='ltr'>status</span> <span class='ocrx_word' id='word_1_244' title='bbox 659 4150 813 4235; x_wconf 86' lang='lat' dir='ltr'>provenit</span> <span class='ocrx_word' id='word_1_245' title='bbox 846 4149 903 4235; x_wconf 91' lang='lat' dir='ltr'>qui</span> <span class='ocrx_word' id='word_1_246' title='bbox 931 4146 1106 4230; x_wconf 87' lang='lat' dir='ltr'>suadebat,</span> <span class='ocrx_word' id='word_1_247' title='bbox 1130 4147 1168 4210; x_wconf 84' lang='lat' dir='ltr'>ut</span> 
     </span>
    </p>
   </div>
   <div class='ocr_carea' id='block_1_6' title="bbox 110 4257 1094 4378">
    <p class='ocr_par' dir='ltr' id='par_1_7' title="bbox 110 4257 1094 4378">
     <span class='ocr_line' id='line_1_37' title="bbox 110 4257 1094 4378; baseline 0.002 -14"><span class='ocrx_word' id='word_1_248' title='bbox 110 4257 405 4375; x_wconf 48' lang='lat' dir='ltr'>fideman</span> <span class='ocrx_word' id='word_1_249' title='bbox 546 4308 569 4378; x_wconf 75' lang='lat'>¹)</span> <span class='ocrx_word' id='word_1_250' title='bbox 588 4297 1094 4378; x_wconf 61' lang='lat' dir='ltr'>maraseuaawmsuo</span> 
     </span>
    </p>
   </div>
   <div class='ocr_carea' id='block_1_7' title="bbox 0 0 1442 4814">
    <p class='ocr_par' dir='ltr' id='par_1_8' title="bbox 0 0 1442 4814">
     <span class='ocr_line' id='line_1_38' title="bbox 0 0 1442 4814; baseline 0 0"><span class='ocrx_word' id='word_1_251' title='bbox 0 0 1442 4814; x_wconf 95' lang='lat' dir='ltr'> </span> 
     </span>
    </p>
   </div>
  </div>
 </body>
</html>
