2900 4800
361 468 496 535 Quomodo
514 467 650 522 Caudium
669 468 694 520 V
711 467 751 521 sit
767 467 971 522 oecumenicum.
1168 467 1222 522 381

103 631 277 674 connexae
291 621 399 674 essem
422 601 590 674 damuatio
616 611 716 674 trium
728 609 955 696 Capitnlorum
979 609 1222 696 pervigilium,

104 721 140 771 et
163 707 220 772 illa
243 729 302 794 per
318 706 504 772 Concilium
529 709 681 793 quintum
704 708 808 789 iacta,
833 729 936 794 quum
960 706 1023 771 hoc
1038 705 1223 772 Concilium

104 807 202 870 initio
226 827 266 869 ea
289 807 470 870 intentione
494 813 711 870 convocatum
744 805 869 884 fuisset,
894 813 930 868 ut
953 803 1108 888 Synodns
1130 825 1223 868 oecu-

104 905 238 968 menica
262 903 498 982 celebraretur,
528 904 563 966 in
596 905 771 988 ipsumque
803 902 848 966 do'
856 902 950 988 sacto
978 902 1093 968 saltem
1115 903 1224 968 refun-

104 1002 240 1064 deretur
263 1000 431 1065 damuatio
456 1002 555 1064 trium
580 999 825 1086 Capitulorum,
849 999 1007 1086 paulatim
1031 1000 1162 1080 accidit,
1186 1011 1226 1064 ut

103 1101 206 1162 etiam
231 1119 351 1162 nomen
382 1109 414 1161 et
446 1097 590 1183 dignitas
620 1100 823 1162 oecumenici
846 1096 988 1164 Concilii
1017 1097 1065 1162 illi
1095 1097 1224 1182 synodo

103 1200 242 1282 quintae
266 1195 511 1261 concederetur.
559 1197 670 1276 Quum
694 1195 871 1261 Pontifices
898 1195 1053 1260 videlieet
1086 1196 1223 1282 ejfoatam

103 1293 247 1359 Concilii
272 1293 503 1380 approbarent,
518 1293 575 1358 illa
591 1294 795 1358 confirmatio
807 1293 911 1357 veluti
923 1293 1043 1358 recidit
1057 1295 1092 1357 in
1116 1295 1223 1379 ipsum

103 1391 305 1457 Concilium.
902 1403 903 1408 ’

194 1587 248 1651 94;
273 1581 426 1670 Pelagius
449 1585 480 1667 l,
504 1585 619 1670 Vigilii
644 1607 826 1668 succensor,
851 1584 1037 1650 Concilium
1052 1586 1259 1652 CPtauumu.
1278 1605 1303 1646 u.
1319 1605 1396 1648 roim

100 1683 283 1750 rmiversale
302 1685 451 1748 nominat
465 1685 498 1750 iu
514 1685 609 1769 epist.
625 1683 654 1746 V
672 1682 715 1748 ad
730 1683 900 1747 Nursetem
915 1685 1095 1748 Patricium
1111 1694 1224 1748 contro.
1286 1665 1343 1708 Μ’

100 1781 283 1846 Paulinum
306 1781 554 1866 Aquilejensem
579 1780 745 1846 scribens:
771 1782 838 1844 Nea
862 1781 951 1844 licuit
973 1783 1146 1866 aliquando
1168 1806 1225 1846 aec

101 1879 211 1944 licebit
227 1879 458 1965 particularem
481 1879 633 1962 mnodum
655 1899 863 1964 oouprepam
893 1879 949 1942 sed
972 1881 1091 1964 quoties
1114 1879 1224 1965 aliqua

100 1977 141 2039 de
168 1977 341 2042 uniuersali
374 1973 493 2062 tyrroda
526 1975 684 2061 aliquibus
715 1976 871 2040 dubitatio
901 1979 1057 2054 nmoimr,
1080 1977 1125 2039 ccl
1146 1980 1222 2040 reci-

95 2074 255 2159 piandam
283 2075 322 2137 de
356 2097 391 2137 eo
423 2073 507 2158 quod
541 2095 605 2136 non
625 2074 806 2159 intellifflmt
836 2076 1007 2152 rationem,
1029 2121 1036 2137 .
1058 2123 1089 2138 ..
1114 2085 1223 2160 epacte

100 2174 142 2250 ii,
169 2173 224 2257 qui
246 2173 378 2235 relatam
410 2173 537 2235 amando
562 2195 637 2235 meae
660 2172 850 2250 desiderant,
875 2171 1147 2257 adapostolicam
1171 2171 1224 2236 Sa-

101 2269 174 2330 dem
191 2291 255 2354 pro
285 2269 468 2354 recipienda
500 2269 625 2333 ratione
658 2271 853 2334 carmaniam.
901 2269 953 2332 Ita
976 2271 1075 2333 etiam
1099 2271 1134 2332 in
1157 2271 1225 2356 epi-

100 2367 186 2430 stola
200 2367 252 2430 ΙΙΙ
275 2367 316 2432 od
342 2367 493 2430 eumdem
509 2367 655 2452 loquitur
674 2367 713 2430 de
720 2368 844 2455 judicio
868 2367 1058 2432 unioeraalia
1077 2366 1223 2446 Caecilii,

101 2465 189 2551 quod
213 2464 494 2552 Constantinopoli
515 2487 617 2551 uapor
641 2476 743 2528 actum
766 2477 820 2529 ert.
849 2465 999 2530 Dubium
1023 2476 1134 2530 tamen
1157 2487 1224 2530 mo·

9 2543 11 2596 l
101 2564 174 2626 veri
199 2573 315 2649 potest,
339 2574 450 2626 utrum
474 2562 537 2627 hac
561 2562 780 2648 appellatione
810 2563 1002 2628 unicaraalr'e
1029 2564 1151 2650 synodi,
1175 2564 1223 2628 illi

9 2697 10 2720 i
102 2658 253 2724 Concilio
273 2661 344 2747 jam
368 2662 563 2743 dignitatem
586 2659 726 2724 Concilii
750 2680 828 2723 vere
851 2662 1055 2724 oecumenici
1078 2661 1224 2726 tribuere

101 2757 256 2823 voluerit.
302 2759 436 2822 Etenim
470 2779 568 2843 saepe
592 2759 726 2822 nomine
758 2757 954 2821 universalis
978 2758 1109 2822 concilii
1133 2759 1223 2844 apud

103 2857 261 2941 antiquos
276 2857 375 2920 etiam
391 2855 538 2940 synodus
550 2854 787 2942 appellabatur,
803 2876 887 2941 quae
911 2877 952 2918 ex
977 2857 1077 2920 variis
1091 2860 1218 2942 provin·

9 2999 10 3022 2
102 2954 166 3016 ciis
199 2962 232 3016 et
261 2953 451 3038 regionibus
484 2963 682 3038 ‹.ongregata
715 2964 794 3034 erat,
828 2955 980 3038 quamvis
1012 2976 1078 3020 uon
1111 2957 1224 3020 stricto

102 3073 204 3118 sensu
227 3052 439 3115 oecumenica
463 3061 555 3116 esset.
586 3052 760 3116 Praeterea
782 3053 816 3115 in
841 3073 900 3116 sua
916 3051 1063 3136 lbistola
1087 3052 1131 3115 ad
1153 3055 1224 3116 runi-

9 3095 11 3190 l
102 3171 226 3216 cereum
255 3147 409 3235 populum
431 3149 496 3212 Dei
525 3149 563 3212 de
577 3149 645 3232 fide
678 3150 844 3227 catholico,
878 3152 1095 3213 reverentiam
1128 3173 1222 3214 suam

102 3251 226 3314 fatetur
248 3249 282 3310 in
307 3255 446 3332 quatuor
463 3244 612 3310 Concilio
634 3249 856 3326 oecumenica,
882 3247 932 3334 (ut
954 3246 1104 3311 ostendat
1128 3245 1223 3311 Chal·

9 3339 10 3366 *
103 3347 291 3411 redonense
315 3343 501 3408 Concilium
526 3343 712 3408 nullatenus
746 3365 814 3408 esse
840 3343 1054 3430 depressum),
1078 3367 1144 3408 non
1170 3344 1225 3409 de-

103 3447 215 3528 signat
237 3451 347 3506 autem
381 3439 462 3505 illud
487 3439 659 3505 CPtauum
692 3451 850 3528 tanquam
883 3444 962 3546 ips'ps
986 3463 1222 3506 connumeran-

103 3543 195 3606 dum.
244 3539 404 3620 Quamvis
435 3541 536 3623 igitur
566 3539 662 3602 nobis
696 3539 850 3602 videatur
881 3539 936 3602 illa
965 3543 1165 3625 comparatio
1190 3550 1224 3604 et

104 3639 235 3703 collatio
266 3641 301 3702 in
334 3637 471 3722 epistola
495 3639 611 3723 quinta
645 3639 731 3700 inter
762 3638 915 3722 synodum
938 3637 1167 3723 particularem
1190 3649 1222 3702 et

104 3735 314 3801 raniremulem
344 3735 491 3813 suadere,
526 3733 697 3817 Pelagium
727 3735 798 3819 jam
832 3733 1017 3798 Concilium
1051 3733 1222 3800 CPtauum

105 3835 295 3917 designasse
320 3843 356 3896 ut
379 3835 642 3913 oecumenicum,
668 3831 809 3916 licetque
833 3843 982 3897 auctores
1006 3832 1152 3918 plerique
1176 3835 1223 3896 itu

105 3941 271 4010 censeant,
296 3953 365 3994 rem
390 3932 424 3993 in
448 3931 585 4016 ancipiti
617 3929 843 4014 relinquimus.
890 3931 944 3993 Ex
966 3930 1091 4012 Pelagii
1116 3931 1150 3992 Il
1172 3931 1223 3994 lit-

104 4031 183 4094 teris
207 4030 305 4092 etiem
339 4039 570 4111 argumentum
603 4028 734 4091 firmum
759 4027 885 4090 desumi
916 4030 1038 4114 nequit,
1064 4049 1127 4113 quo
1151 4051 1224 4113 pro-

105 4128 211 4210 betur,
244 4149 320 4190 eum
346 4125 529 4190 Concilium
563 4125 642 4188 illud
669 4124 839 4190 CPtauum
871 4127 905 4188 in
929 4147 966 4188 co
990 4125 1131 4206 honore,
1157 4149 1223 4212 quo

105 4225 248 4312 reliquus
272 4233 412 4312 quatuor
435 4223 585 4308 Synodos
609 4225 846 4304 oecumenicas,
871 4223 1034 4287 habuisse.
