2900 4800
222 439 282 493 ur
452 481 455 492 .
596 437 635 490 De
654 449 735 490 causa
752 435 865 490 Honoril
884 437 916 493 n.
936 437 966 494 P.

225 580 393 645 Christum
415 581 596 645 Dominum
629 580 803 644 nobiscum
833 581 867 644 in
900 581 1048 667 utrisque
1071 583 1198 646 naturis
1220 580 1337 645 divina
1439 587 1440 644 l

224 678 277 744 vel
301 678 447 743 humana
469 677 662 763 praedicent
684 687 886 762 operantem.
941 679 1152 765 Quamquam
1167 678 1242 760 hos,
1260 699 1342 765 quos
1439 697 1440 752 j

223 777 267 841 ad
290 797 350 841 nos
378 775 567 862 praedictus
589 775 691 840 frater
713 787 746 839 et
769 777 984 862 coepiscopus
1008 785 1119 840 noster
1137 775 1341 862 Sophronias
1439 809 1440 816 ι

224 875 332 955 misit,
361 875 596 954 instruximus,
624 893 667 937 ne
703 873 843 938 duarum
876 874 1104 959 operationum
1140 875 1340 939 vocabulum
1439 947 1440 960 χ

224 972 381 1056 deinceps
404 971 596 1057 praedicare
619 973 798 1054 innitatur3
823 971 913 1058 quod
933 973 1168 1063 instantissime
1183 973 1341 1060 promise·
1439 1023 1440 1064 ,

223 1080 300 1134 runt
315 1069 521 1155 praedictum
536 1070 646 1132 viram
661 1091 732 1134 esse
754 1071 936 1152 facturum,
961 1071 988 1134 si
1003 1072 1103 1134 etiam
1120 1069 1229 1154 Cyme
1242 1070 1343 1134 frater
1439 1067 1440 1088 ¹

224 1179 256 1232 et
279 1169 492 1252 eoepiscopus
522 1175 632 1231 noster
658 1166 702 1231 ab
733 1169 832 1232 unius
861 1169 1062 1254 operationis
1090 1167 1256 1232 vocabulo
1280 1166 1341 1231 dis·
1439 1179 1440 1246 ζ

224 1263 423 1351 cesserit¹).“

312 1363 367 1427 41.
390 1362 580 1447 Antequam
611 1381 751 1426 examen
783 1360 993 1448 epistolarum
1024 1362 1164 1428 Honor-ii
1193 1365 1344 1428 institua-

225 1483 308 1541 mus,
341 1461 498 1525 convenit
526 1461 642 1545 paucis
665 1459 851 1524 describere
881 1469 1019 1524 eventus
1050 1461 1264 1546 praecipuos,
1289 1461 1344 1547 qni
1439 1479 1440 1540 Ῑ

225 1557 411 1622 ulteriorem
432 1557 601 1622 historiam
616 1556 894 1622 Monotheletismi
911 1568 1080 1644 spectant3
1103 1569 1142 1621 ut
1154 1559 1246 1622 enim
1262 1557 1344 1622 illud
1439 1569 1440 1640 j

225 1675 364 1719 examen
389 1656 576 1718 accuratius
608 1675 766 1740 peragere
796 1657 975 1740 possimus,
1006 1655 1066 1720 bos
1090 1665 1231 1720 eventus
1254 1657 1343 1720 nosci
1439 1651 1440 1710 Ϊ

225 1761 361 1838 oportet.
386 1751 520 1837 Sergius
534 1752 674 1816 Honorii
699 1751 853 1838 epistolas
875 1773 943 1818 non
966 1752 1160 1838 publicavit,
1185 1765 1218 1818 et
1233 1775 1344 1840 quem·
1439 1773 1440 1790 ¹

226 1851 284 1916 diu
307 1853 377 1936 ipse
400 1851 488 1913 vixit
511 1850 552 1915 de
575 1849 640 1915 illis
654 1850 800 1936 epistolis
815 1850 906 1914 nulla
929 1853 1076 1937 quaestio
1100 1853 1276 1915 invenitur
1291 1872 1342 1914 ex·

225 1960 305 2014 orte.
352 1949 499 2014 Honorio
531 1957 641 2012 autem
673 1969 760 2012 anno
785 1948 849 2012 638
883 1947 1053 2031 defuneto,
1077 1947 1211 2034 Sergius
1237 1951 1344 2035 specie

225 2045 358 2133 quidem
384 2045 611 2110 conciliandae
635 2045 845 2124 concordiae,
870 2046 927 2112 sed
951 2049 1060 2132 reipsa
1082 2046 1126 2111 ad
1148 2067 1343 2133 promoven·

225 2145 304 2208 dam
327 2144 511 2208 doctrinam
544 2143 851 2224 monotheleticam,
885 2143 1076 2209 Heraclium
1107 2143 1341 2230 Imperatorem

225 2244 390 2326 permovit
411 2241 454 2305 ad
478 2239 717 2326 publicandum
746 2240 993 2306 fraudulentum
1016 2243 1178 2324 edictum,
1205 2263 1272 2328 quo
1295 2261 1344 2304 oe·

226 2342 377 2404 conomia
407 2338 527 2402 silentii
557 2339 844 2424 praescribebatur
875 2339 984 2425 quoad
1015 2361 1130 2404 vocem
1164 2341 1267 2404 unius
1291 2337 1342 2401 vel

226 2436 368 2521 duplicis
396 2438 610 2522 operationis,
640 2436 697 2500 sed
731 2435 851 2502 diserte
882 2437 1090 2502 asserebatur
1121 2457 1189 2501 una
1221 2436 1342 2502 Christi
1439 2437 1440 2458 ¹

226 2534 388 2600 voluntas.
409 2534 448 2598 ln
463 2533 525 2598 hoe
538 2533 646 2598 edicta
659 2557 717 2598 eeu
727 2535 860 2616 Bathea,
872 2537 1051 2620 praemissa
1063 2535 1215 2600 doctrina
1230 2533 1273 2599 de
1287 2533 1341 2600 SS.

226 2633 397 2710 Trinitate,
415 2632 456 2696 de
472 2631 574 2696 Verbi
595 2633 838 2714 Incurnatione,
849 2633 961 2718 ‚deque
980 2655 1047 2696 una
1063 2631 1186 2697 Christi
1201 2625 1342 2719 persone

227 2742 259 2794 et
278 2729 407 2795 duabus
428 2729 554 2794 naturis
575 2728 755 2810 distinctis,
771 2730 956 2816 Imperator
974 2730 1212 2795 constituebat:
1245 2729 1343 2796 Nulla

226 2829 317 2893 ruodo
350 2828 549 2892 concedentes
578 2826 678 2892 alicui
708 2851 749 2891 eor
772 2827 914 2892 omuibus
947 2851 1044 2892 uuam
1066 2829 1114 2892 uel
1136 2829 1220 2892 duce
1242 2828 1343 2892 diam

227 2929 291 2990 sios
314 2926 423 2989 docere
446 2927 645 3011 operationes
676 2927 712 2989 ia
743 2927 854 2990 diuina
878 2927 1009 2990 Donum
1030 2927 1268 3004 irwcmctioae,
1292 2923 1344 2988 sed

227 3026 341 3110 raupa,
365 3026 445 3088 sieta
468 3034 594 3087 anemae
618 3034 648 3086 et
662 3025 857 3088 uniuersales
871 3023 1073 3088 tradidenmt
1087 3023 1226 3110 Syaodi,
1252 3043 1344 3086 rasam

232 3167 438 3177 ..aa-u—-u—-u

303 3245 322 3314 ¹)
342 3243 439 3304 Lethe,
451 3243 498 3297 VI.
512 3245 571 3296 968.
580 3273 614 3283 -
623 3241 712 3309 „Haec
722 3241 843 3310 epistola,
852 3241 1102 3311 inquitPennechil
1122 3259 1142 3298 c.
1154 3257 1178 3310 p.
1187 3245 1219 3295 71
1232 3241 1261 3296 in
1272 3247 1342 3296 nota.

226 3321 1343 3392 integraquiclemreciteteostinConcilio‚sediuactlsilleetautnmmcdopertes

227 3405 339 3470 relatae,
352 3403 461 3470 quaein
474 3404 652 3472 suspicionem
670 3404 830 3470 veniebant,
849 3411 880 3460 ut
898 3421 932 3462 ex
950 3405 1016 3472 ipsis
1034 3405 1102 3460 actis
1120 3409 1241 3461 camut.
1273 3402 1342 3456 Hine

227 3485 334 3552 plenum
350 3484 481 3552 judicium
500 3484 532 3538 de
551 3499 583 3538 ea
601 3483 667 3541 ferri
685 3501 738 3539 non
751 3489 858 3552 potest,
877 3500 938 3540 cum
955 3485 1098 3554 aliquando
1117 3500 1187 3550 quea
1205 3484 1288 3540 dubie
1306 3485 1343 3536 ri·
1439 3487 1440 3506 ¹

227 3565 339 3626 «lentur,
359 3564 458 3631 optime
478 3579 510 3616 ex
530 3569 659 3618 contextu
688 3563 860 3632 explicentur.
900 3565 1030 3619 Attamen
1053 3571 1145 3632 partes
1168 3579 1236 3632 ques
1255 3580 1342 3632 saper·

227 3649 292 3696 sunt
311 3644 408 3711 dogma
427 3642 586 3697 catholicum
606 3643 695 3698 verbis
708 3642 917 3698 evidentissimis
936 3645 1163 3714 complectuntur:
1183 3659 1216 3697 ex
1235 3659 1287 3710 quo
1306 3644 1342 3696 in-

228 3723 323 3792 telligo
342 3729 433 3791 partes
451 3739 520 3790 quae
538 3724 639 3777 desunt
649 3724 751 3777 nullam
764 3725 868 3780 dedisse
882 3725 1011 3778 Patribus
1028 3723 1217 3792 suspicionem:
1242 3727 1270 3777 l·
1287 3722 1342 3790 qusi-

227 3805 295 3868 dcm,
305 3805 376 3872 quia,
387 3803 429 3858 sin
439 3804 690 3870 miuuseesquoque
699 3803 870 3873 retulissent3
880 3807 913 3860 2⁰
922 3809 987 3871 qnia
994 3819 1055 3860 cum
1065 3803 1243 3858 amasinum
1252 3801 1341 3858 heberi

229 3884 327 3937 debeat
344 3885 376 3938 de
396 3884 604 3952 iruuendemque
623 3899 652 3938 re
664 3883 737 3952 loqui
748 3892 840 3954 partes
853 3899 922 3952 quae
940 3885 1046 3943 deaut.
1081 3883 1154 3941 uine
1171 3883 1279 3948 dedum,
1298 3897 1341 3936 aas

229 3963 381 4017 efformasse
400 3963 485 4016 veluti
505 3963 676 4030 probationes
704 3981 802 4031 eornm,
823 3981 891 4031 quae
910 3966 938 4018 in
957 3964 1026 4018 actis
1044 3963 1132 4020 relata
1150 3969 1227 4032 sunt;
1260 3961 1339 4016 couti·

228 4041 319 4098 ruisse
346 4041 456 4110 iusuper
479 4040 683 4098 luculentiorem
708 4045 913 4114 explicationem
941 4043 1002 4098 fidei
1028 4048 1122 4098 contra
1142 4041 1338 4096 hlonotlrelstas

228 4123 308 4176 Serus
327 4120 412 4176 invidi
426 4121 578 4177 orientales
598 4127 689 4190 partes
707 4124 768 4178 illes
787 4123 896 4179 silentio
915 4137 968 4178 non
986 4123 1215 4192 praeteriissent.⁴‘
1226 4119 1338 4174 -Haec

230 4207 321 4254 tamen
339 4201 436 4255 ultima
453 4201 617 4269 probabilem
635 4203 816 4271 conjectarem
835 4219 888 4258 uon
906 4203 1045 4258 esesdune
