<?xml version="1.0" encoding="UTF-8"?>
<!DOCTYPE html PUBLIC "-//W3C//DTD XHTML 1.0 Transitional//EN"
    "http://www.w3.org/TR/xhtml1/DTD/xhtml1-transitional.dtd">
<html xmlns="http://www.w3.org/1999/xhtml" xml:lang="en" lang="en">
 <head>
  <title>
</title>
<meta http-equiv="Content-Type" content="text/html;charset=utf-8" />
  <meta name='ocr-system' content='tesseract 3.04.00' />
  <meta name='ocr-capabilities' content='ocr_page ocr_carea ocr_par ocr_line ocrx_word'/>
</head>
<body>
  <div class='ocr_page' id='page_1' title='image "./dissertationess02junggoog_0871.png"; bbox 0 0 2932 4796; ppageno 0'>
   <div class='ocr_carea' id='block_1_1' title="bbox 233 459 979 516">
    <p class='ocr_par' dir='ltr' id='par_1_1' title="bbox 233 459 979 516">
     <span class='ocr_line' id='line_1_1' title="bbox 233 459 979 516; baseline 0 0"><span class='ocrx_word' id='word_1_1' title='bbox 233 463 285 516; x_wconf 78' lang='lat'><strong>398</strong></span> <span class='ocrx_word' id='word_1_2' title='bbox 606 461 646 514; x_wconf 90' lang='lat' dir='ltr'><strong>De</strong></span> <span class='ocrx_word' id='word_1_3' title='bbox 664 477 745 516; x_wconf 86' lang='lat' dir='ltr'><strong>censa</strong></span> <span class='ocrx_word' id='word_1_4' title='bbox 763 461 876 516; x_wconf 89' lang='lat' dir='ltr'><strong>Honorii</strong></span> <span class='ocrx_word' id='word_1_5' title='bbox 895 461 927 516; x_wconf 87' lang='lat' dir='ltr'><strong>R.</strong></span> <span class='ocrx_word' id='word_1_6' title='bbox 947 459 979 516; x_wconf 87' lang='lat' dir='ltr'><strong>P.</strong></span> 
     </span>
    </p>
   </div>
   <div class='ocr_carea' id='block_1_2' title="bbox 234 604 1360 1770">
    <p class='ocr_par' dir='ltr' id='par_1_2' title="bbox 234 604 1360 1770">
     <span class='ocr_line' id='line_1_2' title="bbox 235 604 1359 690; baseline 0 -22"><span class='ocrx_word' id='word_1_7' title='bbox 235 605 358 690; x_wconf 89' lang='lat' dir='ltr'><strong>Vigilio</strong></span> <span class='ocrx_word' id='word_1_8' title='bbox 383 604 529 669; x_wconf 86' lang='lat' dir='ltr'><strong>oblatum</strong></span> <span class='ocrx_word' id='word_1_9' title='bbox 554 625 624 668; x_wconf 85' lang='lat' dir='ltr'><strong>esse</strong></span> <span class='ocrx_word' id='word_1_10' title='bbox 656 604 908 689; x_wconf 81' lang='lat' dir='ltr'>praetendebat,</span> <span class='ocrx_word' id='word_1_11' title='bbox 934 605 968 668; x_wconf 94' lang='lat' dir='ltr'><strong>in</strong></span> <span class='ocrx_word' id='word_1_12' title='bbox 997 626 1062 690; x_wconf 93' lang='lat' dir='ltr'><strong>quo</strong></span> <span class='ocrx_word' id='word_1_13' title='bbox 1085 605 1223 670; x_wconf 84' lang='lat' dir='ltr'><strong>Patrum</strong></span> <span class='ocrx_word' id='word_1_14' title='bbox 1256 607 1359 669; x_wconf 88' lang='lat' dir='ltr'><strong>effata</strong></span> 
     </span>
     <span class='ocr_line' id='line_1_3' title="bbox 234 701 1358 790; baseline -0.002 -22"><span class='ocrx_word' id='word_1_15' title='bbox 234 704 374 768; x_wconf 84' lang='lat' dir='ltr'><strong>artificio</strong></span> <span class='ocrx_word' id='word_1_16' title='bbox 399 705 543 790; x_wconf 89' lang='lat' dir='ltr'><strong>quodam</strong></span> <span class='ocrx_word' id='word_1_17' title='bbox 567 713 788 787; x_wconf 79' lang='lat' dir='ltr'>congesserat,</span> <span class='ocrx_word' id='word_1_18' title='bbox 815 701 963 766; x_wconf 90' lang='lat' dir='ltr'><strong>utillum</strong></span> <span class='ocrx_word' id='word_1_19' title='bbox 989 721 1130 767; x_wconf 87' lang='lat' dir='ltr'><strong>errorem</strong></span> <span class='ocrx_word' id='word_1_20' title='bbox 1154 704 1358 768; x_wconf 87' lang='lat' dir='ltr'><strong>vindicaret.</strong></span> 
     </span>
     <span class='ocr_line' id='line_1_4' title="bbox 234 799 1360 886; baseline -0.002 -20"><span class='ocrx_word' id='word_1_21' title='bbox 234 803 381 866; x_wconf 82' lang='lat' dir='ltr'><strong>Maxime</strong></span> <span class='ocrx_word' id='word_1_22' title='bbox 404 801 857 886; x_wconf 24' lang='lat' dir='ltr'><strong>Heracliumrlmpcratorcm,</strong></span> <span class='ocrx_word' id='word_1_23' title='bbox 881 799 971 884; x_wconf 87' lang='lat' dir='ltr'><strong>apud</strong></span> <span class='ocrx_word' id='word_1_24' title='bbox 994 823 1093 885; x_wconf 89' lang='lat' dir='ltr'><strong>quem</strong></span> <span class='ocrx_word' id='word_1_25' title='bbox 1115 801 1251 885; x_wconf 80' lang='lat' dir='ltr'>Sergius</span> <span class='ocrx_word' id='word_1_26' title='bbox 1276 800 1360 864; x_wconf 89' lang='lat' dir='ltr'><strong>mnl-</strong></span> 
     </span>
     <span class='ocr_line' id='line_1_5' title="bbox 235 897 1358 984; baseline 0 -22"><span class='ocrx_word' id='word_1_27' title='bbox 235 909 304 963; x_wconf 89' lang='lat' dir='ltr'><strong>tum</strong></span> <span class='ocrx_word' id='word_1_28' title='bbox 328 899 478 979; x_wconf 89' lang='lat' dir='ltr'><strong>valebat,</strong></span> <span class='ocrx_word' id='word_1_29' title='bbox 503 921 543 963; x_wconf 88' lang='lat' dir='ltr'><strong>ea</strong></span> <span class='ocrx_word' id='word_1_30' title='bbox 566 900 720 984; x_wconf 88' lang='lat' dir='ltr'><strong>opinione</strong></span> <span class='ocrx_word' id='word_1_31' title='bbox 745 897 881 978; x_wconf 84' lang='lat' dir='ltr'><strong>imbuit,</strong></span> <span class='ocrx_word' id='word_1_32' title='bbox 907 898 1092 964; x_wconf 86' lang='lat' dir='ltr'><strong>doctrinam</strong></span> <span class='ocrx_word' id='word_1_33' title='bbox 1116 902 1212 964; x_wconf 87' lang='lat' dir='ltr'><strong>istam</strong></span> <span class='ocrx_word' id='word_1_34' title='bbox 1237 901 1358 964; x_wconf 89' lang='lat' dir='ltr'><strong>merito</strong></span> 
     </span>
     <span class='ocr_line' id='line_1_6' title="bbox 235 996 1358 1084; baseline 0 -22"><span class='ocrx_word' id='word_1_35' title='bbox 235 1019 327 1084; x_wconf 79' lang='lat' dir='ltr'><strong>posse</strong></span> <span class='ocrx_word' id='word_1_36' title='bbox 352 998 492 1078; x_wconf 79' lang='lat' dir='ltr'><strong>admitti,</strong></span> <span class='ocrx_word' id='word_1_37' title='bbox 526 1019 630 1084; x_wconf 85' lang='lat' dir='ltr'><strong>eaque</strong></span> <span class='ocrx_word' id='word_1_38' title='bbox 663 996 870 1082; x_wconf 85' lang='lat' dir='ltr'><strong>praeclarum</strong></span> <span class='ocrx_word' id='word_1_39' title='bbox 905 998 1067 1060; x_wconf 83' lang='lat' dir='ltr'><strong>contineri</strong></span> <span class='ocrx_word' id='word_1_40' title='bbox 1096 997 1255 1078; x_wconf 90' lang='lat' dir='ltr'><strong>medium,</strong></span> <span class='ocrx_word' id='word_1_41' title='bbox 1281 997 1358 1062; x_wconf 88' lang='lat' dir='ltr'><strong>hae·</strong></span> 
     </span>
     <span class='ocr_line' id='line_1_7' title="bbox 235 1094 1357 1182; baseline 0.002 -24"><span class='ocrx_word' id='word_1_42' title='bbox 235 1097 353 1159; x_wconf 90' lang='lat' dir='ltr'><strong>reticos</strong></span> <span class='ocrx_word' id='word_1_43' title='bbox 385 1119 461 1160; x_wconf 91' lang='lat' dir='ltr'><strong>cum</strong></span> <span class='ocrx_word' id='word_1_44' title='bbox 485 1095 636 1160; x_wconf 79' lang='lat' dir='ltr'><strong>Ecclesia</strong></span> <span class='ocrx_word' id='word_1_45' title='bbox 669 1094 916 1159; x_wconf 86' lang='lat' dir='ltr'><strong>reconciliandi.</strong></span> <span class='ocrx_word' id='word_1_46' title='bbox 963 1095 1053 1159; x_wconf 89' lang='lat' dir='ltr'><strong>Hinc</strong></span> <span class='ocrx_word' id='word_1_47' title='bbox 1077 1096 1263 1182; x_wconf 81' lang='lat' dir='ltr'><strong>Imperator</strong></span> <span class='ocrx_word' id='word_1_48' title='bbox 1294 1098 1357 1160; x_wconf 91' lang='lat' dir='ltr'><strong>sin-</strong></span> 
     </span>
     <span class='ocr_line' id='line_1_8' title="bbox 236 1193 1358 1278; baseline 0.001 -22"><span class='ocrx_word' id='word_1_49' title='bbox 236 1215 320 1273; x_wconf 87' lang='lat' dir='ltr'><strong>cera,</strong></span> <span class='ocrx_word' id='word_1_50' title='bbox 356 1195 403 1257; x_wconf 89' lang='lat' dir='ltr'><strong>uti</strong></span> <span class='ocrx_word' id='word_1_51' title='bbox 436 1193 577 1275; x_wconf 87' lang='lat' dir='ltr'><strong>videtur,</strong></span> <span class='ocrx_word' id='word_1_52' title='bbox 610 1195 791 1258; x_wconf 88' lang='lat' dir='ltr'><strong>intentione</strong></span> <span class='ocrx_word' id='word_1_53' title='bbox 824 1193 913 1278; x_wconf 86' lang='lat' dir='ltr'><strong>apud</strong></span> <span class='ocrx_word' id='word_1_54' title='bbox 945 1195 1054 1257; x_wconf 87' lang='lat' dir='ltr'><strong>varios</strong></span> <span class='ocrx_word' id='word_1_55' title='bbox 1077 1193 1250 1258; x_wconf 91' lang='lat' dir='ltr'><strong>Praesules</strong></span> <span class='ocrx_word' id='word_1_56' title='bbox 1276 1194 1358 1257; x_wconf 90' lang='lat' dir='ltr'><strong>dum</strong></span> 
     </span>
     <span class='ocr_line' id='line_1_9' title="bbox 236 1289 1359 1376; baseline -0.002 -20"><span class='ocrx_word' id='word_1_57' title='bbox 236 1291 358 1356; x_wconf 89' lang='lat' dir='ltr'><strong>bellum</strong></span> <span class='ocrx_word' id='word_1_58' title='bbox 383 1303 496 1356; x_wconf 88' lang='lat' dir='ltr'><strong>contra</strong></span> <span class='ocrx_word' id='word_1_59' title='bbox 516 1293 634 1357; x_wconf 86' lang='lat' dir='ltr'><strong>Persas</strong></span> <span class='ocrx_word' id='word_1_60' title='bbox 656 1301 784 1376; x_wconf 85' lang='lat' dir='ltr'><strong>gereret</strong></span> <span class='ocrx_word' id='word_1_61' title='bbox 808 1293 870 1355; x_wconf 85' lang='lat' dir='ltr'><strong>ista</strong></span> <span class='ocrx_word' id='word_1_62' title='bbox 894 1291 934 1355; x_wconf 87' lang='lat' dir='ltr'><strong>de</strong></span> <span class='ocrx_word' id='word_1_63' title='bbox 958 1311 993 1354; x_wconf 86' lang='lat' dir='ltr'><strong>re</strong></span> <span class='ocrx_word' id='word_1_64' title='bbox 1017 1313 1201 1356; x_wconf 87' lang='lat' dir='ltr'><strong>sermonem</strong></span> <span class='ocrx_word' id='word_1_65' title='bbox 1225 1289 1359 1372; x_wconf 84' lang='lat' dir='ltr'><strong>habuit,</strong></span> 
     </span>
     <span class='ocr_line' id='line_1_10' title="bbox 235 1389 1360 1474; baseline 0.001 -21"><span class='ocrx_word' id='word_1_66' title='bbox 235 1399 268 1453; x_wconf 89' lang='lat' dir='ltr'><strong>et</strong></span> <span class='ocrx_word' id='word_1_67' title='bbox 291 1391 423 1454; x_wconf 90' lang='lat' dir='ltr'><strong>unionis</strong></span> <span class='ocrx_word' id='word_1_68' title='bbox 451 1391 619 1474; x_wconf 85' lang='lat' dir='ltr'><strong>negotium</strong></span> <span class='ocrx_word' id='word_1_69' title='bbox 645 1389 770 1453; x_wconf 87' lang='lat' dir='ltr'><strong>studuit</strong></span> <span class='ocrx_word' id='word_1_70' title='bbox 794 1409 986 1474; x_wconf 88' lang='lat' dir='ltr'><strong>promovere</strong></span> <span class='ocrx_word' id='word_1_71' title='bbox 1043 1389 1215 1454; x_wconf 88' lang='lat' dir='ltr'><strong>Praesnles</strong></span> <span class='ocrx_word' id='word_1_72' title='bbox 1244 1401 1360 1454; x_wconf 85' lang='lat' dir='ltr'><strong>autem</strong></span> 
     </span>
     <span class='ocr_line' id='line_1_11' title="bbox 235 1485 1360 1573; baseline 0.002 -23"><span class='ocrx_word' id='word_1_73' title='bbox 235 1489 419 1572; x_wconf 81' lang='lat' dir='ltr'><strong>praecipui,</strong></span> <span class='ocrx_word' id='word_1_74' title='bbox 444 1489 501 1573; x_wconf 88' lang='lat' dir='ltr'><strong>qni</strong></span> <span class='ocrx_word' id='word_1_75' title='bbox 522 1511 541 1552; x_wconf 90' lang='lat' dir='ltr'><strong>a</strong></span> <span class='ocrx_word' id='word_1_76' title='bbox 560 1487 673 1572; x_wconf 90' lang='lat' dir='ltr'><strong>Sergio</strong></span> <span class='ocrx_word' id='word_1_77' title='bbox 698 1487 825 1551; x_wconf 84' lang='lat' dir='ltr'><strong>seducti</strong></span> <span class='ocrx_word' id='word_1_78' title='bbox 849 1486 957 1552; x_wconf 89' lang='lat' dir='ltr'><strong>eidem</strong></span> <span class='ocrx_word' id='word_1_79' title='bbox 982 1485 1151 1552; x_wconf 86' lang='lat' dir='ltr'><strong>doctrinae</strong></span> <span class='ocrx_word' id='word_1_80' title='bbox 1169 1487 1360 1552; x_wconf 81' lang='lat' dir='ltr'><strong>haereticae</strong></span> 
     </span>
     <span class='ocr_line' id='line_1_12' title="bbox 236 1583 1360 1671; baseline 0.003 -23"><span class='ocrx_word' id='word_1_81' title='bbox 236 1583 464 1667; x_wconf 86' lang='lat' dir='ltr'><strong>adhaeserant,</strong></span> <span class='ocrx_word' id='word_1_82' title='bbox 492 1597 706 1650; x_wconf 87' lang='lat' dir='ltr'><strong>recensentur</strong></span> <span class='ocrx_word' id='word_1_83' title='bbox 742 1587 919 1671; x_wconf 88' lang='lat' dir='ltr'><strong>praecipue</strong></span> <span class='ocrx_word' id='word_1_84' title='bbox 944 1585 1137 1649; x_wconf 86' lang='lat' dir='ltr'><strong>Theodorus</strong></span> <span class='ocrx_word' id='word_1_85' title='bbox 1160 1585 1360 1650; x_wconf 89' lang='lat' dir='ltr'><strong>Pharanita-</strong></span> 
     </span>
     <span class='ocr_line' id='line_1_13' title="bbox 237 1683 1193 1770; baseline 0.003 -24"><span class='ocrx_word' id='word_1_86' title='bbox 237 1705 299 1746; x_wconf 89' lang='lat' dir='ltr'><strong>nus</strong></span> <span class='ocrx_word' id='word_1_87' title='bbox 324 1685 357 1746; x_wconf 92' lang='lat' dir='ltr'><strong>in</strong></span> <span class='ocrx_word' id='word_1_88' title='bbox 381 1683 507 1748; x_wconf 83' lang='lat' dir='ltr'><strong>Arabia</strong></span> <span class='ocrx_word' id='word_1_89' title='bbox 530 1685 648 1748; x_wconf 88' lang='lat' dir='ltr'><strong>Petrea</strong></span> <span class='ocrx_word' id='word_1_90' title='bbox 673 1693 705 1748; x_wconf 90' lang='lat' dir='ltr'><strong>et</strong></span> <span class='ocrx_word' id='word_1_91' title='bbox 729 1683 835 1768; x_wconf 82' lang='lat' dir='ltr'><strong>Cyrus</strong></span> <span class='ocrx_word' id='word_1_92' title='bbox 858 1683 1014 1747; x_wconf 84' lang='lat' dir='ltr'><strong>Phasidis</strong></span> <span class='ocrx_word' id='word_1_93' title='bbox 1037 1685 1193 1770; x_wconf 84' lang='lat' dir='ltr'><strong>episcopi.</strong></span> 
     </span>
    </p>
   </div>
   <div class='ocr_carea' id='block_1_3' title="bbox 237 1807 1365 3660">
    <p class='ocr_par' dir='ltr' id='par_1_3' title="bbox 237 1807 1365 3660">
     <span class='ocr_line' id='line_1_14' title="bbox 325 1807 1360 1894; baseline 0.001 -23"><span class='ocrx_word' id='word_1_94' title='bbox 325 1808 377 1872; x_wconf 78' lang='lat'><strong>20.</strong></span> <span class='ocrx_word' id='word_1_95' title='bbox 402 1807 467 1872; x_wconf 87' lang='lat' dir='ltr'><strong>Res</strong></span> <span class='ocrx_word' id='word_1_96' title='bbox 491 1810 634 1872; x_wconf 88' lang='lat' dir='ltr'><strong>tenuiter</strong></span> <span class='ocrx_word' id='word_1_97' title='bbox 666 1817 782 1894; x_wconf 84' lang='lat' dir='ltr'><strong>coepta</strong></span> <span class='ocrx_word' id='word_1_98' title='bbox 812 1831 899 1873; x_wconf 92' lang='lat' dir='ltr'><strong>anno</strong></span> <span class='ocrx_word' id='word_1_99' title='bbox 933 1809 997 1872; x_wconf 83' lang='lat'><strong>633</strong></span> <span class='ocrx_word' id='word_1_100' title='bbox 1022 1830 1139 1893; x_wconf 89' lang='lat' dir='ltr'><strong>graves</strong></span> <span class='ocrx_word' id='word_1_101' title='bbox 1163 1808 1280 1872; x_wconf 86' lang='lat' dir='ltr'><strong>turbas</strong></span> <span class='ocrx_word' id='word_1_102' title='bbox 1305 1832 1360 1872; x_wconf 82' lang='lat' dir='ltr'><strong>ex-</strong></span> 
     </span>
     <span class='ocr_line' id='line_1_15' title="bbox 238 1905 1361 1992; baseline 0.002 -24"><span class='ocrx_word' id='word_1_103' title='bbox 238 1907 362 1972; x_wconf 86' lang='lat' dir='ltr'><strong>citavit.</strong></span> <span class='ocrx_word' id='word_1_104' title='bbox 410 1905 517 1991; x_wconf 86' lang='lat' dir='ltr'><strong>Cyrus</strong></span> <span class='ocrx_word' id='word_1_105' title='bbox 541 1906 697 1971; x_wconf 88' lang='lat' dir='ltr'><strong>videlicet</strong></span> <span class='ocrx_word' id='word_1_106' title='bbox 720 1928 806 1970; x_wconf 91' lang='lat' dir='ltr'><strong>anno</strong></span> <span class='ocrx_word' id='word_1_107' title='bbox 831 1907 897 1970; x_wconf 83' lang='lat'><strong>630</strong></span> <span class='ocrx_word' id='word_1_108' title='bbox 920 1907 962 1971; x_wconf 89' lang='lat' dir='ltr'><strong>ab</strong></span> <span class='ocrx_word' id='word_1_109' title='bbox 987 1907 1177 1992; x_wconf 86' lang='lat' dir='ltr'><strong>episcopatu</strong></span> <span class='ocrx_word' id='word_1_110' title='bbox 1201 1905 1361 1970; x_wconf 82' lang='lat' dir='ltr'><strong>Phasidis</strong></span> 
     </span>
     <span class='ocr_line' id='line_1_16' title="bbox 237 2001 1361 2090; baseline -0.002 -22"><span class='ocrx_word' id='word_1_111' title='bbox 237 2003 279 2068; x_wconf 89' lang='lat' dir='ltr'><strong>ad</strong></span> <span class='ocrx_word' id='word_1_112' title='bbox 303 2005 562 2088; x_wconf 87' lang='lat' dir='ltr'><strong>patriarchatum</strong></span> <span class='ocrx_word' id='word_1_113' title='bbox 595 2004 861 2069; x_wconf 84' lang='lat' dir='ltr'><strong>Alexandrinum</strong></span> <span class='ocrx_word' id='word_1_114' title='bbox 893 2001 1070 2069; x_wconf 86' lang='lat' dir='ltr'><strong>translatus</strong></span> <span class='ocrx_word' id='word_1_115' title='bbox 1100 2015 1162 2086; x_wconf 88' lang='lat' dir='ltr'><strong>est,</strong></span> <span class='ocrx_word' id='word_1_116' title='bbox 1196 2013 1299 2090; x_wconf 86' lang='lat' dir='ltr'><strong>atque</strong></span> <span class='ocrx_word' id='word_1_117' title='bbox 1324 2019 1361 2067; x_wconf 89' lang='lat' dir='ltr'><strong>ut</strong></span> 
     </span>
     <span class='ocr_line' id='line_1_17' title="bbox 237 2101 1362 2188; baseline -0.001 -23"><span class='ocrx_word' id='word_1_118' title='bbox 237 2101 465 2186; x_wconf 82' lang='lat' dir='ltr'><strong>Eutychianos</strong></span> <span class='ocrx_word' id='word_1_119' title='bbox 489 2125 506 2166; x_wconf 90' lang='lat' dir='ltr'><strong>e</strong></span> <span class='ocrx_word' id='word_1_120' title='bbox 530 2103 673 2167; x_wconf 83' lang='lat' dir='ltr'><strong>factione</strong></span> <span class='ocrx_word' id='word_1_121' title='bbox 698 2101 953 2188; x_wconf 83' lang='lat' dir='ltr'><strong>Acephalorum,</strong></span> <span class='ocrx_word' id='word_1_122' title='bbox 983 2123 1121 2188; x_wconf 91' lang='lat' dir='ltr'><strong>quorum</strong></span> <span class='ocrx_word' id='word_1_123' title='bbox 1146 2102 1265 2186; x_wconf 88' lang='lat' dir='ltr'><strong>ingens</strong></span> <span class='ocrx_word' id='word_1_124' title='bbox 1290 2114 1362 2166; x_wconf 88' lang='lat' dir='ltr'><strong>erat</strong></span> 
     </span>
     <span class='ocr_line' id='line_1_18' title="bbox 237 2199 1360 2283; baseline 0.003 -21"><span class='ocrx_word' id='word_1_125' title='bbox 237 2199 460 2264; x_wconf 80' lang='lat' dir='ltr'><strong>Alexandriae</strong></span> <span class='ocrx_word' id='word_1_126' title='bbox 493 2223 669 2283; x_wconf 91' lang='lat' dir='ltr'><strong>numerus,</strong></span> <span class='ocrx_word' id='word_1_127' title='bbox 703 2199 745 2264; x_wconf 90' lang='lat' dir='ltr'><strong>ad</strong></span> <span class='ocrx_word' id='word_1_128' title='bbox 779 2199 957 2264; x_wconf 85' lang='lat' dir='ltr'><strong>ineundam</strong></span> <span class='ocrx_word' id='word_1_129' title='bbox 983 2201 1139 2263; x_wconf 87' lang='lat' dir='ltr'><strong>unionem</strong></span> <span class='ocrx_word' id='word_1_130' title='bbox 1168 2209 1200 2262; x_wconf 93' lang='lat' dir='ltr'><strong>et</strong></span> <span class='ocrx_word' id='word_1_131' title='bbox 1225 2223 1360 2264; x_wconf 90' lang='lat' dir='ltr'><strong>concor-</strong></span> 
     </span>
     <span class='ocr_line' id='line_1_19' title="bbox 237 2295 1361 2382; baseline 0.002 -21"><span class='ocrx_word' id='word_1_132' title='bbox 237 2297 326 2361; x_wconf 87' lang='lat' dir='ltr'><strong>diam</strong></span> <span class='ocrx_word' id='word_1_133' title='bbox 351 2298 531 2380; x_wconf 89' lang='lat' dir='ltr'><strong>induceret,</strong></span> <span class='ocrx_word' id='word_1_134' title='bbox 564 2321 651 2364; x_wconf 89' lang='lat' dir='ltr'><strong>anno</strong></span> <span class='ocrx_word' id='word_1_135' title='bbox 686 2299 750 2363; x_wconf 88' lang='lat'><strong>633</strong></span> <span class='ocrx_word' id='word_1_136' title='bbox 774 2297 998 2362; x_wconf 86' lang='lat' dir='ltr'><strong>Alexandriae</strong></span> <span class='ocrx_word' id='word_1_137' title='bbox 1031 2295 1195 2382; x_wconf 87' lang='lat' dir='ltr'><strong>synodum</strong></span> <span class='ocrx_word' id='word_1_138' title='bbox 1228 2296 1361 2364; x_wconf 87' lang='lat' dir='ltr'><strong>habuit.</strong></span> 
     </span>
     <span class='ocr_line' id='line_1_20' title="bbox 238 2394 1362 2462; baseline 0.004 -5"><span class='ocrx_word' id='word_1_139' title='bbox 238 2395 292 2458; x_wconf 84' lang='lat' dir='ltr'><strong>Ad</strong></span> <span class='ocrx_word' id='word_1_140' title='bbox 317 2397 473 2460; x_wconf 91' lang='lat' dir='ltr'><strong>unionem</strong></span> <span class='ocrx_word' id='word_1_141' title='bbox 498 2397 712 2462; x_wconf 88' lang='lat' dir='ltr'><strong>obtinendam</strong></span> <span class='ocrx_word' id='word_1_142' title='bbox 746 2396 896 2460; x_wconf 88' lang='lat' dir='ltr'><strong>doctrina</strong></span> <span class='ocrx_word' id='word_1_143' title='bbox 920 2395 977 2458; x_wconf 89' lang='lat' dir='ltr'><strong>illa</strong></span> <span class='ocrx_word' id='word_1_144' title='bbox 1000 2395 1167 2459; x_wconf 86' lang='lat' dir='ltr'><strong>haeretica</strong></span> <span class='ocrx_word' id='word_1_145' title='bbox 1191 2394 1232 2460; x_wconf 92' lang='lat' dir='ltr'><strong>de</strong></span> <span class='ocrx_word' id='word_1_146' title='bbox 1259 2400 1362 2462; x_wconf 89' lang='lat' dir='ltr'><strong>unica</strong></span> 
     </span>
     <span class='ocr_line' id='line_1_21' title="bbox 238 2491 1362 2580; baseline 0.002 -24"><span class='ocrx_word' id='word_1_147' title='bbox 238 2491 360 2557; x_wconf 87' lang='lat' dir='ltr'><strong>Christi</strong></span> <span class='ocrx_word' id='word_1_148' title='bbox 385 2496 574 2580; x_wconf 87' lang='lat' dir='ltr'><strong>operatione</strong></span> <span class='ocrx_word' id='word_1_149' title='bbox 590 2493 696 2580; x_wconf 84' lang='lat' dir='ltr'><strong>Cyrus</strong></span> <span class='ocrx_word' id='word_1_150' title='bbox 720 2518 797 2559; x_wconf 88' lang='lat' dir='ltr'><strong>usus</strong></span> <span class='ocrx_word' id='word_1_151' title='bbox 821 2503 879 2574; x_wconf 89' lang='lat' dir='ltr'><strong>cst,</strong></span> <span class='ocrx_word' id='word_1_152' title='bbox 898 2515 1036 2580; x_wconf 89' lang='lat' dir='ltr'><strong>eamque</strong></span> <span class='ocrx_word' id='word_1_153' title='bbox 1060 2495 1199 2558; x_wconf 88' lang='lat' dir='ltr'><strong>inseruit</strong></span> <span class='ocrx_word' id='word_1_154' title='bbox 1224 2497 1362 2560; x_wconf 87' lang='lat' dir='ltr'><strong>unionis</strong></span> 
     </span>
     <span class='ocr_line' id='line_1_22' title="bbox 238 2591 1360 2680; baseline 0.003 -26"><span class='ocrx_word' id='word_1_155' title='bbox 238 2591 368 2656; x_wconf 90' lang='lat' dir='ltr'><strong>decreto</strong></span> <span class='ocrx_word' id='word_1_156' title='bbox 405 2593 457 2656; x_wconf 91' lang='lat' dir='ltr'><strong>die</strong></span> <span class='ocrx_word' id='word_1_157' title='bbox 491 2594 511 2656; x_wconf 82' lang='lat'><strong>3</strong></span> <span class='ocrx_word' id='word_1_158' title='bbox 544 2593 638 2658; x_wconf 88' lang='lat' dir='ltr'><strong>Junii</strong></span> <span class='ocrx_word' id='word_1_159' title='bbox 673 2594 840 2680; x_wconf 88' lang='lat' dir='ltr'><strong>inscripto.</strong></span> <span class='ocrx_word' id='word_1_160' title='bbox 888 2591 961 2656; x_wconf 87' lang='lat' dir='ltr'><strong>Hoc</strong></span> <span class='ocrx_word' id='word_1_161' title='bbox 997 2591 1152 2656; x_wconf 88' lang='lat' dir='ltr'><strong>videlicet</strong></span> <span class='ocrx_word' id='word_1_162' title='bbox 1187 2591 1360 2657; x_wconf 89' lang='lat' dir='ltr'><strong>decretum</strong></span> 
     </span>
     <span class='ocr_line' id='line_1_23' title="bbox 239 2687 1362 2780; baseline 0.003 -28"><span class='ocrx_word' id='word_1_163' title='bbox 239 2711 358 2754; x_wconf 88' lang='lat' dir='ltr'><strong>novem</strong></span> <span class='ocrx_word' id='word_1_164' title='bbox 383 2692 572 2756; x_wconf 86' lang='lat' dir='ltr'><strong>continebat</strong></span> <span class='ocrx_word' id='word_1_165' title='bbox 596 2691 751 2778; x_wconf 89' lang='lat' dir='ltr'><strong>capitula,</strong></span> <span class='ocrx_word' id='word_1_166' title='bbox 777 2713 916 2780; x_wconf 87' lang='lat' dir='ltr'><strong>quornm</strong></span> <span class='ocrx_word' id='word_1_167' title='bbox 949 2691 1088 2775; x_wconf 89' lang='lat' dir='ltr'><strong>septimo</strong></span> <span class='ocrx_word' id='word_1_168' title='bbox 1112 2691 1198 2753; x_wconf 90' lang='lat' dir='ltr'><strong>inter</strong></span> <span class='ocrx_word' id='word_1_169' title='bbox 1221 2687 1289 2755; x_wconf 88' lang='lat' dir='ltr'><strong>alia</strong></span> <span class='ocrx_word' id='word_1_170' title='bbox 1316 2689 1362 2756; x_wconf 89' lang='lat' dir='ltr'><strong>di-</strong></span> 
     </span>
     <span class='ocr_line' id='line_1_24' title="bbox 238 2785 1365 2876; baseline 0.004 -26"><span class='ocrx_word' id='word_1_171' title='bbox 238 2785 390 2852; x_wconf 86' lang='lat' dir='ltr'><strong>cebatur:</strong></span> <span class='ocrx_word' id='word_1_172' title='bbox 431 2787 468 2852; x_wconf 78' lang='lat' dir='ltr'><strong>Si</strong></span> <span class='ocrx_word' id='word_1_173' title='bbox 490 2790 560 2876; x_wconf 83' lang='lat' dir='ltr'><strong>qaia</strong></span> <span class='ocrx_word' id='word_1_174' title='bbox 581 2813 677 2854; x_wconf 79' lang='lat' dir='ltr'><strong>anum</strong></span> <span class='ocrx_word' id='word_1_175' title='bbox 700 2789 871 2853; x_wconf 83' lang='lat' dir='ltr'><strong>Dominam</strong></span> <span class='ocrx_word' id='word_1_176' title='bbox 902 2799 1043 2852; x_wconf 77' lang='lat' dir='ltr'><strong>nostram</strong></span> <span class='ocrx_word' id='word_1_177' title='bbox 1065 2787 1175 2850; x_wconf 82' lang='lat' dir='ltr'><strong>Jesum</strong></span> <span class='ocrx_word' id='word_1_178' title='bbox 1201 2785 1365 2854; x_wconf 69' lang='lat' dir='ltr'><strong>Chr-istm</strong></span> 
     </span>
     <span class='ocr_line' id='line_1_25' title="bbox 238 2886 1363 2970; baseline 0.004 -22"><span class='ocrx_word' id='word_1_179' title='bbox 238 2888 273 2949; x_wconf 87' lang='lat' dir='ltr'><strong>ia</strong></span> <span class='ocrx_word' id='word_1_180' title='bbox 295 2886 419 2951; x_wconf 80' lang='lat' dir='ltr'><strong>duabus</strong></span> <span class='ocrx_word' id='word_1_181' title='bbox 442 2887 641 2952; x_wconf 78' lang='lat' dir='ltr'><strong>considerari</strong></span> <span class='ocrx_word' id='word_1_182' title='bbox 663 2887 769 2952; x_wconf 81' lang='lat' dir='ltr'><strong>diceas</strong></span> <span class='ocrx_word' id='word_1_183' title='bbox 792 2889 918 2951; x_wconf 81' lang='lat' dir='ltr'><strong>nataris</strong></span> <span class='ocrx_word' id='word_1_184' title='bbox 950 2936 957 2950; x_wconf 95' lang='lat'>.</span> <span class='ocrx_word' id='word_1_185' title='bbox 992 2935 999 2952; x_wconf 91' lang='lat'><strong>.</strong></span> <span class='ocrx_word' id='word_1_186' title='bbox 1031 2935 1038 2949; x_wconf 93' lang='lat'>.</span> <span class='ocrx_word' id='word_1_187' title='bbox 1072 2909 1135 2948; x_wconf 81' lang='lat' dir='ltr'><strong>non</strong></span> <span class='ocrx_word' id='word_1_188' title='bbox 1163 2888 1363 2970; x_wconf 75' lang='lat' dir='ltr'><strong>confiteatur,</strong></span> 
     </span>
     <span class='ocr_line' id='line_1_26' title="bbox 239 2981 1365 3071; baseline 0.002 -24"><span class='ocrx_word' id='word_1_189' title='bbox 239 3033 246 3047; x_wconf 93' lang='lat'><strong>.</strong></span> <span class='ocrx_word' id='word_1_190' title='bbox 273 3033 280 3047; x_wconf 88' lang='lat'><strong>.</strong></span> <span class='ocrx_word' id='word_1_191' title='bbox 307 3035 314 3049; x_wconf 93' lang='lat'><strong>.</strong></span> <span class='ocrx_word' id='word_1_192' title='bbox 339 2987 476 3049; x_wconf 81' lang='lat' dir='ltr'><strong>eumdem</strong></span> <span class='ocrx_word' id='word_1_193' title='bbox 499 3009 594 3051; x_wconf 83' lang='lat' dir='ltr'><strong>naam</strong></span> <span class='ocrx_word' id='word_1_194' title='bbox 621 2981 776 3050; x_wconf 72' lang='lat' dir='ltr'><strong>Christum</strong></span> <span class='ocrx_word' id='word_1_195' title='bbox 809 2997 838 3050; x_wconf 83' lang='lat' dir='ltr'><strong>et</strong></span> <span class='ocrx_word' id='word_1_196' title='bbox 870 2985 988 3048; x_wconf 78' lang='lat' dir='ltr'><strong>Filium</strong></span> <span class='ocrx_word' id='word_1_197' title='bbox 1011 2995 1191 3071; x_wconf 52' lang='lat' dir='ltr'><strong>maantam</strong></span> <span class='ocrx_word' id='word_1_198' title='bbox 1215 2985 1286 3048; x_wconf 82' lang='lat' dir='ltr'><strong>Deo</strong></span> <span class='ocrx_word' id='word_1_199' title='bbox 1312 2987 1365 3050; x_wconf 86' lang='lat' dir='ltr'><strong>de-</strong></span> 
     </span>
     <span class='ocr_line' id='line_1_27' title="bbox 239 3081 1364 3168; baseline 0.004 -23"><span class='ocrx_word' id='word_1_200' title='bbox 239 3081 348 3146; x_wconf 79' lang='lat' dir='ltr'><strong>cibilia</strong></span> <span class='ocrx_word' id='word_1_201' title='bbox 372 3094 401 3146; x_wconf 86' lang='lat' dir='ltr'><strong>et</strong></span> <span class='ocrx_word' id='word_1_202' title='bbox 423 3085 559 3148; x_wconf 79' lang='lat' dir='ltr'><strong>humana</strong></span> <span class='ocrx_word' id='word_1_203' title='bbox 591 3107 655 3148; x_wconf 82' lang='lat' dir='ltr'><strong>aaa</strong></span> <span class='ocrx_word' id='word_1_204' title='bbox 688 3083 830 3147; x_wconf 79' lang='lat' dir='ltr'><strong>deivirili</strong></span> <span class='ocrx_word' id='word_1_205' title='bbox 861 3083 1052 3168; x_wconf 81' lang='lat' dir='ltr'><strong>operatione,</strong></span> <span class='ocrx_word' id='word_1_206' title='bbox 1086 3130 1093 3144; x_wconf 93' lang='lat'>.</span> <span class='ocrx_word' id='word_1_207' title='bbox 1120 3130 1127 3144; x_wconf 90' lang='lat'>.</span> <span class='ocrx_word' id='word_1_208' title='bbox 1154 3130 1161 3146; x_wconf 88' lang='lat'><strong>.</strong></span> <span class='ocrx_word' id='word_1_209' title='bbox 1191 3085 1364 3150; x_wconf 71' lang='lat' dir='ltr'><strong>amiterno</strong></span> 
     </span>
     <span class='ocr_line' id='line_1_28' title="bbox 240 3179 1364 3266; baseline 0.003 -23"><span class='ocrx_word' id='word_1_210' title='bbox 240 3179 327 3266; x_wconf 61' lang='lat' dir='ltr'><strong>aiv).</strong></span> <span class='ocrx_word' id='word_1_211' title='bbox 374 3179 457 3244; x_wconf 90' lang='lat' dir='ltr'><strong>Cum</strong></span> <span class='ocrx_word' id='word_1_212' title='bbox 481 3182 563 3246; x_wconf 89' lang='lat' dir='ltr'><strong>haec</strong></span> <span class='ocrx_word' id='word_1_213' title='bbox 588 3182 737 3246; x_wconf 88' lang='lat' dir='ltr'><strong>doctrina</strong></span> <span class='ocrx_word' id='word_1_214' title='bbox 762 3179 1069 3266; x_wconf 88' lang='lat' dir='ltr'><strong>Monophysitarum</strong></span> <span class='ocrx_word' id='word_1_215' title='bbox 1104 3181 1290 3244; x_wconf 88' lang='lat' dir='ltr'><strong>sententiae</strong></span> <span class='ocrx_word' id='word_1_216' title='bbox 1316 3203 1364 3246; x_wconf 89' lang='lat' dir='ltr'><strong>es-</strong></span> 
     </span>
     <span class='ocr_line' id='line_1_29' title="bbox 240 3275 1362 3363; baseline 0.002 -22"><span class='ocrx_word' id='word_1_217' title='bbox 240 3289 288 3341; x_wconf 86' lang='lat' dir='ltr'><strong>set</strong></span> <span class='ocrx_word' id='word_1_218' title='bbox 320 3289 558 3362; x_wconf 87' lang='lat' dir='ltr'><strong>consentanea,</strong></span> <span class='ocrx_word' id='word_1_219' title='bbox 593 3280 640 3345; x_wconf 93' lang='lat' dir='ltr'><strong>illi</strong></span> <span class='ocrx_word' id='word_1_220' title='bbox 663 3278 760 3344; x_wconf 81' lang='lat' dir='ltr'><strong>facile</strong></span> <span class='ocrx_word' id='word_1_221' title='bbox 785 3281 814 3343; x_wconf 91' lang='lat' dir='ltr'><strong>ei</strong></span> <span class='ocrx_word' id='word_1_222' title='bbox 839 3279 1118 3363; x_wconf 88' lang='lat' dir='ltr'><strong>subscripserunt,</strong></span> <span class='ocrx_word' id='word_1_223' title='bbox 1144 3275 1243 3342; x_wconf 89' lang='lat' dir='ltr'><strong>etad</strong></span> <span class='ocrx_word' id='word_1_224' title='bbox 1268 3282 1362 3344; x_wconf 89' lang='lat' dir='ltr'><strong>unio-</strong></span> 
     </span>
     <span class='ocr_line' id='line_1_30' title="bbox 240 3375 1364 3464; baseline 0 -24"><span class='ocrx_word' id='word_1_225' title='bbox 240 3398 315 3440; x_wconf 91' lang='lat' dir='ltr'><strong>nem</strong></span> <span class='ocrx_word' id='word_1_226' title='bbox 339 3377 473 3442; x_wconf 88' lang='lat' dir='ltr'><strong>admissi</strong></span> <span class='ocrx_word' id='word_1_227' title='bbox 499 3389 584 3443; x_wconf 87' lang='lat' dir='ltr'><strong>sunt.</strong></span> <span class='ocrx_word' id='word_1_228' title='bbox 632 3377 739 3463; x_wconf 89' lang='lat' dir='ltr'><strong>Cyrus</strong></span> <span class='ocrx_word' id='word_1_229' title='bbox 762 3378 910 3464; x_wconf 84' lang='lat' dir='ltr'><strong>praefata</strong></span> <span class='ocrx_word' id='word_1_230' title='bbox 931 3375 1073 3462; x_wconf 87' lang='lat' dir='ltr'><strong>capitula</strong></span> <span class='ocrx_word' id='word_1_231' title='bbox 1098 3377 1364 3442; x_wconf 75' lang='lat' dir='ltr'><strong>communicavit</strong></span> 
     </span>
     <span class='ocr_line' id='line_1_31' title="bbox 241 3472 1363 3564; baseline 0.001 -27"><span class='ocrx_word' id='word_1_232' title='bbox 241 3496 316 3537; x_wconf 89' lang='lat' dir='ltr'><strong>cum</strong></span> <span class='ocrx_word' id='word_1_233' title='bbox 327 3474 440 3560; x_wconf 86' lang='lat' dir='ltr'><strong>Sergio</strong></span> <span class='ocrx_word' id='word_1_234' title='bbox 455 3477 644 3561; x_wconf 87' lang='lat' dir='ltr'><strong>patriarcha</strong></span> <span class='ocrx_word' id='word_1_235' title='bbox 662 3475 809 3554; x_wconf 87' lang='lat' dir='ltr'><strong>CPtano,</strong></span> <span class='ocrx_word' id='word_1_236' title='bbox 828 3477 884 3562; x_wconf 90' lang='lat' dir='ltr'><strong>qui</strong></span> <span class='ocrx_word' id='word_1_237' title='bbox 902 3497 940 3539; x_wconf 88' lang='lat' dir='ltr'><strong>ea</strong></span> <span class='ocrx_word' id='word_1_238' title='bbox 956 3474 1153 3560; x_wconf 86' lang='lat' dir='ltr'><strong>approbavit</strong></span> <span class='ocrx_word' id='word_1_239' title='bbox 1165 3472 1363 3564; x_wconf 79' lang='lat' dir='ltr'><strong>litterasque</strong></span> 
     </span>
     <span class='ocr_line' id='line_1_32' title="bbox 241 3571 1083 3660; baseline 0 -24"><span class='ocrx_word' id='word_1_240' title='bbox 241 3573 535 3660; x_wconf 85' lang='lat' dir='ltr'><strong>congratulatorias</strong></span> <span class='ocrx_word' id='word_1_241' title='bbox 559 3574 599 3638; x_wconf 90' lang='lat' dir='ltr'><strong>de</strong></span> <span class='ocrx_word' id='word_1_242' title='bbox 624 3573 740 3638; x_wconf 91' lang='lat' dir='ltr'><strong>iisdem</strong></span> <span class='ocrx_word' id='word_1_243' title='bbox 764 3573 808 3638; x_wconf 86' lang='lat' dir='ltr'><strong>ad</strong></span> <span class='ocrx_word' id='word_1_244' title='bbox 833 3571 956 3658; x_wconf 80' lang='lat' dir='ltr'><strong>Cyrum</strong></span> <span class='ocrx_word' id='word_1_245' title='bbox 982 3572 1083 3637; x_wconf 86' lang='lat' dir='ltr'><strong>dedit.</strong></span> 
     </span>
    </p>
   </div>
   <div class='ocr_carea' id='block_1_4' title="bbox 70 3694 1364 3982">
    <p class='ocr_par' dir='ltr' id='par_1_4' title="bbox 70 3694 1364 3982">
     <span class='ocr_line' id='line_1_33' title="bbox 70 3694 1364 3784; baseline 0 -22"><span class='ocrx_word' id='word_1_246' title='bbox 70 3707 230 3762; x_wconf 69' lang='lat' dir='ltr'><strong>ssopnmns.</strong></span> <span class='ocrx_word' id='word_1_247' title='bbox 330 3699 383 3764; x_wconf 79' lang='lat'><strong>21.</strong></span> <span class='ocrx_word' id='word_1_248' title='bbox 409 3697 603 3784; x_wconf 78' lang='lat' dir='ltr'><strong>Sophronias</strong></span> <span class='ocrx_word' id='word_1_249' title='bbox 636 3721 724 3779; x_wconf 88' lang='lat' dir='ltr'><strong>vcro,</strong></span> <span class='ocrx_word' id='word_1_250' title='bbox 749 3698 865 3764; x_wconf 86' lang='lat' dir='ltr'><strong>doctus</strong></span> <span class='ocrx_word' id='word_1_251' title='bbox 899 3696 1079 3764; x_wconf 86' lang='lat' dir='ltr'><strong>monachus</strong></span> <span class='ocrx_word' id='word_1_252' title='bbox 1102 3718 1142 3760; x_wconf 89' lang='lat' dir='ltr'><strong>ac</strong></span> <span class='ocrx_word' id='word_1_253' title='bbox 1166 3694 1262 3762; x_wconf 86' lang='lat' dir='ltr'><strong>brevi</strong></span> <span class='ocrx_word' id='word_1_254' title='bbox 1288 3711 1364 3782; x_wconf 86' lang='lat' dir='ltr'><strong>post</strong></span> 
     </span>
     <span class='ocr_line' id='line_1_34' title="bbox 243 3793 1363 3882; baseline 0 -22"><span class='ocrx_word' id='word_1_255' title='bbox 243 3795 560 3882; x_wconf 86' lang='lat' dir='ltr'><strong>Hierosolymitanus</strong></span> <span class='ocrx_word' id='word_1_256' title='bbox 575 3798 759 3882; x_wconf 85' lang='lat' dir='ltr'><strong>episcopus,</strong></span> <span class='ocrx_word' id='word_1_257' title='bbox 784 3818 885 3882; x_wconf 90' lang='lat' dir='ltr'><strong>quum</strong></span> <span class='ocrx_word' id='word_1_258' title='bbox 910 3817 947 3862; x_wconf 90' lang='lat' dir='ltr'><strong>eo</strong></span> <span class='ocrx_word' id='word_1_259' title='bbox 972 3805 1118 3880; x_wconf 87' lang='lat' dir='ltr'><strong>tempore</strong></span> <span class='ocrx_word' id='word_1_260' title='bbox 1132 3793 1363 3862; x_wconf 81' lang='lat' dir='ltr'><strong>Alexandriae</strong></span> 
     </span>
     <span class='ocr_line' id='line_1_35' title="bbox 242 3893 1364 3982; baseline 0.004 -28"><span class='ocrx_word' id='word_1_261' title='bbox 242 3904 437 3976; x_wconf 85' lang='lat' dir='ltr'><strong>versaretur,</strong></span> <span class='ocrx_word' id='word_1_262' title='bbox 461 3918 568 3982; x_wconf 90' lang='lat' dir='ltr'><strong>neque</strong></span> <span class='ocrx_word' id='word_1_263' title='bbox 601 3895 755 3980; x_wconf 89' lang='lat' dir='ltr'><strong>precibus</strong></span> <span class='ocrx_word' id='word_1_264' title='bbox 779 3917 884 3981; x_wconf 88' lang='lat' dir='ltr'><strong>noque</strong></span> <span class='ocrx_word' id='word_1_265' title='bbox 915 3893 1072 3978; x_wconf 85' lang='lat' dir='ltr'><strong>lacrymis</strong></span> <span class='ocrx_word' id='word_1_266' title='bbox 1095 3903 1300 3978; x_wconf 84' lang='lat' dir='ltr'><strong>pepercerat,</strong></span> <span class='ocrx_word' id='word_1_267' title='bbox 1327 3905 1364 3958; x_wconf 86' lang='lat' dir='ltr'><strong>ut</strong></span> 
     </span>
    </p>
   </div>
   <div class='ocr_carea' id='block_1_5' title="bbox 245 4155 1358 4308">
    <p class='ocr_par' dir='ltr' id='par_1_5' title="bbox 245 4155 1358 4308">
     <span class='ocr_line' id='line_1_36' title="bbox 245 4155 1358 4297; baseline 0.001 -85"><span class='ocrx_word' id='word_1_268' title='bbox 245 4162 337 4296; x_wconf 57' lang='grc' dir='ltr'>ΧΝῙ)</span> <span class='ocrx_word' id='word_1_269' title='bbox 355 4159 438 4297; x_wconf 63' lang='lat' dir='ltr'><strong>Viddss</strong></span> <span class='ocrx_word' id='word_1_270' title='bbox 451 4157 541 4214; x_wconf 73' lang='lat' dir='ltr'><strong>natta</strong></span> <span class='ocrx_word' id='word_1_271' title='bbox 569 4159 677 4214; x_wconf 82' lang='lat' dir='ltr'><strong>Collect</strong></span> <span class='ocrx_word' id='word_1_272' title='bbox 697 4159 790 4224; x_wconf 80' lang='lat' dir='ltr'><strong>Cone,</strong></span> <span class='ocrx_word' id='word_1_273' title='bbox 814 4159 888 4214; x_wconf 76' lang='lat' dir='ltr'><strong>&#39;lom</strong></span> <span class='ocrx_word' id='word_1_274' title='bbox 915 4157 965 4214; x_wconf 85' lang='lat' dir='ltr'><strong>VI.</strong></span> <span class='ocrx_word' id='word_1_275' title='bbox 994 4157 1066 4212; x_wconf 83' lang='lat' dir='ltr'><strong>Oonc</strong></span> <span class='ocrx_word' id='word_1_276' title='bbox 1097 4169 1197 4212; x_wconf 84' lang='lat' dir='ltr'><strong>cecum.</strong></span> <span class='ocrx_word' id='word_1_277' title='bbox 1220 4155 1259 4212; x_wconf 90' lang='lat' dir='ltr'><strong>VI</strong></span> <span class='ocrx_word' id='word_1_278' title='bbox 1297 4161 1358 4214; x_wconf 70' lang='lat' dir='ltr'><strong>Act</strong></span> 
     </span>
     <span class='ocr_line' id='line_1_37' title="bbox 313 4245 447 4308; baseline 0.015 -13"><span class='ocrx_word' id='word_1_279' title='bbox 313 4245 401 4308; x_wconf 68' lang='lat' dir='ltr'><strong>‚no</strong></span> <span class='ocrx_word' id='word_1_280' title='bbox 440 4283 447 4298; x_wconf 92' lang='lat'><strong>.</strong></span> 
     </span>
    </p>
   </div>
   <div class='ocr_carea' id='block_1_6' title="bbox 0 0 1481 4796">
    <p class='ocr_par' dir='ltr' id='par_1_6' title="bbox 0 0 1481 4796">
     <span class='ocr_line' id='line_1_38' title="bbox 0 0 1481 4796; baseline 0 0"><span class='ocrx_word' id='word_1_281' title='bbox 0 0 1481 4796; x_wconf 95' lang='lat' dir='ltr'><strong> </strong></span> 
     </span>
    </p>
   </div>
  </div>
 </body>
</html>
