2936 4814
249 448 285 498 46
605 448 645 502 De
663 447 729 502 Sede
747 450 871 504 Romana
886 451 910 506 S.
930 452 1013 506 Petri.

340 590 393 654 23.
417 591 495 656 Jam
519 594 692 656 veniamus
724 593 768 656 ad
791 601 888 658 testes
911 595 1030 660 saccali
1053 600 1140 660 tertii
1147 623 1155 678 3
1180 599 1372 664 videbimus

251 700 371 770 autem,
396 691 496 754 etiam
520 691 562 755 ab
586 693 627 754 iis
650 692 713 754 iter
736 701 769 754 et
791 693 1016 778 episcopatum
1032 695 1065 759 S.
1081 695 1170 760 Petri
1181 695 1371 760 Romanum

252 796 381 850 utrem
405 788 620 852 certissimam
645 798 678 852 et
691 787 788 873 plane
807 790 1011 874 exploratam
1034 795 1145 858 asseri.
1177 794 1234 860 Uti
1259 803 1371 858 nostro

252 894 399 970 tempore
422 907 624 950 successores
647 887 735 950 Petri
760 887 902 952 dicimus
925 888 1091 954 Romanos
1112 891 1300 974 Pontifices,
1324 895 1373 955 ita

82 982 319 1070 S·l¹¹⁸²·l¹‘³¹¹·jam
343 983 399 1047 illa
428 992 535 1048 aetate
565 1005 620 1047 eos
651 984 824 1050 Anatolias
856 985 1098 1052 Ausara-aas
1124 988 1207 1076 (cca.
1236 1012 1265 1054 a.
1291 989 1375 1076 276)

252 1081 347 1146 brevi
381 1101 420 1144 ea
455 1080 608 1165 designat
637 1082 839 1148 indicatione
862 1107 1069 1150 mceessorum
1097 1087 1185 1150 Petri
1207 1100 1237 1151 et
1262 1087 1372 1166 Pauli,

253 1177 356 1265 (quod
380 1178 537 1243 videlicet
559 1179 656 1243 ambo
681 1179 831 1265 Apost'oli
849 1181 1034 1247 Romanam
1058 1184 1230 1250 ecclesiam
1254 1186 1374 1250 funda-

254 1275 396 1362 verunt).
443 1276 599 1362 Loquens
628 1279 663 1342 in
697 1275 823 1342 Conone
847 1280 996 1346 Paschali
1024 1303 1057 1346 n.
1091 1282 1132 1346 10
1156 1283 1198 1346 de
1221 1282 1374 1347 Asianis:

253 1375 484 1453 Indubitaater‚
508 1375 632 1456 scribit,
664 1375 805 1440 omnibus
834 1379 929 1442 arlais
952 1381 1079 1464 quando
1111 1381 1195 1444 XIV
1214 1381 1293 1445 lana
1317 1381 1375 1445 ad-

245 1473 376 1560 fiaisset,
400 1483 431 1535 et
444 1495 544 1558 apros
558 1474 646 1558 apud
659 1473 804 1538 «ledaeos
821 1475 1037 1540 iamsolaretar
1050 1479 1245 1563 aequinoctio
1270 1489 1375 1542 trans-

254 1572 387 1650 vadato,
430 1571 551 1634 Pescla
587 1571 760 1636 celebrant:
804 1595 869 1636 aon
916 1576 1145 1660 acquiescentes
1188 1577 1377 1640 erectoritati

254 1669 467 1756 qammdam,
500 1669 537 1732 id
568 1680 614 1733 est
646 1670 734 1734 Petri
765 1682 795 1734 et
817 1671 914 1734 Pauli
945 1695 1162 1752 successorem,
1190 1675 1245 1759 pai
1268 1695 1377 1737 ornnes

254 1767 400 1832 ecclesias
429 1768 464 1830 in
493 1767 604 1852 quibus
633 1768 797 1853 spiritalia
820 1768 988 1854 &scopelii
1016 1772 1137 1834 semina
1160 1782 1304 1835 severunt
1327 1793 1376 1835 so-
1455 1771 1456 1804 ³

255 1866 446 1930 latinitatem
476 1867 714 1930 reserrectioais
745 1867 878 1930 Domini
907 1869 943 1930 ia
975 1867 1027 1930 die
1060 1877 1181 1931 tantam
1204 1869 1378 1933 Dominica
1455 1863 1456 1868 ¹

253 1986 344 2048 posse
367 1962 520 2027 celebrari
543 1964 723 2028 docaemat.
771 1963 884 2046 Vides,
908 1964 1006 2050 plane
1030 1965 1236 2050 exploratum
1260 1966 1376 2048 fuisse,

255 2061 420 2126 Romanos
443 2059 631 2142 Pontifices,
662 2064 719 2147 qui
749 2063 783 2126 in
807 2065 999 2148 quaestions
1028 2063 1070 2127 de
1093 2063 1256 2128 Paschate
1278 2085 1376 2128 suam

255 2161 484 2224 auctoritatem
508 2159 685 2243 urgebant,
709 2182 912 2224 successores
935 2183 1005 2224 esse
1028 2162 1117 2225 Petri
1142 2171 1174 2224 et
1196 2161 1304 2226 Pauli.
1331 2199 1375 2210 —·-

213 2252 331 2322 '¹⁸'Jam
356 2257 494 2322 citemus
518 2255 550 2322 S.
580 2255 782 2344 Cypriacam,
808 2261 864 2344 qui
892 2281 1101 2323 communem
1125 2259 1279 2323 omnibus
1305 2281 1377 2323 sen·
1455 2311 1456 2332 ,

254 2357 392 2420 tentiam
416 2355 458 2420 de
481 2357 673 2443 episcopatu
703 2357 851 2421 Romano
881 2357 920 2422 B.
943 2358 1034 2422 Petri
1057 2356 1144 2422 clare
1172 2357 1237 2420 illis
1260 2356 1377 2420 verbis
1455 2345 1456 2352 ἵ

254 2463 408 2518 testatur:
432 2455 548 2518 Factus
571 2467 626 2532 est,
660 2452 824 2520 Cornelios
850 2456 1038 2541 Episcopus,
1063 2505 1071 2520 .
1097 2505 1104 2519 .
1131 2505 1138 2519 .
1163 2479 1256 2541 qaum
1279 2455 1377 2518 Fabi·
1455 2507 1456 2526 ,

255 2553 312 2614 arti
340 2551 435 2630 loeus,
463 2553 500 2615 iol
522 2564 569 2616 est
591 2577 684 2638 quum
720 2553 832 2617 locus
855 2555 968 2617 Petri
1004 2565 1034 2616 et
1060 2553 1179 2640 padus
1206 2553 1377 2616 crasans

256 2649 463 2714 sacerdotalis
490 2652 659 2736 vocarer).
707 2649 751 2714 Et
780 2651 877 2714 alibi:
907 2651 982 2714 Post
1012 2653 1075 2714 ista
1106 2651 1215 2729 adbuc,
1246 2649 1377 2733 scribit,
1455 2649 1456 2652 ’

256 2749 385 2833 iasaper
401 2749 671 2836 pseudoepiscopo
695 2749 756 2812 sibi
779 2749 819 2812 ab
833 2749 997 2812 lsaeruticis
1020 2751 1197 2826 constituto,
1222 2750 1378 2834 eompare

256 2847 384 2924 audeat,
399 2857 429 2910 et
443 2847 487 2910 ael
500 2847 589 2912 Petri
611 2848 791 2911 cathedram
805 2858 897 2932 atque
921 2847 964 2910 ad
978 2847 1150 2912 Ecclesiam
1158 2847 1378 2932 principalem

255 2945 338 3008 ratde
370 2945 478 3008 unitas
510 2945 718 3009 sacerdotalis
749 2955 862 3008 eaorto
894 2955 949 3022 est,
974 2968 994 3007 a
1017 2945 1223 3008 schismaticis
1250 2955 1280 3006 et
1297 2967 1378 3030 pro·
1455 2943 1456 3036 l

248 3041 345 3128 fanis
369 3041 494 3106 litteras
508 3041 643 3127 fenest)
689 3041 745 3105 Nil
767 3051 874 3126 potest
903 3063 972 3105 esse
994 3041 1157 3122 disertius,
1185 3041 1378 3105 evidentius

257 3139 350 3204 nihil.
1073 3158 1076 3164 ’

286 3263 290 3269 ·
346 3239 400 3302 24.
425 3239 489 3304 Sed
524 3261 642 3324 operae
674 3239 817 3323 pretium
849 3245 898 3300 est
929 3245 982 3300 ut'
999 3237 1175 3302 afferamus
1206 3235 1270 3300 hoc
1303 3236 1377 3301 loco

258 3336 358 3400 etiam
389 3359 438 3420 es,
463 3359 548 3422 quae
580 3339 615 3400 in
637 3335 694 3399 lite
717 3335 759 3402 de
781 3335 1027 3420 rebaptizandis
1057 3334 1229 3398 haereticis
1254 3355 1379 3418 magna

258 3455 334 3496 cum
350 3436 532 3498 acrimonia
546 3443 579 3497 et
599 3455 665 3496 non
689 3435 759 3496 sine
781 3434 907 3497 offensa
929 3435 964 3496 in
978 3433 1173 3496 Pontificem
1187 3432 1379 3496 Romanum

96 3526 117 3566 θ’
134 3525 239 3628 Ἧξῦὴ·
257 3531 372 3596 scribit
404 3530 436 3595 S.
470 3531 688 3610 Firmiliaaas,
722 3533 755 3596 S.
790 3531 948 3616 Cypriani
982 3531 1110 3594 amicus
1137 3539 1169 3592 et
1200 3530 1379 3615 episcopus

186 3618 191 3629 ¹
259 3629 439 3694 Caesareae
472 3630 506 3692 in
540 3627 762 3715 Cappadocia.
817 3629 995 3714 Postquam
1037 3626 1131 3709 dixit,
1164 3647 1231 3690 non
1263 3629 1379 3691 omnia

259 3729 380 3792 tradito
412 3727 593 3812 aequaliter
625 3727 750 3790 Romae
781 3737 815 3790 et
836 3725 1075 3808 Hierosolymis
1107 3723 1286 3806 observari,
1317 3745 1380 3788 nec
1455 3729 1456 3734 ’

258 3835 369 3890 tamen
393 3835 526 3910 propter
549 3823 631 3888 haec
655 3847 675 3887 a
698 3847 779 3910 pace
798 3833 830 3888 et
844 3825 970 3887 unitate
994 3823 1175 3886 discessum
1197 3843 1278 3903 esse,
1301 3822 1380 3886 sub·
1455 3861 1456 3908 ,

269 3951 323 3958 ..—-—
349 3951 467 3958 -—--·-·-

86 2242 108 2282 8.
120 2241 211 2292 cyprian

259 3997 317 4044 tum
335 3991 402 4044 illud
421 3991 604 4061 inscriptionis
623 4009 670 4060 per
688 3997 731 4046 tot
754 3992 861 4046 saecula
872 3991 984 4060 ignotae
998 3990 1026 4044 in
1045 3989 1381 4058 numerospocryphorum

259 4087 315 4125 esse
331 4069 500 4161 ,habendum
538 4073 571 4127 V.
591 4073 707 4127 Perrone
730 4072 797 4126 Inst
817 4071 898 4126 theol.
931 4071 961 4124 Τ.
980 4069 1064 4136 VHI;
1083 4069 1123 4122 De
1150 4069 1225 4123 Rom.
1251 4067 1334 4122 Pont
1354 4086 1380 4122 n.

258 4153 311 4203 669
329 4165 358 4299 1ῑῖ
375 4155 462 4298 ditiis
481 4233 514 4284 51
534 4232 569 4285 sd
586 4231 779 4286 Antonianum.
890 4231 912 4298 ')
931 4227 1019 4297 Epist
1038 4229 1073 4282 ts
1091 4227 1126 4281 sd
1144 4225 1307 4282 Cornelium.
