2766 4836
195 355 230 408 96
441 355 481 410 De
498 356 643 411 Arianismi
661 357 728 412 latis
747 371 778 411 ao
797 357 831 412 de
848 357 926 426 lapso
944 357 1053 412 Liberti.

195 496 237 560 ad
260 497 299 560 R.
323 497 526 564 Pontificem.
574 499 671 580 Quod
704 523 781 565 vero
815 509 941 586 spectat
963 501 1007 565 ad
1030 500 1235 566 eanonle
1261 510 1287 563 et

195 593 226 658 V
249 594 353 682 (VII),
378 597 434 681 qui
458 595 499 660 de
522 597 798 682 appellationibus
812 609 925 682 agunt,
941 597 975 663 hi
999 598 1040 663 de
1063 599 1103 662 iis
1127 598 1288 684 loquuntur

195 694 229 756 in
252 702 344 777 parte
367 692 523 758 historica
545 705 581 759 ut
604 695 911 780 praeexistentibus,
935 717 1002 760 non
1026 697 1060 760 in
1082 707 1175 782 parte
1197 695 1288 781 dispo

195 797 292 855 nente
315 815 372 855 seu
390 793 567 877 juridica.“

283 889 337 953 36.
363 890 449 972 „Sed
481 892 520 955 2⁰
555 890 691 973 addunt,
726 893 760 955 in
793 891 975 956 canonibus
1001 891 1050 956 IV
1083 903 1116 956 et
1145 892 1175 954 V
1203 893 1288 954 etiam

195 1009 262 1053 non
284 989 338 1073 agi
363 988 404 1052 do
428 990 515 1053 veris
530 987 817 1074 appellationibus,
834 988 1016 1076 harumque
1040 989 1288 1075 recipiendarum

190 1085 247 1171 jus
269 1107 334 1150 non
358 1085 428 1150 fieri
452 1086 615 1168 Pontifici,
644 1087 702 1152 sed
730 1088 826 1151 uniee
853 1087 909 1172 jus
942 1097 974 1150 et
997 1085 1207 1172 privilegium
1228 1107 1288 1148 oon-

196 1183 268 1248 eedi
292 1183 532 1248 determinandi
558 1185 735 1250 secundam
750 1185 949 1250 revisionem
964 1206 1093 1264 causae,
1118 1181 1288 1248 faciendam

195 1302 260 1344 non
283 1280 415 1362 Romae,
441 1281 498 1346 sed
522 1284 556 1347 in
580 1283 752 1368 provincia
774 1283 832 1348 rei.
865 1321 909 1330 -
939 1283 1064 1347 Verum
1087 1283 1123 1346 in
1148 1281 1188 1346 iis
1209 1299 1289 1342 oeno

195 1377 292 1442 nibus
315 1389 491 1444 occurrunt
513 1381 584 1466 ipsa
597 1381 696 1444 etiam
707 1379 868 1444 voeabula
878 1381 1052 1467 appellatio
1076 1391 1109 1444 et
1131 1375 1289 1466 appellare,

195 1474 285 1540 nulla
316 1475 431 1542 addita
461 1476 665 1559 limitatione,
690 1481 791 1543 etita
822 1477 957 1565 quidem
981 1489 1018 1542 ut
1039 1479 1226 1564 potissimus
1245 1495 1289 1558 ap-

195 1571 379 1656 pellationis
394 1575 537 1657 effeetus,
554 1577 749 1662 suspensiva
758 1578 819 1658 vis,
835 1577 875 1640 iis
891 1575 1109 1641 adscribatur.
1136 1573 1289 1638 Habemus

195 1670 296 1755 igitur
318 1670 479 1738 voeabula
503 1683 535 1738 et
556 1695 625 1738 rem
649 1675 785 1759 ipsam.“

283 1769 336 1833 37.
385 1769 531 1850 ,Dicunt
553 1772 604 1853 3⁰,
628 1770 705 1835 lieet
727 1773 761 1836 in
786 1792 910 1836 canone
941 1769 992 1834 ΙΙΙ
1024 1791 1092 1835 non
1124 1779 1237 1855 agatur
1256 1767 1289 1830 de

195 1866 413 1951 appellatione
436 1867 479 1933 ad
502 1868 687 1933 Romanum
710 1868 914 1951 Pontificem,
947 1877 1065 1952 agatur
1098 1889 1177 1932 vero
1200 1867 1238 1931 de
1257 1887 1289 1928 ea

197 1965 231 2028 in
254 1965 437 2030 canonibus
460 1966 508 2030 IV
532 1975 564 2030 et
586 1966 626 2048 V,
650 1976 796 2030 attamen
819 1989 861 2030 ex
885 1967 968 2030 serie
992 1965 1110 2030 horum
1135 1964 1289 2032 Sardieen-

196 2063 282 2126 sium
305 2085 467 2128 eanonum
491 2085 658 2150 apparere,
683 2064 839 2128 Romanis
861 2063 1079 2128 Pontificibus
1112 2071 1288 2150 porosum

196 2179 261 2224 non
284 2159 385 2225 fuisse
408 2163 554 2246 agnitam
585 2183 701 2226 causas
732 2159 931 2225 terminandi
955 2161 1088 2242 Romae,
1113 2161 1171 2227 sed
1194 2161 1231 2224 iis
1251 2161 1287 2221 in·

191 2255 345 2340 junctum
368 2259 533 2339 otlioium,
565 2269 601 2323 ut
636 2280 754 2323 causae
786 2281 845 2344 per
866 2257 1123 2344 appellationem
1152 2258 1194 2324 ad
1215 2257 1288 2341 ipsos

197 2352 379 2437 devolutae,
404 2357 438 2419 in
460 2357 640 2442 provinciis
663 2356 844 2421 finirentur.
867 2354 909 2420 Id
924 2356 1022 2438 enim,
1046 2358 1210 2442 inquiunt,
1231 2373 1288 2438 per·

197 2451 310 2536 spicue
332 2453 567 2538 praescribitur
590 2455 623 2518 in
648 2475 774 2518 eanone
798 2454 838 2519 V.
871 2491 914 2501 -
938 2453 1073 2533 Verum,
1099 2475 1138 2518 eo
1163 2451 1244 2539 quod
1264 2449 1290 2510 in

198 2571 323 2614 eanone
347 2551 377 2614 V
400 2551 435 2616 id
467 2553 762 2636 praescriberetur,
787 2550 934 2616 nondum
964 2573 1005 2614 ex
1029 2552 1212 2616 canonibus
1232 2547 1290 2612 so-

198 2647 386 2714 dioeusibus
408 2647 443 2713 id
466 2651 647 2734 generatim
670 2651 907 2736 praescriptum
939 2649 1004 2713 diei
1028 2659 1139 2736 posset
1162 2649 1290 2713 Romam

197 2747 368 2830 Pontifiei3
392 2769 453 2812 nee
476 2749 554 2834 quia
576 2769 635 2833 pro
662 2749 759 2812 tertia
790 2746 965 2832 hypothesi
998 2745 1131 2830 valeret,
1159 2746 1227 2811 ideo
1248 2761 1288 2803 va·

197 2843 278 2909 leret
309 2867 366 2930 pro
391 2845 549 2926 secunda,
574 2867 658 2931 quae
691 2845 795 2910 estin
830 2866 955 2909 canone
978 2843 1036 2908 IV.
1083 2843 1153 2910 Sed
1175 2842 1215 2906 ad
1235 2857 1289 2903 rem

198 2945 304 3030 ipsam
327 2946 508 3008 veniamus.
545 2943 585 3008 In
609 2965 735 3008 canone
748 2943 790 3025 V,
807 2943 906 3008 etiam
929 2943 965 3008 in
987 2951 1079 3028 parte
1102 2941 1288 3027 disponente

197 3043 310 3106 Patres
333 3041 415 3106 nihil
438 3039 677 3128 praescribunt,
692 3040 751 3106 sed
767 3041 915 3123 suadent,
931 3049 968 3104 ut
987 3039 1114 3104 indicat
1136 3037 1190 3102 vel
1210 3033 1289 3100 lectio

199 3142 343 3205 canonis.
389 3140 537 3205 Suadent
558 3149 678 3221 autem,
703 3149 740 3202 ut
771 3140 959 3220 insinuent,
982 3161 1016 3203 se
1039 3146 1153 3223 optare
1177 3149 1288 3200 oausam

199 3259 264 3302 non
287 3239 456 3302 terminari
472 3237 609 3319 Romae,
634 3246 732 3323 atque
754 3237 789 3302 id
803 3235 937 3323 quidem
961 3235 1002 3300 ob
1027 3257 1162 3299 oausam
1185 3228 1290 3316 aequit·

199 3337 316 3402 simam
339 3335 506 3421 optabant.
552 3335 592 3399 ln
625 3335 816 3398 memoriam
848 3343 1020 3398 revooetur
1046 3333 1173 3418 speeies
1203 3345 1288 3392 easua

199 3433 462 3520 Supponebatur,
487 3430 740 3518 appellationem
768 3453 834 3495 non
864 3431 934 3495 fieri
966 3429 1142 3514 gradatim,
1166 3425 1219 3492 sed
1239 3441 1290 3486 nu

199 3532 254 3597 dio
286 3530 443 3595 tribunali
473 3529 648 3617 (finitimae
679 3529 871 3616 provinciae
895 3525 1138 3614 episcoporum)
1171 3529 1288 3612 praeter

200 3631 308 3694 misso.
354 3629 510 3694 Jamvero
543 3629 577 3692 in
610 3636 747 3713 utroque
775 3625 851 3712 jure
880 3623 1116 3710 appellationes
1139 3613 1288 3709 ejusmodi,

200 3749 399 3816 quamquam
423 3748 489 3792 uon
512 3725 706 3812 prohibitae,
730 3744 968 3809 nonnunquam
990 3731 1103 3787 tamen
1125 3713 1288 3806 improban-

200 3838 262 3907 tur,
287 3836 320 3890 et
341 3825 535 3911 regulariter
556 3845 621 3888 non
645 3833 722 3888 aunt
744 3821 925 3903 faciendae,
954 3829 1025 3884 tum
1057 3819 1136 3905 quia
1163 3815 1198 3881 id
1217 3807 1289 3874 vide·

201 3937 255 3989 tur
284 3925 384 3989 nimie
416 3921 571 4008 prodesse
601 3941 719 3986 mosae
747 3921 805 4002 rei,
838 3929 909 3982 tum
942 3917 984 3984 ob
1019 3915 1175 4003 injuriam
1200 3905 1288 4013 medi?

201 4021 357 4088 tribunali
380 4019 516 4086 illatam.
561 4017 660 4084 Nulla
680 4017 823 4103 denique
846 4017 962 4080 visast
983 4013 1102 4079 allatae
1124 4007 1288 4098 objectioni,

202 4121 228 4192 si
253 4121 447 4206 inspiciatur
468 4138 574 4182 canon
597 4115 656 4197 IV,
679 4116 715 4180 in
738 4135 802 4201 quo
825 4113 934 4200 agitur
957 4111 999 4177 de
1021 4109 1232 4198 appellatione
1251 4118 1287 4162 οἳ·
