2874 4812
349 477 460 534 Veritas
477 477 592 532 historia
609 478 816 534 controversiae.
1088 479 1141 530 357

58 633 201 695 Praeterea
235 651 337 717 quum
369 631 403 694 in
433 629 548 694 Africa
580 631 755 712 scriberet,
787 631 930 694 rationes
965 639 1143 715 potuerunt

58 729 160 810 adesse,
203 751 242 794 ne
283 727 457 792 dissidium
499 749 576 791 eum
614 727 775 792 Pontifice
813 727 960 791 Romano
1002 727 1141 790 multum

59 837 169 908 urgeret
223 827 333 890 Fateri
375 825 509 888 demum
552 824 725 906 debemus,
770 847 836 888 non
878 825 1011 888 omnino
1054 833 1141 886 certo

59 934 187 1006 constare,
211 921 342 1010 quando
366 921 420 986 ille
443 922 527 988 liber
550 924 691 1008 scriptus
715 925 766 987 sit.
813 923 845 988 S.
869 921 1061 1006 Dionysius,
1086 921 1142 1006 qui

59 1020 122 1084 sedit
141 1023 172 1084 in
195 1031 341 1084 extrema
361 1019 495 1084 Africae
519 1041 575 1084 ora
591 1020 692 1084 Asiae
716 1021 835 1084 minori
859 1019 1010 1100 finitima,
1034 1020 1143 1104 potius

58 1117 253 1182 ttrientnlibus
286 1139 386 1204 quam
418 1117 508 1181 Afris
541 1126 589 1180 est
621 1116 903 1198 annumerandus,
937 1139 975 1180 ae
999 1125 1085 1180 totus
1109 1116 1143 1177 in

57 1237 146 1280 eornm
163 1215 384 1280 controversia
403 1214 632 1301 componenda
651 1223 830 1300 occupatus
847 1224 926 1280 eret.
959 1213 1058 1279 Unde
1075 1215 1143 1298 ipso

59 1311 213 1378 Nisibensis
226 1311 362 1378 Praesul
376 1311 551 1376 dissidium
566 1311 724 1376 orientale
738 1312 892 1392 admittit,
908 1311 996 1397 quod
1012 1311 1098 1375 illius
1113 1321 1145 1372 ot

57 1411 166 1494 quidem
188 1411 286 1475 solius
309 1410 466 1475 idoneum
490 1419 622 1473 censeat
645 1411 879 1474 testimonium.
923 1411 1036 1473 Restat
1059 1430 1144 1472 unus

58 1507 169 1572 Pontius
198 1509 294 1572 Vitae
327 1507 515 1594 Cyprianus
547 1505 828 1593 praeclarissimus
860 1509 1012 1593 scriptor,
1040 1510 1146 1594 quisi

58 1605 112 1668 atet
131 1606 166 1669 do
186 1608 366 1693 maeotium
388 1617 515 1684 mma,
548 1614 585 1668 ut
607 1606 757 1690 apposite
786 1607 833 1668 ait
855 1605 969 1670 Illmus
993 1605 1144 1692 Freppel,

58 1701 136 1764 auita
162 1727 277 1790 φιοφιο
309 1703 378 1766 alia
405 1705 645 1789 praetermittit,
678 1727 705 1767 a.
729 1725 757 1790 9.
782 1705 949 1766 schismata
973 1705 1094 1768 Novati
1117 1716 1146 1767 et

59 1797 227 1881 Fcto'oiooimi,
250 1823 328 1886 quae
350 1802 509 1864 mammas
525 1799 557 1864 S.
575 1801 708 1865 Ductori
731 1802 923 1864 suscitarunt
944 1802 1104 1866 molestias
1112 1799 1145 1886 ¹).

126 1896 266 1962 Positivs
287 1907 398 1962 autem
423 1899 610 1962 testimonia
628 1897 776 1978 Eusebii,
790 1896 914 1978 Basilii,
939 1897 1145 1982 Hieronymi,

61 1997 290 2077 Donatistarum,
314 1995 483 2060 Vincentii
498 1995 692 2076 Lirinensis,
717 1994 796 2059 talia
820 2004 905 2077 sunt,
928 2003 961 2058 et
980 2005 1048 2060 tam
1062 1995 1146 2058 bene

59 2111 117 2154 curn
145 2091 347 2158 documentis
379 2114 464 2179 quae
497 2101 629 2158 exstant
661 2103 862 2177 congruunt,
886 2101 923 2155 ut
946 2093 1076 2157 nonnisi
1101 2094 1147 2156 in-

60 2202 117 2270 epte
135 2191 231 2254 asseri
254 2192 364 2276 possit,
389 2211 445 2254 eos
469 2189 623 2276 deceptos
647 2211 727 2270 esse,
753 2190 804 2256 vel
829 2189 1038 2277 (Eusebium)
1063 2191 1148 2254 deei-

61 2286 275 2368 perevoluisse.
299 2287 399 2352 Haud
424 2296 522 2352 vocat
544 2287 627 2352 haee
647 2286 784 2352 ulterius
799 2288 971 2369 evolvere3
995 2289 1030 2352 id
1045 2311 1148 2352 unum

61 2382 197 2450 oddnmns
218 2385 307 2472 qnod
330 2387 445 2450 merito
468 2385 705 2450 animadvertit
726 2385 777 2452 Ill.
802 2385 961 2471 Freppel:
987 2385 1032 2450 Ut
1055 2407 1149 2449 suam

61 2477 216 2546 adversarii
248 2483 294 2548 illi
327 2491 481 2548 dieantur
512 2484 725 2562 sententium,
759 2484 932 2547 veritatem
959 2482 1149 2548 historicam

64 2589 220 2662 negmtem,
244 2591 403 2667 moriatur,
427 2581 545 2667 inquit,
560 2579 660 2664 fidem
683 2581 830 2646 adbibere
854 2581 1036 2659 tacentibus,
1059 2581 1150 2645 dono-

61 2697 120 2756 oare
139 2677 369 2764 laqrwmibaff).

122 2835 139 2902 ¹)
155 2835 178 2889 s
196 2835 318 2906 Cyprien,
337 2852 363 2905 p.
381 2837 442 2890 437.

119 2914 177 2980 'td
196 2917 309 2986 cyprios
335 2931 361 2984 p.
381 2913 442 2969 436.
468 2945 503 2956 -
534 2914 723 2982 Quaestionem
750 2914 820 2968 hano
838 2913 988 2968 soonmtins
1006 2913 1152 2967 discussm

63 2991 111 3044 ride
133 3009 172 3062 nn
197 2995 378 3052 Botlnndistus
406 2995 434 3049 in
461 2995 529 3049 vito
553 2995 579 3048 S.
605 2993 756 3050 Firmitinni
780 2996 826 3064 (28
844 2993 923 3062 Oet),
942 2998 1052 3048 auctore
1071 2993 1100 3047 P.
1119 2993 1151 3048 B.

64 3069 158 3142 Eunu
174 3081 203 3131 et
219 3092 260 3146 aa.
278 3077 309 3131 P.
328 3075 369 3132 De
386 3074 485 3141 Smedt,
504 3073 617 3130 Dissert
637 3073 670 3128 V.
688 3073 896 3128 ProoemiumL
