2936 4814
0 603 1 646 i
99 613 183 662 sumn

74 673 210 717 Adversariu-

230 469 266 520 30
588 474 628 527 Dr
646 472 712 528 Sede
731 475 852 528 Romana
869 473 895 530 S.
914 473 998 530 Petri.

233 614 425 678 inscribitur
454 617 612 704 Defensor
634 617 762 703 poois¹)
794 617 827 680 in
853 615 1092 682 dubitationem
1123 623 1221 684 etiam
1244 622 1349 685 uddu-

115 747 169 775 mm.
234 733 309 774 cere
340 723 478 776 conatus
510 721 559 776 ost
581 713 620 778 Β.
644 713 732 777 Petri
765 716 800 777 in
824 710 950 779 Urbem
983 713 1174 782 adventum.
1220 719 1351 782 Insistit

233 818 344 874 tamen
368 812 477 894 potius
501 811 535 874 in
550 807 702 895 negando
718 812 865 876 Romano
881 806 968 876 Petri
983 815 1186 899 episcopatu,
1210 825 1247 878 ut
1270 815 1350 880 inde

231 907 364 971 facilius
387 909 480 990 Rom.
496 909 695 973 Pontificum
718 925 944 974 suceessorum
958 910 1047 974 Petri
1071 913 1249 996 primatum
1274 931 1350 977 ann·

234 1003 343 1069 vellat.
389 1007 438 1068 De
472 1007 560 1070 beato
593 1029 664 1070 cero
688 1008 790 1084 Petro,
824 1008 941 1092 inquit,
973 1008 1044 1071 dico
1062 1030 1125 1093 per
1151 1008 1351 1096 Sciipntsom

234 1125 357 1166 sanum
379 1107 521 1168 convinci
543 1125 607 1168 non
624 1125 719 1190 posse
733 1101 824 1168 ilium
840 1105 947 1191 sitisse
961 1107 1138 1169 Romanam
1161 1109 1351 1192 episcopum,

234 1211 263 1264 et
291 1201 375 1286 quod
404 1201 542 1286 amptius
572 1213 626 1279 est,
650 1203 754 1287 ipsum
783 1219 920 1288 tunquam
942 1195 1062 1266 Romae
1077 1202 1192 1288 foisse.
1239 1205 1351 1267 Admi-

232 1299 458 1362 randt'ssintum
485 1321 617 1385 namne
646 1299 778 1379 videtur,
808 1301 837 1364 εἰ
869 1299 1035 1363 madunt
1059 1301 1221 1387 inpendunt
1242 1318 1351 1386 quant·

232 1396 308 1459 dam
340 1396 582 1460 ecclesiasticam
606 1446 612 1461 .
639 1447 645 1460 .
672 1445 679 1460 .
706 1445 713 1460 .
747 1421 785 1460 aa
817 1399 856 1460 ds
888 1398 980 1461 Petro
1004 1398 1161 1475 dicantar,
1195 1409 1225 1462 et
1247 1399 1353 1463 Lucas

232 1505 264 1557 et
287 1493 407 1558 Paulus
427 1493 551 1558 nullum
567 1517 703 1580 prorsas
725 1497 911 1581 mentionem
925 1495 1066 1581 faciunt.
1114 1495 1168 1558 Ab
1192 1495 1275 1578 eliis,
1301 1499 1349 1560 uti

234 1613 254 1654 a
276 1589 487 1673 Bellarmino,
512 1594 638 1676 primus
669 1602 875 1678 oppugnator
903 1589 1123 1678 Episcopatus
1145 1593 1286 1658 Romani
1310 1595 1350 1660 B.

231 1689 322 1752 Petri
344 1691 480 1773 ponitur
502 1688 688 1754 Gulielmius
712 1691 869 1774 magister
891 1684 1038 1756 Wiclefti
1061 1711 1103 1752 ex
1117 1689 1245 1754 Thomu
1260 1683 1352 1755 Wal-

232 1787 343 1868 densi,
375 1785 514 1852 doctrin.
545 1787 622 1852 fidei
647 1785 685 1853 T.
709 1788 736 1852 I.
761 1788 800 1852 L.
823 1787 868 1853 11.
893 1809 921 1853 c.
948 1789 976 1852 7.
1000 1810 1029 1852 s.
1057 1789 1086 1852 1.
1131 1788 1165 1851 Is
1187 1787 1286 1851 vaide
1310 1790 1352 1851 si-

234 1884 326 1948 milia
349 1885 449 1948 habet
471 1885 583 1950 verbis
606 1885 755 1968 Manilii,
787 1907 885 1970 quem
907 1886 991 1949 forte
1014 1885 1197 1970 exscripsit.
1245 1883 1351 1970 Scrip—

234 1978 307 2044 tnrc
339 1993 459 2061 sancto,
493 1984 601 2068 inquit
633 1983 653 2049 1.
687 2005 725 2064 c.,
749 2005 813 2047 non
845 1984 934 2047 docet
956 1985 1010 2046 too
1038 1983 1186 2070 (Petrum
1210 1982 1351 2045 Romam

233 2078 388 2164 venisse),
413 2081 468 2142 sed
491 2080 622 2166 inpendo
645 2081 800 2166 maedan
822 2083 1010 2168 apocrypha.

323 2178 353 2241 6.
378 2177 478 2240 Initio
510 2177 589 2240 dein
621 2177 866 2243 Lutheranismi
895 2177 1021 2243 Ubicns
1050 2179 1192 2255 Velenus,
1225 2179 1288 2252 iter
1320 2188 1353 2242 et

234 2276 461 2360 episcopatum
475 2275 660 2339 Romanum
675 2277 764 2338 Petri
788 2279 1003 2362 oppugnavit,
1028 2297 1126 2362 quem
1148 2277 1251 2340 secuti
1275 2285 1353 2339 sunt

235 2372 327 2435 multi
367 2368 423 2435 alii
456 2394 499 2436 ex
531 2373 788 2458 protestantibus
824 2373 934 2437 titrore
966 2373 1131 2438 haeretico
1169 2373 1352 2438 obcaecati„

233 2470 324 2532 Inter
346 2489 402 2532 eos
425 2469 732 2534 commemorandus
756 2479 805 2534 est
819 2469 1218 2556 Fridcricusdpuntsnius
1236 2471 1354 2556 junior

234 2549 290 2651 qui
321 2566 414 2630 addit
443 2567 734 2630 Dissertationum:
764 2569 813 2631 De
828 2567 909 2650 ficta
927 2567 1125 2652 profectione
1156 2567 1244 2631 Petri
1265 2567 1352 2653 Aps

234 2664 309 2728 stuli
330 2665 365 2727 in
392 2664 504 2728 Urbem
518 2665 660 2742 Romam,
684 2665 781 2750 deque
803 2681 868 2728 non
889 2684 956 2728 nnn
979 2665 1163 2728 traditionis
1185 2663 1352 2751 mipim.²)

235 2761 328 2825 Haec
360 2761 545 2825 dissertatio
578 2771 721 2847 quatuor
751 2770 879 2826 constat
909 2761 1069 2847 partibus
1116 2762 1225 2825 laena
1252 2759 1352 2824 tradi·
1466 2785 1467 2796 ἢ

233 2859 333 2922 tionis
365 2867 514 2923 suctores
547 2869 580 2922 et
611 2859 777 2945 praesidia
816 2869 980 2942 mennaei}
1027 2859 1133 2924 ultera
1164 2858 1352 2922 traditionis
1466 2933 1467 2944 χ

234 2956 383 3042 ejusdem
415 2958 595 3021 vanitatem
629 2957 853 3021 demonstrare
884 2959 1003 3020 nititur
1033 2975 1076 3019 ex
1101 2956 1230 3020 silentio
1253 2954 1351 3019 Perdi

234 3063 267 3118 ct
280 3054 391 3118 Lucae
414 3054 643 3140 similibusque
666 3053 739 3118 aliis
753 3055 973 3138 argumentis3
998 3056 1095 3118 tertia
1115 3055 1250 3117 testium
1265 3055 1352 3138 ipso·
1466 3049 1467 3072 ³

233 3173 307 3216 rum
331 3152 467 3216 discutit
488 3161 522 3216 et
543 3153 663 3216 refutat
685 3154 931 3234 auctoritatem
959 3163 1074 3237 qsaortu
1098 3149 1241 3236 denique
1265 3171 1352 3214 oom-

234 3251 404 3314 mentitiae
416 3247 601 3313 traditionis
618 3250 778 3332 originem
799 3259 832 3312 et
854 3249 1062 3312 occasionem
1085 3248 1237 3312 ostendit.
1274 3249 1352 3311 Per-

235 3346 355 3411 multos
377 3347 459 3411 alios
482 3355 632 3410 auctores
654 3345 868 3410 adversantes
883 3365 1053 3410 recensere
1077 3354 1218 3408 nonest
1239 3363 1353 3408 neees-

235 3447 376 3527 sarium3
400 3445 463 3530 ipsi
487 3446 575 3508 enim
599 3445 658 3506 via
680 3443 771 3508 aliud
785 3445 1020 3528 praestiterunt
1043 3443 1085 3507 ad
1109 3443 1355 3506 recentissimos

234 3561 350 3628 usque,
374 3543 438 3605 nisi
462 3551 499 3603 ut
522 3540 715 3625 Spnnhcmii
730 3551 926 3626 argumenta
941 3539 1121 3625 sophistica
1143 3539 1356 3625 putidissime
1466 3597 1467 3626 p

235 3638 461 3704 exscriberent
483 3647 516 3701 et
538 3649 761 3724 recoquerent.
795 3637 915 3724 quue,
940 3640 1056 3723 paucis
1079 3637 1228 3723 adjectis,
1252 3638 1355 3701 etism
1466 3629 1467 3690 ἶ

237 3739 321 3802 varii
332 3737 507 3822 scriptores
517 3745 734 3821 protestantes
747 3737 849 3800 nostri
860 3737 1017 3821 temporis
1027 3736 1164 3800 faciunt.
1179 3773 1223 3782 -
1243 3735 1356 3798 Ratio·
1466 3799 1467 3808 ,

237 3833 374 3898 nalistae
406 3833 516 3918 plures
538 3841 765 3918 protestantes,
798 3834 847 3895 uti
869 3833 969 3914 Bam,
994 3833 1112 3896 Winer
1143 3841 1176 3894 at
1206 3831 1356 3916 Lipsius,
1466 3849 1467 3900 Τ

272 4003 292 4070 ι)
309 4001 434 4056 Dictioue
451 4000 520 4054 ILc.
540 4001 573 4054 16
592 3998 641 4054 sub
651 3999 738 4054 tinem
747 3995 966 4066 Defensor'pscis
979 3998 1120 4057 invenitur
1138 3997 1359 4068 issoldunum
1466 4017 1467 4028 ¹

238 4080 266 4134 in
284 4095 334 4133 sua
353 4079 516 4133 rnna-rensc
534 4085 554 4133 t.
574 4078 610 4133 II.
629 4096 654 4147 p.
673 4079 733 4143 245,
752 4075 875 4132 Francos.
895 4095 919 4131 u.
940 4075 1016 4133 1654.

271 4159 292 4228 ’)
311 4157 411 4211 Exstat
428 4157 458 4210 in
475 4158 628 4226 Spsuhemii
638 4158 815 4212 Miscellancis
830 4173 922 4211 sacrae
934 4157 1069 4225 Antiquit.
1089 4158 1134 4218 lib.
1147 4157 1198 4210 III.
1218 4173 1277 4225 opp.
1289 4163 1358 4212 totu.

236 4238 275 4298 11,
292 4253 318 4311 p.
337 4239 388 4291 331
407 4253 463 4308 sqq.
482 4237 546 4306 edit
565 4237 690 4310 hugum
708 4238 806 4293 uani.
827 4239 905 4292 1703.
