2900 4800
231 445 287 499 su
642 447 683 500 ne
701 445 788 500 trium
808 446 948 514 Capitulis.

232 588 475 673 exstinguendo
509 587 678 653 schismati
708 591 848 654 navavit
879 589 913 656 S.
941 588 1121 673 Gregorius
1145 591 1190 657 M.
1235 591 1342 677 Neque

232 690 317 751 irriti
341 689 476 752 luerunt
499 686 649 772 Gregorii
675 697 828 769 conatus3
852 709 930 753 nam
955 689 1026 774 ejus
1050 689 1225 774 prudentia
1247 689 1341 754 Theo-

232 784 378 866 dolinda,
403 785 699 870 Longobardorum
727 785 881 850 initalia
910 788 1034 870 regina,
1068 809 1166 874 quam
1198 787 1344 852 schisma-

231 884 289 946 tici
314 885 348 946 in
372 892 481 969 partes
514 905 589 947 suas
622 882 753 946 allicere
786 885 896 947 eonati
929 893 1037 966 erant,
1062 887 1097 950 in
1121 887 1344 951 communione

232 980 395 1045 catholica
409 990 536 1045 retenta
550 981 631 1064 tuit3
647 981 848 1046 Prudentius
862 989 896 1046 et
909 981 1036 1064 Petrus,
1062 985 1208 1069 episcopi
1223 984 1344 1066 Istriae,

231 1089 331 1164 atque
350 1079 521 1143 Firminus
535 1079 759 1162 Tergestinus,
775 1078 952 1143 schismate
970 1079 1100 1160 abiecto
1124 1081 1167 1146 ad
1182 1081 1344 1146 Ecclesiae

231 1177 392 1240 unitatem
426 1177 604 1242 redierunt.
651 1177 691 1241 In
724 1177 791 1242 fine
822 1186 932 1241 autern
967 1178 1089 1242 saeculi
1125 1180 1257 1264 septimi
1289 1179 1347 1243 hoo

231 1274 376 1338 schisma
399 1275 532 1358 penitus
556 1277 757 1340 exstinctum
781 1285 840 1339 est.

749 1581 833 1645 m.

312 1703 568 1769 ‚scutetum
595 1705 823 1770 crtttcam
848 1705 903 1768 de
933 1703 1108 1788 thtlto
1137 1721 1191 1770 ao
1221 1706 1274 1769 de

586 1819 796 1886 Ooactlto
825 1821 1000 1898 natatu.

91 1977 148 2018 aaa
172 1989 214 2018 as.
323 1950 375 2014 71.
398 1948 534 2014 Arduus
557 1952 636 2014 satis
660 1948 755 2015 nobis
784 1959 885 2016 restat
911 1948 1014 2031 labor,
1036 1960 1077 2014 ut
1100 1951 1260 2016 videlicet
1283 1973 1349 2016 sen·

118 2049 184 2078 ¹¹⁵⁰·
231 2048 368 2111 tentiam
393 2047 550 2129 teramus,
584 2047 674 2114 haud
706 2047 842 2112 arbitrio
873 2047 1050 2112 confictam
1080 2047 1137 2112 sed
1167 2049 1348 2116 rationibus

230 2145 359 2226 fultam,
385 2145 426 2208 de
449 2145 573 2228 Vigilio
607 2147 743 2231 ejusque
772 2145 893 2230 agendi
928 2144 1041 2227 modo,
1070 2166 1110 2209 ac
1137 2144 1179 2210 de
1204 2147 1247 2210 iis
1270 2167 1348 2232 quse

231 2244 265 2306 in
291 2240 440 2306 Concilio
469 2245 681 2308 oecumenico
712 2245 826 2329 quinto
858 2252 952 2328 gesta
984 2252 1069 2308 sunt.
1117 2241 1192 2323 Qua
1217 2243 1348 2330 quidem

230 2341 266 2404 in
288 2362 324 2402 re
347 2349 496 2404 auctores
519 2339 673 2405 abierunt
702 2343 736 2406 in
768 2351 878 2427 partes
902 2343 1022 2406 varias.
1069 2339 1268 2406 Adversarii
1292 2339 1348 2406 lle·

230 2437 349 2502 clasiae
365 2437 525 2522 sedisque
540 2438 753 2523 Apostolicae
776 2461 818 2504 ex
841 2440 882 2502 iis
906 2460 991 2524 quae
1015 2441 1247 2504 coenavimus
1262 2459 1348 2503 occa·

229 2538 355 2600 sionem
379 2537 597 2621 arripuerunt,
629 2537 786 2624 carpendi
811 2537 926 2622 majori
952 2539 1131 2618 minorive,
1156 2559 1216 2623 pro
1242 2533 1348 2602 indole

229 2632 443 2718 singulorum,
469 2633 679 2698 vehementia
694 2635 859 2700 Romanos
872 2634 1060 2716 Pontifices,
1076 2645 1109 2700 et
1129 2633 1347 2720 impugnandi

229 2731 498 2797 infallibilitatem
532 2753 656 2798 eorum.
711 2733 778 2800 Sed
811 2732 905 2798 multi
945 2733 1008 2798 viri
1042 2731 1195 2798 catholici
1232 2731 1348 2798 eruditi

229 2831 476 2894 criminationes
509 2852 622 2894 eorum
655 2829 844 2896 doctissime
876 2831 1077 2914 refutarunt3
1126 2832 1284 2917 quamvis
1317 2832 1347 2894 in

229 2949 337 2993 rerum
363 2930 569 3012 expositione
592 2931 716 3014 passim
740 2928 978 3014 aliquantisper
1000 2929 1206 2994 dissentiant

320 3027 361 3090 72
397 3027 549 3090 Sufficiat
572 3026 677 3108 nobis,
702 3036 878 3112 antequam
914 3047 999 3112 quae
1022 3027 1183 3090 sentimus
1207 3046 1348 3112 expona-

228 3145 311 3204 mus,
337 3145 444 3208 pauca
467 3125 578 3188 dicere
602 3124 643 3188 de
676 3124 716 3190 cl.
741 3125 910 3190 Vincentii
945 3126 1108 3189 sententia
1131 3145 1234 3209 quam
1260 3143 1349 3207 supc-

227 3224 295 3286 rius
314 3223 385 3307 jam
411 3224 591 3288 innuimus.
624 3222 786 3307 Vigilium
803 3232 924 3304 censet,
949 3224 983 3286 in
1007 3221 1162 3288 omnibus
1186 3220 1348 3286 illibatum

227 3341 297 3384 csse
321 3322 547 3408 eximiumque
569 3321 776 3386 Pontificem.
825 3319 989 3404 „Vigilius
1012 3339 1159 3384 summus
1182 3317 1348 3387 Pontifex.

226 3420 274 3482 ait
297 3419 331 3482 in
355 3421 521 3503 prooemio
546 3419 655 3502 operis
678 3419 740 3499 sui,
765 3419 891 3503 primus
905 3418 947 3482 de
970 3417 1120 3484 hostibus
1144 3418 1212 3482 suis
1238 3419 1347 3481 triurn-

226 3515 330 3603 phum
354 3519 466 3600 agita
489 3517 561 3580 Deo
591 3515 714 3580 electus
747 3515 944 3580 universalis
967 3514 1138 3580 Ecclesiae
1161 3515 1291 3594 Pastor,
1314 3511 1346 3578 S.

226 3613 348 3678 Leonis
372 3613 418 3678 Μ.
443 3616 477 3678 in
501 3614 618 3680 ordine
642 3635 700 3678 suo
725 3613 846 3697 dignus
873 3634 1042 3678 successor
1063 3613 1105 3678 ob
1129 3614 1294 3678 sinceram
1318 3619 1348 3673 et

226 3715 447 3780 incessantem
483 3711 741 3776 sollicitudinem
774 3710 934 3776 adversus
968 3712 1171 3796 impietatem
1204 3710 1346 3776 Nestorii

226 3821 258 3875 et
282 3809 454 3894 Eutychis,
479 3819 511 3872 et
534 3809 674 3874 aliarum
697 3819 870 3890 sectarum,
885 3811 1080 3894 praesertim
1102 3807 1345 3894 acephalorum,

226 3906 361 3972 sedulus
391 3907 646 3991 apostolicarum
679 3907 893 3972 traditionum
927 3916 1046 3986 custos,
1076 3907 1162 3991 juris
1185 3905 1344 3992 pontificii

226 4006 362 4087 vindex,
397 4006 432 4070 in
464 4007 592 4069 unitate
615 4002 786 4068 Ecclesiae
818 4003 982 4070 servande
1014 4004 1284 4085 studiosissimus,
1306 4026 1345 4068 aar

227 4103 342 4166 firmus
365 4103 465 4166 trium
490 4101 717 4187 Capitulorum
742 4105 978 4186 expugnator.“
1013 4139 1056 4148 —
1080 4101 1147 4166 Sed
1170 4112 1204 4165 et
1226 4101 1266 4166 de
1288 4101 1344 4166 Ju-

229 4200 372 4262 stiniano
400 4201 523 4283 optime
554 4201 662 4264 sentit.
721 4199 961 4282 ,lastinianus
994 4201 1114 4285 inquit,
1147 4199 1230 4266 alter
1260 4199 1342 4264 Con-
