2876 4814
236 445 289 498 ate
570 443 610 497 De
629 443 715 510 Opere
735 441 1016 510 Pnuoeophomon

236 609 275 650 ea
298 597 406 650 aetate
429 586 528 652 valde
551 609 728 652 commune
757 587 869 663 fuisse,
894 594 930 649 ut
952 585 1072 671 duplas.-
1095 607 1261 672 coquom
1286 585 1358 648 dia·

236 685 376 748 eriticum
408 687 493 750 varii
527 685 697 750 habereut
743 683 914 749 Interdum
948 683 982 748 id
1016 683 1094 748 iude
1125 683 1357 770 proveniebat.

236 782 325 868 quod
348 781 472 868 duplex
496 805 678 868 cognomen
711 781 860 866 regulare
884 793 916 846 et
946 781 1045 846 civile
1068 781 1115 846 illi
1138 781 1357 861 obtinuerint,

237 890 270 944 et
292 903 353 945 usu
378 883 577 959 variaretur,
610 883 656 944 ita
678 881 849 966 Pupienus
872 879 956 966 Imp.
980 903 1001 944 a
1023 891 1115 966 patre
1138 881 1239 944 etiam
1264 878 1358 942 aliud

237 1001 418 1063 cognomen
452 980 619 1044 Maximus
642 980 775 1043 sortitus
798 989 866 1060 est,
895 988 927 1041 et
950 977 1048 1042 modo
1072 977 1147 1058 illo,
1170 977 1270 1042 modo
1295 979 1358 1040 isto

237 1079 435 1144 nominatur.
482 1077 652 1142 Interdum
677 1098 755 1140 vero
776 1099 818 1140 ex
834 1077 945 1163 ahqua
959 1075 1179 1162 appellatione
1202 1074 1358 1161 populari

238 1173 290 1238 vel
319 1174 474 1240 familiari
505 1173 739 1261 superadditur
768 1173 859 1239 aliud
883 1197 1014 1240 nomen.
1064 1174 1116 1239 Ita
1138 1172 1228 1259 apud
1253 1173 1361 1238 Fron·
1429 1239 1430 1242 ,

237 1283 347 1338 tonem
371 1275 405 1338 in
430 1273 576 1360 epistolis
599 1272 819 1337 familiaribus
850 1272 1038 1337 Naaoellias
1067 1272 1259 1336 nominatur
1282 1293 1359 1334 con·

237 1370 300 1452 sul,
331 1372 387 1456 qui
413 1371 447 1435 in
470 1371 563 1434 fastis
586 1369 710 1434 dicitur
731 1371 826 1434 Titus
851 1369 1012 1434 Claudius
1035 1369 1203 1450 Julianus3
1241 1366 1359 1433 Contu-

237 1471 303 1532 cias
334 1467 518 1554 appellatur
549 1469 735 1554 praefectus
767 1468 928 1532 Antonini
952 1468 1020 1548 Pii,
1054 1468 1148 1554 cujus
1171 1488 1360 1550 cognomen

238 1562 336 1628 civile
368 1574 438 1628 erat
469 1565 604 1651 Sergius
637 1565 808 1631 Cornelius
837 1567 1057 1652 Repentinum
1095 1565 1128 1631 S.
1152 1563 1360 1651 Hippolytus

237 1663 426 1728 Portuensis
467 1665 501 1726 in
539 1663 782 1748 hlartyrologiis
814 1664 937 1728 dieitur
963 1667 1070 1752 quiet
1094 1664 1240 1742 Nonne,
1265 1671 1299 1726 et
1326 1665 1358 1726 in

237 1761 451 1846 inscriptione
475 1761 586 1846 aliqua
614 1761 812 1846 sepulchrali
842 1785 949 1848 nuper
971 1762 1071 1828 Portu
1102 1761 1231 1825 detecta
1255 1761 1358 1824 etiam

237 1859 371 1943 legitur:
403 1859 448 1922 M.
485 1856 516 1924 C.
549 1858 726 1946 &amachi
754 1862 809 1946 qui
837 1871 867 1925 et
891 1861 1037 1940 Novanus,
1067 1862 1121 1947 qai
1149 1859 1231 1922 e'aeit
1255 1882 1361 1924 aanor

237 1957 380 2030 XILM.
413 1957 464 2020 VI.
502 1957 556 2022 Ex
579 1956 669 2022 hisce
693 1979 772 2022 vero
796 1958 905 2044 quoad
929 1980 1028 2044 opera
1052 1956 1181 2024 saeculo
1204 1956 1259 2022 111
1282 1979 1359 2022 oon-

237 2055 359 2139 scripta
391 2057 540 2139 sequitur
572 2054 626 2120 ille
659 2077 776 2120 canon.
832 2055 866 2122 Si
900 2056 1016 2120 eadem
1048 2056 1136 2120 facta
1166 2057 1359 2140 inscriptis

238 2152 324 2216 illius
348 2155 505 2238 temporis
528 2152 659 2218 duabus
675 2155 824 2239 personis
840 2153 963 2218 diversi
988 2155 1131 2218 nominis
1153 2152 1358 2237 tribuuntur,

237 2249 476 2314 attendendum
508 2259 566 2330 est,
599 2273 710 2316 annon
735 2251 778 2316 ad
807 2250 957 2315 eamdem
981 2272 1155 2337 personam
1179 2249 1265 2316 baec
1288 2273 1358 2336 per·

237 2349 373 2430 tineent,
398 2371 483 2434 quae
507 2347 559 2412 vel
589 2347 714 2434 duplex
747 2371 929 2433 cognomen
962 2349 1060 2414 civile
1092 2350 1198 2436 potuit
1221 2347 1357 2432 habere,
1430 2429 1431 2436 ,

238 2446 291 2511 vel
323 2448 423 2511 etiam
455 2469 638 2531 cognomen
671 2446 833 2511 familiare
863 2447 1111 2533 appellativum.
1156 2447 1356 2512 Praesertim

238 2565 315 2606 vero
350 2545 384 2608 iu
418 2546 547 2630 scriptis
580 2542 752 2630 polemicis
784 2545 839 2610 vel
871 2544 1001 2610 lusoriis
1033 2544 1194 2632 ejusmodi
1219 2547 1356 2611 nomina

235 2641 437 2728 appellativa
471 2641 675 2706 adhibentur
706 2645 733 2707 si
766 2643 809 2707 ad
843 2665 980 2730 scopum
1011 2643 1138 2730 aliquid
1162 2643 1356 2715 conferunt;

236 2739 465 2826 habenturque
497 2740 661 2826 quaedam
694 2763 825 2827 quoque
858 2742 1054 2827 cognomina
1083 2741 1249 2827 regularia
1273 2763 1303 2806 e.
1326 2764 1356 2826 g.

237 2838 447 2917 Fortunatus,
478 2836 666 2920 Amantius,
700 2839 883 2922 Eusebius,
917 2839 1130 2921 Eusthatius,
1164 2837 1356 2924 Gregorius,

237 2959 320 3021 quae
354 2958 396 3000 ex
428 2935 538 3000 indole
563 2959 622 3002 sua
655 2939 826 3022 aptissima
849 2947 935 3018 sunt,
969 2947 1006 3002 ut
1028 2939 1112 3002 serio
1137 2935 1190 3000 vel
1208 2935 1356 3022 jocando

236 3035 269 3098 in
294 3032 496 3120 appellativa
519 3043 700 3100 vertantur.
747 3034 828 3100 Tale
860 3046 910 3100 est
941 3036 1041 3100 etiam
1065 3056 1186 3100 nomen
1209 3028 1357 3118 Πραξίας

236 3154 293 3196 seu
315 3131 471 3197 Praxeas.
517 3129 604 3196 Illud
629 3131 763 3218 quidem
793 3155 915 3198 nomen
944 3141 1059 3198 estex
1083 3133 1356 3218 inscriptionibus

236 3241 268 3294 et
300 3228 490 3294 auctoribus
522 3231 667 3316 antiquis
700 3241 814 3296 notum
848 3242 884 3295 ut
917 3253 1099 3316 cognomen
1133 3229 1295 3316 regulare,
1326 3241 1356 3294 et

237 3349 302 3392 nou
326 3347 385 3412 per
409 3348 442 3388 se
465 3337 514 3390 est
537 3350 628 3393 mera
644 3327 831 3414 appellatio.
864 3330 929 3396 Sed
954 3351 1057 3416 quum
1081 3328 1257 3394 cohaereat
1280 3351 1355 3394 cum

237 3424 338 3489 verbo
369 3421 514 3508 πράσσω,
540 3450 642 3512 apere,
666 3426 762 3491 facile
793 3426 937 3494 ludendo
962 3437 995 3492 et
1017 3426 1195 3514 pungendo
1219 3426 1355 3492 adhibe·

236 3535 289 3588 tur
313 3531 349 3587 ut
372 3522 620 3607 appellativum.
667 3525 765 3590 Unde
796 3527 896 3590 etiam
924 3524 1163 3590 Tertullianus:
1208 3524 1356 3590 Praxeas

236 3631 268 3685 et
290 3619 372 3684 alias
395 3621 482 3683 bomo
505 3621 671 3707 inquietus,
695 3625 751 3708 qai
773 3623 894 3689 dioboli
916 3626 1042 3710 aeqotia
1061 3634 1224 3711 procuret.

324 3718 377 3784 56.
401 3717 503 3783 Porro
537 3721 563 3783 si
588 3720 823 3803 consideratur,
849 3721 889 3785 de
923 3722 1160 3807 propagatione
1184 3719 1355 3786 doctrinae

234 3817 331 3882 Notati
355 3825 426 3880 tum
449 3815 690 3882 Tertullianum
714 3827 784 3882 tum
804 3819 983 3884 Auctorem
1006 3817 1354 3904 Philosophoumeuon

234 3937 346 4000 agere,
380 3935 500 3978 nomen
533 3923 644 3978 tamma
672 3915 821 3980 Praxeae
853 3917 944 4002 apud
976 3916 1066 3981 hunc
1098 3937 1165 3980 non
1197 3917 1353 3996 inveniri,

233 4035 349 4098 perse
373 4010 486 4076 illese
519 4013 614 4078 offert
644 4015 803 4099 quaestio,
837 4036 948 4080 annon
969 4014 1117 4080 Praxeas
1148 4015 1210 4078 iste
1234 4036 1254 4077 a
1278 4014 1353 4079 Ter-

234 4107 372 4175 tulliano
393 4108 579 4196 appellatus
602 4109 722 4197 aliquis
746 4113 789 4176 sit
808 4133 852 4178 ex
875 4114 925 4196 iis,
950 4113 1006 4199 qui
1030 4111 1073 4178 ab
1094 4120 1229 4178 auctore
1252 4111 1352 4176 altero

235 4214 543 4275 commemorantur.
588 4207 722 4274 Poterat
751 4211 840 4276 enim
862 4211 1011 4278 Praxeae
1043 4211 1143 4276 etiam
1167 4207 1351 4276 aliudesse
