<?xml version="1.0" encoding="UTF-8"?>
<!DOCTYPE html PUBLIC "-//W3C//DTD XHTML 1.0 Transitional//EN"
    "http://www.w3.org/TR/xhtml1/DTD/xhtml1-transitional.dtd">
<html xmlns="http://www.w3.org/1999/xhtml" xml:lang="en" lang="en">
 <head>
  <title>
</title>
<meta http-equiv="Content-Type" content="text/html;charset=utf-8" />
  <meta name='ocr-system' content='tesseract 3.04.00' />
  <meta name='ocr-capabilities' content='ocr_page ocr_carea ocr_par ocr_line ocrx_word'/>
</head>
<body>
  <div class='ocr_page' id='page_1' title='image "./dissertationess02junggoog_0355.png"; bbox 0 0 2874 4812; ppageno 0'>
   <div class='ocr_carea' id='block_1_1' title="bbox 238 479 919 551">
    <p class='ocr_par' dir='ltr' id='par_1_1' title="bbox 238 479 919 551">
     <span class='ocr_line' id='line_1_1' title="bbox 238 479 919 551; baseline 0.007 -19"><span class='ocrx_word' id='word_1_1' title='bbox 238 479 291 532; x_wconf 73' lang='lat'><strong>346</strong></span> <span class='ocrx_word' id='word_1_2' title='bbox 673 481 713 535; x_wconf 86' lang='lat' dir='ltr'><strong>De</strong></span> <span class='ocrx_word' id='word_1_3' title='bbox 731 481 757 538; x_wconf 85' lang='lat' dir='ltr'><strong>S.</strong></span> <span class='ocrx_word' id='word_1_4' title='bbox 776 479 919 551; x_wconf 73' lang='lat' dir='ltr'><strong>Cypriane.</strong></span> 
     </span>
    </p>
   </div>
   <div class='ocr_carea' id='block_1_2' title="bbox 239 622 1429 3452">
    <p class='ocr_par' dir='ltr' id='par_1_2' title="bbox 239 622 1365 1296">
     <span class='ocr_line' id='line_1_2' title="bbox 240 622 1365 710; baseline 0.003 -22"><span class='ocrx_word' id='word_1_5' title='bbox 240 625 348 710; x_wconf 90' lang='lat' dir='ltr'><strong>priani</strong></span> <span class='ocrx_word' id='word_1_6' title='bbox 373 633 406 688; x_wconf 93' lang='lat' dir='ltr'><strong>et</strong></span> <span class='ocrx_word' id='word_1_7' title='bbox 428 624 615 688; x_wconf 84' lang='lat' dir='ltr'><strong>Firmiliani</strong></span> <span class='ocrx_word' id='word_1_8' title='bbox 639 633 708 689; x_wconf 92' lang='lat' dir='ltr'><strong>tum</strong></span> <span class='ocrx_word' id='word_1_9' title='bbox 733 622 909 708; x_wconf 84' lang='lat' dir='ltr'><strong>Gallicani,</strong></span> <span class='ocrx_word' id='word_1_10' title='bbox 943 627 992 689; x_wconf 88' lang='lat' dir='ltr'><strong>uti</strong></span> <span class='ocrx_word' id='word_1_11' title='bbox 1018 625 1155 691; x_wconf 86' lang='lat' dir='ltr'><strong>Bossuet</strong></span> <span class='ocrx_word' id='word_1_12' title='bbox 1178 628 1213 710; x_wconf 87' lang='lat' dir='ltr'><strong>in</strong></span> <span class='ocrx_word' id='word_1_13' title='bbox 1238 626 1365 692; x_wconf 87' lang='lat' dir='ltr'><strong>Defen-</strong></span> 
     </span>
     <span class='ocr_line' id='line_1_3' title="bbox 240 720 1365 812; baseline 0.001 -25"><span class='ocrx_word' id='word_1_14' title='bbox 240 724 331 788; x_wconf 87' lang='lat' dir='ltr'><strong>siene</strong></span> <span class='ocrx_word' id='word_1_15' title='bbox 355 721 597 788; x_wconf 84' lang='lat' dir='ltr'><strong>Declarationis</strong></span> <span class='ocrx_word' id='word_1_16' title='bbox 622 720 708 786; x_wconf 77' lang='lat' dir='ltr'><strong>Cleri</strong></span> <span class='ocrx_word' id='word_1_17' title='bbox 732 721 897 787; x_wconf 80' lang='lat' dir='ltr'><strong>Gallicani</strong></span> <span class='ocrx_word' id='word_1_18' title='bbox 907 721 940 810; x_wconf 88' lang='lat'><strong>¹),</strong></span> <span class='ocrx_word' id='word_1_19' title='bbox 969 733 1040 788; x_wconf 86' lang='lat' dir='ltr'><strong>tum</strong></span> <span class='ocrx_word' id='word_1_20' title='bbox 1063 722 1270 812; x_wconf 81' lang='lat' dir='ltr'><strong>Doninger¹)</strong></span> <span class='ocrx_word' id='word_1_21' title='bbox 1296 723 1365 788; x_wconf 88' lang='lat' dir='ltr'><strong>alii·</strong></span> 
     </span>
     <span class='ocr_line' id='line_1_4' title="bbox 239 811 1364 906; baseline 0.003 -23"><span class='ocrx_word' id='word_1_22' title='bbox 239 841 314 906; x_wconf 92' lang='lat' dir='ltr'><strong>que,</strong></span> <span class='ocrx_word' id='word_1_23' title='bbox 337 818 477 906; x_wconf 86' lang='lat' dir='ltr'><strong>probare</strong></span> <span class='ocrx_word' id='word_1_24' title='bbox 492 820 555 883; x_wconf 90' lang='lat' dir='ltr'><strong>nisi</strong></span> <span class='ocrx_word' id='word_1_25' title='bbox 574 811 660 901; x_wconf 80' lang='lat' dir='ltr'><strong>sunt,</strong></span> <span class='ocrx_word' id='word_1_26' title='bbox 680 819 948 885; x_wconf 71' lang='lat' dir='ltr'><strong>infallibilitatem</strong></span> <span class='ocrx_word' id='word_1_27' title='bbox 963 821 1102 886; x_wconf 85' lang='lat' dir='ltr'><strong>Romani</strong></span> <span class='ocrx_word' id='word_1_28' title='bbox 1121 821 1298 887; x_wconf 86' lang='lat' dir='ltr'><strong>Pontificis</strong></span> <span class='ocrx_word' id='word_1_29' title='bbox 1322 821 1364 886; x_wconf 89' lang='lat' dir='ltr'><strong>ab</strong></span> 
     </span>
     <span class='ocr_line' id='line_1_5' title="bbox 239 917 1364 1008; baseline 0.001 -26"><span class='ocrx_word' id='word_1_30' title='bbox 239 919 385 1003; x_wconf 79' lang='lat' dir='ltr'><strong>antiquis</strong></span> <span class='ocrx_word' id='word_1_31' title='bbox 408 917 498 981; x_wconf 90' lang='lat' dir='ltr'><strong>haud</strong></span> <span class='ocrx_word' id='word_1_32' title='bbox 522 919 669 1001; x_wconf 79' lang='lat' dir='ltr'><strong>agnitam</strong></span> <span class='ocrx_word' id='word_1_33' title='bbox 692 917 803 984; x_wconf 88' lang='lat' dir='ltr'><strong>fuisse.</strong></span> <span class='ocrx_word' id='word_1_34' title='bbox 833 917 1047 1008; x_wconf 81' lang='lat' dir='ltr'><strong>Contendunt</strong></span> <span class='ocrx_word' id='word_1_35' title='bbox 1070 919 1238 1003; x_wconf 87' lang='lat' dir='ltr'><strong>videlicet,</strong></span> <span class='ocrx_word' id='word_1_36' title='bbox 1266 939 1364 1005; x_wconf 85' lang='lat' dir='ltr'><strong>quae-</strong></span> 
     </span>
     <span class='ocr_line' id='line_1_6' title="bbox 239 1014 1364 1102; baseline 0.001 -24"><span class='ocrx_word' id='word_1_37' title='bbox 239 1016 379 1080; x_wconf 87' lang='lat' dir='ltr'><strong>stionem</strong></span> <span class='ocrx_word' id='word_1_38' title='bbox 411 1015 453 1079; x_wconf 90' lang='lat' dir='ltr'><strong>de</strong></span> <span class='ocrx_word' id='word_1_39' title='bbox 485 1014 648 1100; x_wconf 89' lang='lat' dir='ltr'><strong>baptismo</strong></span> <span class='ocrx_word' id='word_1_40' title='bbox 681 1016 920 1081; x_wconf 87' lang='lat' dir='ltr'><strong>haereticorum</strong></span> <span class='ocrx_word' id='word_1_41' title='bbox 952 1016 1125 1081; x_wconf 84' lang='lat' dir='ltr'><strong>evidenter</strong></span> <span class='ocrx_word' id='word_1_42' title='bbox 1155 1015 1262 1080; x_wconf 88' lang='lat' dir='ltr'><strong>fuisse</strong></span> <span class='ocrx_word' id='word_1_43' title='bbox 1287 1016 1364 1102; x_wconf 84' lang='lat' dir='ltr'><strong>dog·</strong></span> 
     </span>
     <span class='ocr_line' id='line_1_7' title="bbox 240 1112 1365 1200; baseline 0.002 -24"><span class='ocrx_word' id='word_1_44' title='bbox 240 1114 405 1194; x_wconf 87' lang='lat' dir='ltr'><strong>matioam,</strong></span> <span class='ocrx_word' id='word_1_45' title='bbox 430 1112 722 1199; x_wconf 87' lang='lat' dir='ltr'><strong>definitionemque</strong></span> <span class='ocrx_word' id='word_1_46' title='bbox 753 1114 976 1198; x_wconf 80' lang='lat' dir='ltr'><strong>dogmaticam</strong></span> <span class='ocrx_word' id='word_1_47' title='bbox 1009 1137 1029 1178; x_wconf 88' lang='lat' dir='ltr'><strong>a</strong></span> <span class='ocrx_word' id='word_1_48' title='bbox 1052 1113 1219 1200; x_wconf 88' lang='lat' dir='ltr'><strong>Stephano</strong></span> <span class='ocrx_word' id='word_1_49' title='bbox 1244 1135 1365 1200; x_wconf 90' lang='lat' dir='ltr'><strong>propo·</strong></span> 
     </span>
     <span class='ocr_line' id='line_1_8' title="bbox 239 1209 1240 1296; baseline 0.001 -22"><span class='ocrx_word' id='word_1_50' title='bbox 239 1211 338 1274; x_wconf 87' lang='lat' dir='ltr'><strong>sitam</strong></span> <span class='ocrx_word' id='word_1_51' title='bbox 361 1209 472 1276; x_wconf 86' lang='lat' dir='ltr'><strong>fuisse.</strong></span> <span class='ocrx_word' id='word_1_52' title='bbox 519 1209 827 1276; x_wconf 88' lang='lat' dir='ltr'><strong>Animadvertenda</strong></span> <span class='ocrx_word' id='word_1_53' title='bbox 850 1213 952 1296; x_wconf 83' lang='lat' dir='ltr'><strong>igitur</strong></span> <span class='ocrx_word' id='word_1_54' title='bbox 973 1211 1056 1276; x_wconf 87' lang='lat' dir='ltr'><strong>haee</strong></span> <span class='ocrx_word' id='word_1_55' title='bbox 1080 1213 1240 1276; x_wconf 83' lang='lat' dir='ltr'><strong>veniunt:</strong></span> 
     </span>
    </p>

    <p class='ocr_par' dir='ltr' id='par_1_3' title="bbox 239 1295 1429 3452">
     <span class='ocr_line' id='line_1_9' title="bbox 329 1295 1364 1394; baseline 0 -22"><span class='ocrx_word' id='word_1_56' title='bbox 329 1307 382 1372; x_wconf 80' lang='lat'><strong>95.</strong></span> <span class='ocrx_word' id='word_1_57' title='bbox 408 1307 580 1393; x_wconf 90' lang='lat' dir='ltr'><strong>Oppositie</strong></span> <span class='ocrx_word' id='word_1_58' title='bbox 595 1307 756 1394; x_wconf 82' lang='lat' dir='ltr'><strong>Cypriani</strong></span> <span class='ocrx_word' id='word_1_59' title='bbox 776 1295 812 1374; x_wconf 77' lang='lat' dir='ltr'><strong>et</strong></span> <span class='ocrx_word' id='word_1_60' title='bbox 828 1304 1012 1374; x_wconf 82' lang='lat' dir='ltr'><strong>Firniiliani</strong></span> <span class='ocrx_word' id='word_1_61' title='bbox 1037 1319 1151 1374; x_wconf 86' lang='lat' dir='ltr'><strong>contra</strong></span> <span class='ocrx_word' id='word_1_62' title='bbox 1164 1309 1364 1374; x_wconf 85' lang='lat' dir='ltr'><strong>Pontificem</strong></span> 
     </span>
     <span class='ocr_line' id='line_1_10' title="bbox 243 1405 1365 1492; baseline 0 -24"><span class='ocrx_word' id='word_1_63' title='bbox 243 1407 280 1469; x_wconf 78' lang='lat'><strong>1⁰</strong></span> <span class='ocrx_word' id='word_1_64' title='bbox 308 1405 481 1470; x_wconf 88' lang='lat' dir='ltr'><strong>manifeste</strong></span> <span class='ocrx_word' id='word_1_65' title='bbox 504 1427 583 1492; x_wconf 90' lang='lat' dir='ltr'><strong>prae</strong></span> <span class='ocrx_word' id='word_1_66' title='bbox 607 1429 641 1470; x_wconf 89' lang='lat' dir='ltr'><strong>se</strong></span> <span class='ocrx_word' id='word_1_67' title='bbox 664 1407 727 1470; x_wconf 83' lang='lat' dir='ltr'><strong>fert</strong></span> <span class='ocrx_word' id='word_1_68' title='bbox 751 1405 974 1471; x_wconf 86' lang='lat' dir='ltr'><strong>characterem</strong></span> <span class='ocrx_word' id='word_1_69' title='bbox 1002 1409 1105 1472; x_wconf 88' lang='lat' dir='ltr'><strong>animi</strong></span> <span class='ocrx_word' id='word_1_70' title='bbox 1129 1408 1289 1492; x_wconf 79' lang='lat' dir='ltr'><strong>passione</strong></span> <span class='ocrx_word' id='word_1_71' title='bbox 1314 1427 1365 1468; x_wconf 88' lang='lat' dir='ltr'><strong>ve-</strong></span> 
     </span>
     <span class='ocr_line' id='line_1_11' title="bbox 241 1495 1364 1594; baseline 0.001 -29"><span class='ocrx_word' id='word_1_72' title='bbox 241 1503 412 1566; x_wconf 89' lang='lat' dir='ltr'><strong>hementer</strong></span> <span class='ocrx_word' id='word_1_73' title='bbox 444 1506 612 1586; x_wconf 90' lang='lat' dir='ltr'><strong>commoti,</strong></span> <span class='ocrx_word' id='word_1_74' title='bbox 646 1495 825 1591; x_wconf 84' lang='lat' dir='ltr'><strong>eorumque</strong></span> <span class='ocrx_word' id='word_1_75' title='bbox 854 1505 1043 1590; x_wconf 88' lang='lat' dir='ltr'><strong>disputatio,</strong></span> <span class='ocrx_word' id='word_1_76' title='bbox 1077 1526 1142 1594; x_wconf 92' lang='lat' dir='ltr'><strong>qua</strong></span> <span class='ocrx_word' id='word_1_77' title='bbox 1174 1506 1208 1567; x_wconf 93' lang='lat' dir='ltr'><strong>in</strong></span> <span class='ocrx_word' id='word_1_78' title='bbox 1243 1503 1364 1567; x_wconf 87' lang='lat' dir='ltr'><strong>litteris</strong></span> 
     </span>
     <span class='ocr_line' id='line_1_12' title="bbox 240 1597 1365 1689; baseline 0 -25"><span class='ocrx_word' id='word_1_79' title='bbox 240 1597 436 1664; x_wconf 87' lang='lat' dir='ltr'><strong>Pontificem</strong></span> <span class='ocrx_word' id='word_1_80' title='bbox 459 1603 629 1686; x_wconf 86' lang='lat' dir='ltr'><strong>exagitant</strong></span> <span class='ocrx_word' id='word_1_81' title='bbox 651 1612 684 1667; x_wconf 89' lang='lat' dir='ltr'><strong>et</strong></span> <span class='ocrx_word' id='word_1_82' title='bbox 706 1613 856 1689; x_wconf 87' lang='lat' dir='ltr'><strong>carpunt,</strong></span> <span class='ocrx_word' id='word_1_83' title='bbox 886 1625 952 1668; x_wconf 92' lang='lat' dir='ltr'><strong>non</strong></span> <span class='ocrx_word' id='word_1_84' title='bbox 976 1605 1085 1667; x_wconf 87' lang='lat' dir='ltr'><strong>minus</strong></span> <span class='ocrx_word' id='word_1_85' title='bbox 1108 1601 1295 1687; x_wconf 86' lang='lat' dir='ltr'><strong>sophistica</strong></span> <span class='ocrx_word' id='word_1_86' title='bbox 1319 1610 1365 1664; x_wconf 90' lang='lat' dir='ltr'><strong>ost</strong></span> 
     </span>
     <span class='ocr_line' id='line_1_13' title="bbox 242 1697 1364 1786; baseline -0.002 -24"><span class='ocrx_word' id='word_1_87' title='bbox 242 1719 342 1783; x_wconf 91' lang='lat' dir='ltr'><strong>quam</strong></span> <span class='ocrx_word' id='word_1_88' title='bbox 366 1697 520 1764; x_wconf 87' lang='lat' dir='ltr'><strong>violenta.</strong></span> <span class='ocrx_word' id='word_1_89' title='bbox 566 1699 643 1765; x_wconf 89' lang='lat' dir='ltr'><strong>Jam</strong></span> <span class='ocrx_word' id='word_1_90' title='bbox 674 1721 754 1764; x_wconf 85' lang='lat' dir='ltr'><strong>vero</strong></span> <span class='ocrx_word' id='word_1_91' title='bbox 784 1702 978 1786; x_wconf 86' lang='lat' dir='ltr'><strong>peremnia</strong></span> <span class='ocrx_word' id='word_1_92' title='bbox 1007 1700 1076 1764; x_wconf 89' lang='lat' dir='ltr'><strong>fers</strong></span> <span class='ocrx_word' id='word_1_93' title='bbox 1099 1697 1231 1786; x_wconf 76' lang='lat' dir='ltr'><strong>saecula</strong></span> <span class='ocrx_word' id='word_1_94' title='bbox 1259 1721 1364 1784; x_wconf 89' lang='lat' dir='ltr'><strong>usque</strong></span> 
     </span>
     <span class='ocr_line' id='line_1_14' title="bbox 242 1794 1365 1884; baseline 0.001 -25"><span class='ocrx_word' id='word_1_95' title='bbox 242 1794 285 1859; x_wconf 88' lang='lat' dir='ltr'><strong>ad</strong></span> <span class='ocrx_word' id='word_1_96' title='bbox 309 1794 380 1861; x_wconf 91' lang='lat' dir='ltr'><strong>dies</strong></span> <span class='ocrx_word' id='word_1_97' title='bbox 411 1806 540 1863; x_wconf 88' lang='lat' dir='ltr'><strong>nostros</strong></span> <span class='ocrx_word' id='word_1_98' title='bbox 572 1798 724 1884; x_wconf 85' lang='lat' dir='ltr'><strong>exempla</strong></span> <span class='ocrx_word' id='word_1_99' title='bbox 756 1799 917 1864; x_wconf 89' lang='lat' dir='ltr'><strong>habemus</strong></span> <span class='ocrx_word' id='word_1_100' title='bbox 949 1798 1112 1884; x_wconf 88' lang='lat' dir='ltr'><strong>ejusmodi</strong></span> <span class='ocrx_word' id='word_1_101' title='bbox 1145 1798 1365 1882; x_wconf 89' lang='lat' dir='ltr'><strong>oppositionis</strong></span> 
     </span>
     <span class='ocr_line' id='line_1_15' title="bbox 243 1892 1364 1980; baseline 0.002 -24"><span class='ocrx_word' id='word_1_102' title='bbox 243 1901 357 1956; x_wconf 90' lang='lat' dir='ltr'><strong>centra</strong></span> <span class='ocrx_word' id='word_1_103' title='bbox 379 1892 561 1978; x_wconf 84' lang='lat' dir='ltr'><strong>legitimam</strong></span> <span class='ocrx_word' id='word_1_104' title='bbox 585 1895 653 1962; x_wconf 81' lang='lat' dir='ltr'><strong>RR.</strong></span> <span class='ocrx_word' id='word_1_105' title='bbox 669 1897 868 1962; x_wconf 86' lang='lat' dir='ltr'><strong>Pontificum</strong></span> <span class='ocrx_word' id='word_1_106' title='bbox 884 1897 1123 1976; x_wconf 86' lang='lat' dir='ltr'><strong>auctoritatem,</strong></span> <span class='ocrx_word' id='word_1_107' title='bbox 1147 1903 1249 1980; x_wconf 84' lang='lat' dir='ltr'><strong>atque</strong></span> <span class='ocrx_word' id='word_1_108' title='bbox 1277 1894 1364 1959; x_wconf 85' lang='lat' dir='ltr'><strong>iden-</strong></span> 
     </span>
     <span class='ocr_line' id='line_1_16' title="bbox 242 1990 1363 2084; baseline 0.001 -31"><span class='ocrx_word' id='word_1_109' title='bbox 242 1990 345 2054; x_wconf 89' lang='lat' dir='ltr'><strong>tidem</strong></span> <span class='ocrx_word' id='word_1_110' title='bbox 369 1993 467 2056; x_wconf 89' lang='lat' dir='ltr'><strong>etiam</strong></span> <span class='ocrx_word' id='word_1_111' title='bbox 492 1994 555 2056; x_wconf 88' lang='lat' dir='ltr'><strong>viri</strong></span> <span class='ocrx_word' id='word_1_112' title='bbox 580 1995 636 2079; x_wconf 89' lang='lat' dir='ltr'><strong>qui</strong></span> <span class='ocrx_word' id='word_1_113' title='bbox 662 1996 753 2058; x_wconf 77' lang='lat' dir='ltr'><strong>vario</strong></span> <span class='ocrx_word' id='word_1_114' title='bbox 777 1996 937 2059; x_wconf 83' lang='lat' dir='ltr'><strong>virtutum</strong></span> <span class='ocrx_word' id='word_1_115' title='bbox 967 2013 1087 2084; x_wconf 78' lang='lat' dir='ltr'><strong>genere</strong></span> <span class='ocrx_word' id='word_1_116' title='bbox 1110 1991 1281 2056; x_wconf 89' lang='lat' dir='ltr'><strong>florebant</strong></span> <span class='ocrx_word' id='word_1_117' title='bbox 1303 1991 1363 2055; x_wconf 87' lang='lat' dir='ltr'><strong>hac</strong></span> 
     </span>
     <span class='ocr_line' id='line_1_17' title="bbox 243 2087 1363 2177; baseline 0.002 -27"><span class='ocrx_word' id='word_1_118' title='bbox 243 2088 277 2151; x_wconf 93' lang='lat' dir='ltr'><strong>in</strong></span> <span class='ocrx_word' id='word_1_119' title='bbox 300 2109 336 2150; x_wconf 90' lang='lat' dir='ltr'><strong>re</strong></span> <span class='ocrx_word' id='word_1_120' title='bbox 359 2087 485 2175; x_wconf 91' lang='lat' dir='ltr'><strong>aliquid</strong></span> <span class='ocrx_word' id='word_1_121' title='bbox 509 2090 645 2156; x_wconf 88' lang='lat' dir='ltr'><strong>humani</strong></span> <span class='ocrx_word' id='word_1_122' title='bbox 670 2093 767 2177; x_wconf 87' lang='lat' dir='ltr'><strong>passi,</strong></span> <span class='ocrx_word' id='word_1_123' title='bbox 802 2101 834 2156; x_wconf 88' lang='lat' dir='ltr'><strong>et</strong></span> <span class='ocrx_word' id='word_1_124' title='bbox 860 2091 904 2156; x_wconf 90' lang='lat' dir='ltr'><strong>ad</strong></span> <span class='ocrx_word' id='word_1_125' title='bbox 937 2091 1027 2156; x_wconf 86' lang='lat' dir='ltr'><strong>dieta</strong></span> <span class='ocrx_word' id='word_1_126' title='bbox 1053 2090 1209 2176; x_wconf 88' lang='lat' dir='ltr'><strong>factaque</strong></span> <span class='ocrx_word' id='word_1_127' title='bbox 1233 2090 1363 2174; x_wconf 80' lang='lat' dir='ltr'><strong>abrepti</strong></span> 
     </span>
     <span class='ocr_line' id='line_1_18' title="bbox 243 2185 1363 2273; baseline 0.001 -24"><span class='ocrx_word' id='word_1_128' title='bbox 243 2194 321 2249; x_wconf 90' lang='lat' dir='ltr'><strong>sunt</strong></span> <span class='ocrx_word' id='word_1_129' title='bbox 344 2207 429 2271; x_wconf 91' lang='lat' dir='ltr'><strong>quae</strong></span> <span class='ocrx_word' id='word_1_130' title='bbox 452 2209 518 2252; x_wconf 92' lang='lat' dir='ltr'><strong>non</strong></span> <span class='ocrx_word' id='word_1_131' title='bbox 542 2188 795 2254; x_wconf 77' lang='lat' dir='ltr'><strong>conveniebant.</strong></span> <span class='ocrx_word' id='word_1_132' title='bbox 843 2188 909 2254; x_wconf 90' lang='lat' dir='ltr'><strong>Sed</strong></span> <span class='ocrx_word' id='word_1_133' title='bbox 937 2211 979 2252; x_wconf 86' lang='lat' dir='ltr'><strong>ex</strong></span> <span class='ocrx_word' id='word_1_134' title='bbox 1005 2185 1065 2252; x_wconf 88' lang='lat' dir='ltr'><strong>tali</strong></span> <span class='ocrx_word' id='word_1_135' title='bbox 1088 2207 1209 2271; x_wconf 87' lang='lat' dir='ltr'><strong>genere</strong></span> <span class='ocrx_word' id='word_1_136' title='bbox 1235 2188 1363 2273; x_wconf 91' lang='lat' dir='ltr'><strong>opposi-</strong></span> 
     </span>
     <span class='ocr_line' id='line_1_19' title="bbox 239 2283 1362 2374; baseline 0.002 -28"><span class='ocrx_word' id='word_1_137' title='bbox 239 2283 343 2374; x_wconf 80' lang='lat' dir='ltr'><strong>tionis</strong></span> <span class='ocrx_word' id='word_1_138' title='bbox 367 2284 457 2350; x_wconf 89' lang='lat' dir='ltr'><strong>nulla</strong></span> <span class='ocrx_word' id='word_1_139' title='bbox 490 2295 578 2350; x_wconf 88' lang='lat' dir='ltr'><strong>certe</strong></span> <span class='ocrx_word' id='word_1_140' title='bbox 611 2285 723 2352; x_wconf 87' lang='lat' dir='ltr'><strong>valida</strong></span> <span class='ocrx_word' id='word_1_141' title='bbox 746 2289 829 2352; x_wconf 85' lang='lat' dir='ltr'><strong>ratio</strong></span> <span class='ocrx_word' id='word_1_142' title='bbox 863 2294 976 2351; x_wconf 88' lang='lat' dir='ltr'><strong>contra</strong></span> <span class='ocrx_word' id='word_1_143' title='bbox 999 2287 1177 2372; x_wconf 86' lang='lat' dir='ltr'><strong>primatum</strong></span> <span class='ocrx_word' id='word_1_144' title='bbox 1203 2293 1238 2349; x_wconf 87' lang='lat' dir='ltr'><strong>et</strong></span> <span class='ocrx_word' id='word_1_145' title='bbox 1261 2284 1362 2370; x_wconf 86' lang='lat' dir='ltr'><strong>legiti-</strong></span> 
     </span>
     <span class='ocr_line' id='line_1_20' title="bbox 243 2371 1362 2470; baseline 0.001 -26"><span class='ocrx_word' id='word_1_146' title='bbox 243 2401 332 2444; x_wconf 89' lang='lat' dir='ltr'><strong>mam</strong></span> <span class='ocrx_word' id='word_1_147' title='bbox 356 2385 583 2449; x_wconf 88' lang='lat' dir='ltr'><strong>auctoritatem</strong></span> <span class='ocrx_word' id='word_1_148' title='bbox 604 2371 803 2450; x_wconf 80' lang='lat' dir='ltr'><strong>Pontificum</strong></span> <span class='ocrx_word' id='word_1_149' title='bbox 826 2385 974 2470; x_wconf 87' lang='lat' dir='ltr'><strong>depromi</strong></span> <span class='ocrx_word' id='word_1_150' title='bbox 999 2391 1116 2469; x_wconf 84' lang='lat' dir='ltr'><strong>potest</strong></span> <span class='ocrx_word' id='word_1_151' title='bbox 1161 2383 1236 2447; x_wconf 90' lang='lat' dir='ltr'><strong>Imo</strong></span> <span class='ocrx_word' id='word_1_152' title='bbox 1263 2382 1362 2446; x_wconf 84' lang='lat' dir='ltr'><strong>maxi·</strong></span> 
     </span>
     <span class='ocr_line' id='line_1_21' title="bbox 244 2481 1362 2568; baseline 0.003 -27"><span class='ocrx_word' id='word_1_153' title='bbox 244 2499 334 2542; x_wconf 90' lang='lat' dir='ltr'><strong>mum</strong></span> <span class='ocrx_word' id='word_1_154' title='bbox 367 2501 426 2566; x_wconf 90' lang='lat' dir='ltr'><strong>pro</strong></span> <span class='ocrx_word' id='word_1_155' title='bbox 459 2481 574 2548; x_wconf 90' lang='lat' dir='ltr'><strong>eadem</strong></span> <span class='ocrx_word' id='word_1_156' title='bbox 607 2485 802 2548; x_wconf 86' lang='lat' dir='ltr'><strong>auctoritate</strong></span> <span class='ocrx_word' id='word_1_157' title='bbox 839 2491 1069 2568; x_wconf 87' lang='lat' dir='ltr'><strong>argumentum</strong></span> <span class='ocrx_word' id='word_1_158' title='bbox 1104 2481 1180 2546; x_wconf 87' lang='lat' dir='ltr'><strong>inde</strong></span> <span class='ocrx_word' id='word_1_159' title='bbox 1215 2481 1362 2566; x_wconf 74' lang='lat' dir='ltr'><strong>prolecto</strong></span> 
     </span>
     <span class='ocr_line' id='line_1_22' title="bbox 243 2569 1429 2667; baseline 0 -27"><span class='ocrx_word' id='word_1_160' title='bbox 243 2576 439 2660; x_wconf 85' lang='lat' dir='ltr'><strong>desumitur,</strong></span> <span class='ocrx_word' id='word_1_161' title='bbox 473 2580 562 2665; x_wconf 94' lang='lat' dir='ltr'><strong>quod</strong></span> <span class='ocrx_word' id='word_1_162' title='bbox 594 2569 782 2667; x_wconf 85' lang='lat' dir='ltr'><strong>Stephanus</strong></span> <span class='ocrx_word' id='word_1_163' title='bbox 814 2579 904 2644; x_wconf 90' lang='lat' dir='ltr'><strong>haud</strong></span> <span class='ocrx_word' id='word_1_164' title='bbox 937 2579 1038 2645; x_wconf 90' lang='lat' dir='ltr'><strong>dubie</strong></span> <span class='ocrx_word' id='word_1_165' title='bbox 1071 2589 1103 2642; x_wconf 88' lang='lat' dir='ltr'><strong>et</strong></span> <span class='ocrx_word' id='word_1_166' title='bbox 1126 2579 1284 2658; x_wconf 86' lang='lat' dir='ltr'><strong>haerens,</strong></span> <span class='ocrx_word' id='word_1_167' title='bbox 1310 2575 1364 2641; x_wconf 85' lang='lat' dir='ltr'><strong>sed</strong></span> <span class='ocrx_word' id='word_1_168' title='bbox 1428 2607 1429 2610; x_wconf 39' lang='lat'>¹</span> 
     </span>
     <span class='ocr_line' id='line_1_23' title="bbox 244 2677 1364 2764; baseline 0.001 -27"><span class='ocrx_word' id='word_1_169' title='bbox 244 2696 321 2739; x_wconf 89' lang='lat' dir='ltr'><strong>cum</strong></span> <span class='ocrx_word' id='word_1_170' title='bbox 336 2677 450 2761; x_wconf 85' lang='lat' dir='ltr'><strong>vigore</strong></span> <span class='ocrx_word' id='word_1_171' title='bbox 465 2687 497 2741; x_wconf 90' lang='lat' dir='ltr'><strong>et</strong></span> <span class='ocrx_word' id='word_1_172' title='bbox 512 2678 683 2764; x_wconf 87' lang='lat' dir='ltr'><strong>dignitate,</strong></span> <span class='ocrx_word' id='word_1_173' title='bbox 701 2679 849 2764; x_wconf 88' lang='lat' dir='ltr'><strong>suijuris</strong></span> <span class='ocrx_word' id='word_1_174' title='bbox 872 2677 969 2764; x_wconf 89' lang='lat' dir='ltr'><strong>plane</strong></span> <span class='ocrx_word' id='word_1_175' title='bbox 994 2679 1155 2757; x_wconf 89' lang='lat' dir='ltr'><strong>conscius,</strong></span> <span class='ocrx_word' id='word_1_176' title='bbox 1173 2697 1364 2761; x_wconf 87' lang='lat' dir='ltr'><strong>supremam</strong></span> 
     </span>
     <span class='ocr_line' id='line_1_24' title="bbox 244 2773 1363 2863; baseline -0.002 -27"><span class='ocrx_word' id='word_1_177' title='bbox 244 2775 471 2839; x_wconf 89' lang='lat' dir='ltr'><strong>auctoritatem</strong></span> <span class='ocrx_word' id='word_1_178' title='bbox 496 2775 559 2841; x_wconf 93' lang='lat' dir='ltr'><strong>sibi</strong></span> <span class='ocrx_word' id='word_1_179' title='bbox 582 2776 742 2858; x_wconf 83' lang='lat' dir='ltr'><strong>vindicat,</strong></span> <span class='ocrx_word' id='word_1_180' title='bbox 766 2786 906 2863; x_wconf 83' lang='lat' dir='ltr'><strong>atquae</strong></span> <span class='ocrx_word' id='word_1_181' title='bbox 933 2775 1005 2839; x_wconf 84' lang='lat' dir='ltr'><strong>lieri</strong></span> <span class='ocrx_word' id='word_1_182' title='bbox 1030 2774 1173 2839; x_wconf 90' lang='lat' dir='ltr'><strong>debeant</strong></span> <span class='ocrx_word' id='word_1_183' title='bbox 1195 2795 1238 2836; x_wconf 89' lang='lat' dir='ltr'><strong>ac</strong></span> <span class='ocrx_word' id='word_1_184' title='bbox 1262 2773 1363 2837; x_wconf 86' lang='lat' dir='ltr'><strong>teneri</strong></span> 
     </span>
     <span class='ocr_line' id='line_1_25' title="bbox 244 2869 1364 2957; baseline 0 -25"><span class='ocrx_word' id='word_1_185' title='bbox 244 2869 401 2936; x_wconf 88' lang='lat' dir='ltr'><strong>decernit.</strong></span> <span class='ocrx_word' id='word_1_186' title='bbox 449 2871 561 2953; x_wconf 78' lang='lat' dir='ltr'><strong>Quare</strong></span> <span class='ocrx_word' id='word_1_187' title='bbox 590 2894 669 2938; x_wconf 91' lang='lat' dir='ltr'><strong>vero</strong></span> <span class='ocrx_word' id='word_1_188' title='bbox 693 2874 804 2938; x_wconf 88' lang='lat' dir='ltr'><strong>Kraus</strong></span> <span class='ocrx_word' id='word_1_189' title='bbox 835 2882 969 2954; x_wconf 81' lang='lat' dir='ltr'><strong>asserat,</strong></span> <span class='ocrx_word' id='word_1_190' title='bbox 1003 2870 1208 2957; x_wconf 86' lang='lat' dir='ltr'><strong>Stephanum</strong></span> <span class='ocrx_word' id='word_1_191' title='bbox 1243 2870 1311 2936; x_wconf 92' lang='lat' dir='ltr'><strong>hac</strong></span> <span class='ocrx_word' id='word_1_192' title='bbox 1333 2873 1364 2934; x_wconf 90' lang='lat' dir='ltr'><strong>in</strong></span> 
     </span>
     <span class='ocr_line' id='line_1_26' title="bbox 244 2965 1364 3058; baseline 0.001 -28"><span class='ocrx_word' id='word_1_193' title='bbox 244 2972 468 3034; x_wconf 88' lang='lat' dir='ltr'><strong>controversia</strong></span> <span class='ocrx_word' id='word_1_194' title='bbox 491 2969 658 3056; x_wconf 77' lang='lat' dir='ltr'><strong>Cypriane</strong></span> <span class='ocrx_word' id='word_1_195' title='bbox 682 2974 842 3058; x_wconf 88' lang='lat' dir='ltr'><strong>imparem</strong></span> <span class='ocrx_word' id='word_1_196' title='bbox 865 2967 1012 3058; x_wconf 79' lang='lat' dir='ltr'><strong>fuisse⁸),</strong></span> <span class='ocrx_word' id='word_1_197' title='bbox 1036 2965 1134 3054; x_wconf 88' lang='lat' dir='ltr'><strong>plane</strong></span> <span class='ocrx_word' id='word_1_198' title='bbox 1157 2989 1225 3032; x_wconf 91' lang='lat' dir='ltr'><strong>non</strong></span> <span class='ocrx_word' id='word_1_199' title='bbox 1251 2968 1364 3045; x_wconf 85' lang='lat' dir='ltr'><strong>videe;</strong></span> 
     </span>
     <span class='ocr_line' id='line_1_27' title="bbox 246 3066 1363 3156; baseline 0 -28"><span class='ocrx_word' id='word_1_200' title='bbox 246 3087 321 3128; x_wconf 89' lang='lat' dir='ltr'><strong>nam</strong></span> <span class='ocrx_word' id='word_1_201' title='bbox 345 3087 388 3132; x_wconf 87' lang='lat' dir='ltr'><strong>ex</strong></span> <span class='ocrx_word' id='word_1_202' title='bbox 411 3089 449 3132; x_wconf 93' lang='lat' dir='ltr'><strong>eo</strong></span> <span class='ocrx_word' id='word_1_203' title='bbox 473 3069 562 3155; x_wconf 87' lang='lat' dir='ltr'><strong>quod</strong></span> <span class='ocrx_word' id='word_1_204' title='bbox 586 3067 773 3156; x_wconf 83' lang='lat' dir='ltr'><strong>Cyprianus</strong></span> <span class='ocrx_word' id='word_1_205' title='bbox 805 3077 875 3134; x_wconf 89' lang='lat' dir='ltr'><strong>arte</strong></span> <span class='ocrx_word' id='word_1_206' title='bbox 898 3068 1031 3132; x_wconf 89' lang='lat' dir='ltr'><strong>dicendi</strong></span> <span class='ocrx_word' id='word_1_207' title='bbox 1062 3077 1095 3131; x_wconf 90' lang='lat' dir='ltr'><strong>et</strong></span> <span class='ocrx_word' id='word_1_208' title='bbox 1118 3066 1290 3131; x_wconf 87' lang='lat' dir='ltr'><strong>scribendi</strong></span> <span class='ocrx_word' id='word_1_209' title='bbox 1314 3087 1363 3129; x_wconf 86' lang='lat' dir='ltr'><strong>ex·</strong></span> 
     </span>
     <span class='ocr_line' id='line_1_28' title="bbox 246 3161 1363 3253; baseline 0.002 -28"><span class='ocrx_word' id='word_1_210' title='bbox 246 3161 350 3247; x_wconf 89' lang='lat' dir='ltr'><strong>cellat,</strong></span> <span class='ocrx_word' id='word_1_211' title='bbox 383 3174 417 3229; x_wconf 92' lang='lat' dir='ltr'><strong>et</strong></span> <span class='ocrx_word' id='word_1_212' title='bbox 449 3167 532 3251; x_wconf 91' lang='lat' dir='ltr'><strong>stylo</strong></span> <span class='ocrx_word' id='word_1_213' title='bbox 565 3167 666 3253; x_wconf 90' lang='lat' dir='ltr'><strong>polito</strong></span> <span class='ocrx_word' id='word_1_214' title='bbox 699 3169 799 3231; x_wconf 91' lang='lat' dir='ltr'><strong>etiam</strong></span> <span class='ocrx_word' id='word_1_215' title='bbox 832 3189 870 3231; x_wconf 90' lang='lat' dir='ltr'><strong>ea</strong></span> <span class='ocrx_word' id='word_1_216' title='bbox 903 3165 993 3230; x_wconf 90' lang='lat' dir='ltr'><strong>dicat</strong></span> <span class='ocrx_word' id='word_1_217' title='bbox 1016 3187 1101 3251; x_wconf 89' lang='lat' dir='ltr'><strong>quae</strong></span> <span class='ocrx_word' id='word_1_218' title='bbox 1131 3184 1276 3228; x_wconf 85' lang='lat' dir='ltr'><strong>examen</strong></span> <span class='ocrx_word' id='word_1_219' title='bbox 1300 3185 1363 3228; x_wconf 87' lang='lat' dir='ltr'><strong>non</strong></span> 
     </span>
     <span class='ocr_line' id='line_1_29' title="bbox 246 3259 1362 3351; baseline -0.001 -26"><span class='ocrx_word' id='word_1_220' title='bbox 246 3264 418 3346; x_wconf 88' lang='lat' dir='ltr'><strong>sustinent,</strong></span> <span class='ocrx_word' id='word_1_221' title='bbox 452 3266 564 3330; x_wconf 88' lang='lat' dir='ltr'><strong>inferri</strong></span> <span class='ocrx_word' id='word_1_222' title='bbox 599 3276 687 3330; x_wconf 86' lang='lat' dir='ltr'><strong>certe</strong></span> <span class='ocrx_word' id='word_1_223' title='bbox 720 3266 836 3351; x_wconf 91' lang='lat' dir='ltr'><strong>nequit</strong></span> <span class='ocrx_word' id='word_1_224' title='bbox 867 3265 1063 3346; x_wconf 87' lang='lat' dir='ltr'><strong>universim,</strong></span> <span class='ocrx_word' id='word_1_225' title='bbox 1098 3259 1132 3328; x_wconf 88' lang='lat' dir='ltr'><strong>in</strong></span> <span class='ocrx_word' id='word_1_226' title='bbox 1164 3261 1229 3326; x_wconf 88' lang='lat' dir='ltr'><strong>hac</strong></span> <span class='ocrx_word' id='word_1_227' title='bbox 1251 3261 1313 3326; x_wconf 90' lang='lat' dir='ltr'><strong>lite</strong></span> <span class='ocrx_word' id='word_1_228' title='bbox 1336 3261 1362 3324; x_wconf 90' lang='lat' dir='ltr'><strong>ei</strong></span> 
     </span>
     <span class='ocr_line' id='line_1_30' title="bbox 245 3363 1362 3452; baseline -0.002 -28"><span class='ocrx_word' id='word_1_229' title='bbox 245 3381 358 3446; x_wconf 87' lang='lat' dir='ltr'><strong>parem</strong></span> <span class='ocrx_word' id='word_1_230' title='bbox 391 3385 457 3428; x_wconf 91' lang='lat' dir='ltr'><strong>non</strong></span> <span class='ocrx_word' id='word_1_231' title='bbox 490 3363 591 3428; x_wconf 88' lang='lat' dir='ltr'><strong>fuisse</strong></span> <span class='ocrx_word' id='word_1_232' title='bbox 624 3363 841 3452; x_wconf 90' lang='lat' dir='ltr'><strong>Stephanum,</strong></span> <span class='ocrx_word' id='word_1_233' title='bbox 866 3363 960 3448; x_wconf 91' lang='lat' dir='ltr'><strong>cujus</strong></span> <span class='ocrx_word' id='word_1_234' title='bbox 983 3363 1107 3452; x_wconf 86' lang='lat' dir='ltr'><strong>scripta</strong></span> <span class='ocrx_word' id='word_1_235' title='bbox 1131 3381 1196 3424; x_wconf 90' lang='lat' dir='ltr'><strong>non</strong></span> <span class='ocrx_word' id='word_1_236' title='bbox 1219 3369 1362 3424; x_wconf 85' lang='lat' dir='ltr'><strong>exstant</strong></span> 
     </span>
    </p>
   </div>
   <div class='ocr_carea' id='block_1_3' title="bbox 87 3455 1363 3648">
    <p class='ocr_par' dir='ltr' id='par_1_4' title="bbox 87 3455 1363 3648">
     <span class='ocr_line' id='line_1_31' title="bbox 87 3455 1363 3546; baseline -0.002 -24"><span class='ocrx_word' id='word_1_237' title='bbox 87 3473 235 3515; x_wconf 70' lang='lat' dir='ltr'><strong>&#39;rimosum</strong></span> <span class='ocrx_word' id='word_1_238' title='bbox 334 3459 387 3524; x_wconf 85' lang='lat'><strong>96.</strong></span> <span class='ocrx_word' id='word_1_239' title='bbox 413 3459 600 3546; x_wconf 79' lang='lat' dir='ltr'><strong>Cyprianus</strong></span> <span class='ocrx_word' id='word_1_240' title='bbox 630 3471 662 3525; x_wconf 91' lang='lat' dir='ltr'><strong>et</strong></span> <span class='ocrx_word' id='word_1_241' title='bbox 686 3461 901 3525; x_wconf 83' lang='lat' dir='ltr'><strong>Firmilianus</strong></span> <span class='ocrx_word' id='word_1_242' title='bbox 932 3461 972 3524; x_wconf 81' lang='lat'><strong>2⁰</strong></span> <span class='ocrx_word' id='word_1_243' title='bbox 998 3455 1090 3524; x_wconf 88' lang='lat' dir='ltr'><strong>haud</strong></span> <span class='ocrx_word' id='word_1_244' title='bbox 1113 3467 1281 3542; x_wconf 83' lang='lat' dir='ltr'><strong>negarunt</strong></span> <span class='ocrx_word' id='word_1_245' title='bbox 1305 3458 1363 3544; x_wconf 89' lang='lat' dir='ltr'><strong>pri·</strong></span> 
     </span>
     <span class='ocr_line' id='line_1_32' title="bbox 107 3545 1363 3648; baseline -0.001 -30"><span class='ocrx_word' id='word_1_246' title='bbox 107 3545 132 3575; x_wconf 79' lang='lat'><strong>¹²⁰</strong></span> <span class='ocrx_word' id='word_1_247' title='bbox 147 3546 197 3575; x_wconf 71' lang='lat'><strong>&#39;¹¹‘</strong></span> <span class='ocrx_word' id='word_1_248' title='bbox 247 3566 371 3620; x_wconf 88' lang='lat' dir='ltr'><strong>matum</strong></span> <span class='ocrx_word' id='word_1_249' title='bbox 385 3557 554 3644; x_wconf 85' lang='lat' dir='ltr'><strong>Stephani,</strong></span> <span class='ocrx_word' id='word_1_250' title='bbox 579 3558 636 3622; x_wconf 92' lang='lat' dir='ltr'><strong>sed</strong></span> <span class='ocrx_word' id='word_1_251' title='bbox 652 3560 832 3648; x_wconf 85' lang='lat' dir='ltr'><strong>aegerrime</strong></span> <span class='ocrx_word' id='word_1_252' title='bbox 855 3557 1010 3644; x_wconf 83' lang='lat' dir='ltr'><strong>tulerunt,</strong></span> <span class='ocrx_word' id='word_1_253' title='bbox 1034 3556 1124 3643; x_wconf 93' lang='lat' dir='ltr'><strong>quod</strong></span> <span class='ocrx_word' id='word_1_254' title='bbox 1147 3557 1218 3641; x_wconf 90' lang='lat' dir='ltr'><strong>ipse</strong></span> <span class='ocrx_word' id='word_1_255' title='bbox 1243 3557 1280 3619; x_wconf 88' lang='lat' dir='ltr'><strong>in</strong></span> <span class='ocrx_word' id='word_1_256' title='bbox 1305 3554 1363 3618; x_wconf 84' lang='lat' dir='ltr'><strong>hac</strong></span> 
     </span>
    </p>
   </div>
   <div class='ocr_carea' id='block_1_4' title="bbox 246 3651 1362 4036">
    <p class='ocr_par' dir='ltr' id='par_1_5' title="bbox 246 3651 1362 4036">
     <span class='ocr_line' id='line_1_33' title="bbox 246 3651 1362 3746; baseline -0.004 -28"><span class='ocrx_word' id='word_1_257' title='bbox 246 3653 303 3718; x_wconf 90' lang='lat' dir='ltr'><strong>lite</strong></span> <span class='ocrx_word' id='word_1_258' title='bbox 326 3666 521 3742; x_wconf 89' lang='lat' dir='ltr'><strong>provocaret</strong></span> <span class='ocrx_word' id='word_1_259' title='bbox 544 3656 587 3721; x_wconf 90' lang='lat' dir='ltr'><strong>ad</strong></span> <span class='ocrx_word' id='word_1_260' title='bbox 611 3679 706 3720; x_wconf 90' lang='lat' dir='ltr'><strong>suum</strong></span> <span class='ocrx_word' id='word_1_261' title='bbox 721 3657 909 3746; x_wconf 87' lang='lat' dir='ltr'><strong>primatum,</strong></span> <span class='ocrx_word' id='word_1_262' title='bbox 935 3665 1034 3742; x_wconf 90' lang='lat' dir='ltr'><strong>atque</strong></span> <span class='ocrx_word' id='word_1_263' title='bbox 1057 3655 1210 3741; x_wconf 90' lang='lat' dir='ltr'><strong>passione</strong></span> <span class='ocrx_word' id='word_1_264' title='bbox 1234 3651 1362 3737; x_wconf 87' lang='lat' dir='ltr'><strong>abrepti</strong></span> 
     </span>
     <span class='ocr_line' id='line_1_34' title="bbox 246 3751 1362 3840; baseline -0.004 -26"><span class='ocrx_word' id='word_1_265' title='bbox 246 3755 435 3818; x_wconf 88' lang='lat' dir='ltr'><strong>restiterunt</strong></span> <span class='ocrx_word' id='word_1_266' title='bbox 467 3754 513 3818; x_wconf 91' lang='lat' dir='ltr'><strong>illi</strong></span> <span class='ocrx_word' id='word_1_267' title='bbox 546 3756 706 3840; x_wconf 88' lang='lat' dir='ltr'><strong>primatus</strong></span> <span class='ocrx_word' id='word_1_268' title='bbox 738 3762 771 3817; x_wconf 92' lang='lat' dir='ltr'><strong>et</strong></span> <span class='ocrx_word' id='word_1_269' title='bbox 801 3753 1007 3817; x_wconf 89' lang='lat' dir='ltr'><strong>auctoritatis</strong></span> <span class='ocrx_word' id='word_1_270' title='bbox 1039 3751 1268 3839; x_wconf 80' lang='lat' dir='ltr'><strong>applicatioai,</strong></span> <span class='ocrx_word' id='word_1_271' title='bbox 1302 3771 1362 3834; x_wconf 86' lang='lat' dir='ltr'><strong>qua</strong></span> 
     </span>
     <span class='ocr_line' id='line_1_35' title="bbox 246 3847 1361 3938; baseline -0.006 -24"><span class='ocrx_word' id='word_1_272' title='bbox 246 3853 375 3934; x_wconf 87' lang='lat' dir='ltr'><strong>praxim</strong></span> <span class='ocrx_word' id='word_1_273' title='bbox 400 3849 628 3938; x_wconf 76' lang='lat' dir='ltr'><strong>rebaptizandi</strong></span> <span class='ocrx_word' id='word_1_274' title='bbox 652 3849 807 3916; x_wconf 82' lang='lat' dir='ltr'><strong>Pontifex</strong></span> <span class='ocrx_word' id='word_1_275' title='bbox 835 3849 989 3914; x_wconf 92' lang='lat' dir='ltr'><strong>omnibus</strong></span> <span class='ocrx_word' id='word_1_276' title='bbox 1021 3852 1133 3914; x_wconf 79' lang='lat' dir='ltr'><strong>stricte</strong></span> <span class='ocrx_word' id='word_1_277' title='bbox 1155 3847 1361 3934; x_wconf 83' lang='lat' dir='ltr'><strong>prohibebat·</strong></span> 
     </span>
     <span class='ocr_line' id='line_1_36' title="bbox 246 3945 1360 4036; baseline -0.005 -24"><span class='ocrx_word' id='word_1_278' title='bbox 246 3948 323 4013; x_wconf 88' lang='lat' dir='ltr'><strong>Jarn</strong></span> <span class='ocrx_word' id='word_1_279' title='bbox 347 3949 502 4032; x_wconf 88' lang='lat' dir='ltr'><strong>vidimus,</strong></span> <span class='ocrx_word' id='word_1_280' title='bbox 515 3949 719 4036; x_wconf 76' lang='lat' dir='ltr'><strong>Cyprianum</strong></span> <span class='ocrx_word' id='word_1_281' title='bbox 744 3949 845 4014; x_wconf 90' lang='lat' dir='ltr'><strong>variis</strong></span> <span class='ocrx_word' id='word_1_282' title='bbox 860 3949 990 4034; x_wconf 89' lang='lat' dir='ltr'><strong>scriptis</strong></span> <span class='ocrx_word' id='word_1_283' title='bbox 1013 3955 1047 4012; x_wconf 87' lang='lat' dir='ltr'><strong>et</strong></span> <span class='ocrx_word' id='word_1_284' title='bbox 1069 3947 1169 4032; x_wconf 87' lang='lat' dir='ltr'><strong>gestis</strong></span> <span class='ocrx_word' id='word_1_285' title='bbox 1183 3945 1360 4031; x_wconf 83' lang='lat' dir='ltr'><strong>primatum</strong></span> 
     </span>
    </p>
   </div>
   <div class='ocr_carea' id='block_1_5' title="bbox 320 4175 1295 4334">
    <p class='ocr_par' dir='ltr' id='par_1_6' title="bbox 320 4175 1295 4334">
     <span class='ocr_line' id='line_1_37' title="bbox 322 4175 1295 4269; baseline -0.005 -35"><span class='ocrx_word' id='word_1_286' title='bbox 322 4183 340 4252; x_wconf 86' lang='lat'><strong>¹)</strong></span> <span class='ocrx_word' id='word_1_287' title='bbox 359 4181 389 4235; x_wconf 83' lang='lat' dir='ltr'><strong>h.</strong></span> <span class='ocrx_word' id='word_1_288' title='bbox 408 4181 456 4235; x_wconf 61' lang='lat' dir='ltr'><strong>lx,</strong></span> <span class='ocrx_word' id='word_1_289' title='bbox 475 4196 496 4236; x_wconf 90' lang='lat' dir='ltr'><strong>c</strong></span> <span class='ocrx_word' id='word_1_290' title='bbox 515 4183 533 4235; x_wconf 82' lang='lat'>4</span> <span class='ocrx_word' id='word_1_291' title='bbox 550 4197 606 4253; x_wconf 86' lang='lat' dir='ltr'><strong>sqq.</strong></span> <span class='ocrx_word' id='word_1_292' title='bbox 734 4179 756 4250; x_wconf 91' lang='lat'><strong>¹)</strong></span> <span class='ocrx_word' id='word_1_293' title='bbox 775 4180 969 4248; x_wconf 80' lang='lat' dir='ltr'><strong>Erwtgungen</strong></span> <span class='ocrx_word' id='word_1_294' title='bbox 987 4194 1013 4233; x_wconf 87' lang='lat' dir='ltr'><strong>n.</strong></span> <span class='ocrx_word' id='word_1_295' title='bbox 1034 4179 1080 4246; x_wconf 73' lang='lat'><strong>123</strong></span> <span class='ocrx_word' id='word_1_296' title='bbox 1098 4177 1186 4233; x_wconf 84' lang='lat' dir='ltr'><strong>Janus</strong></span> <span class='ocrx_word' id='word_1_297' title='bbox 1204 4175 1230 4230; x_wconf 79' lang='lat' dir='ltr'><strong>S</strong></span> <span class='ocrx_word' id='word_1_298' title='bbox 1250 4177 1295 4269; x_wconf 58' lang='lat' dir='ltr'><strong>tlt</strong></span> 
     </span>
     <span class='ocr_line' id='line_1_38' title="bbox 320 4257 723 4334; baseline -0.012 -17"><span class='ocrx_word' id='word_1_299' title='bbox 320 4261 342 4334; x_wconf 84' lang='lat'><strong>¹)</strong></span> <span class='ocrx_word' id='word_1_300' title='bbox 361 4259 395 4316; x_wconf 78' lang='lat' dir='ltr'><strong>li.</strong></span> <span class='ocrx_word' id='word_1_301' title='bbox 414 4259 454 4325; x_wconf 73' lang='lat' dir='ltr'><strong>G,</strong></span> <span class='ocrx_word' id='word_1_302' title='bbox 472 4257 504 4316; x_wconf 85' lang='lat' dir='ltr'><strong>B.</strong></span> <span class='ocrx_word' id='word_1_303' title='bbox 521 4259 544 4315; x_wconf 91' lang='lat'><strong>1.</strong></span> <span class='ocrx_word' id='word_1_304' title='bbox 563 4257 579 4332; x_wconf 64' lang='grc' dir='ltr'><strong>β</strong></span> <span class='ocrx_word' id='word_1_305' title='bbox 597 4261 640 4314; x_wconf 83' lang='grc'><strong>31.</strong></span> <span class='ocrx_word' id='word_1_306' title='bbox 653 4275 679 4316; x_wconf 88' lang='lat' dir='ltr'><strong>n.</strong></span> <span class='ocrx_word' id='word_1_307' title='bbox 698 4261 723 4312; x_wconf 74' lang='lat'><strong>2.</strong></span> 
     </span>
    </p>
   </div>
   <div class='ocr_carea' id='block_1_6' title="bbox 0 0 1448 4812">
    <p class='ocr_par' dir='ltr' id='par_1_7' title="bbox 0 0 1448 4812">
     <span class='ocr_line' id='line_1_39' title="bbox 0 0 1448 4812; baseline 0 0"><span class='ocrx_word' id='word_1_308' title='bbox 0 0 1448 4812; x_wconf 95' lang='lat' dir='ltr'><strong> </strong></span> 
     </span>
    </p>
   </div>
  </div>
 </body>
</html>
