2810 4846
472 465 592 522 &uisne
609 465 733 522 Ursiomi
1105 467 1156 522 193

51 609 154 674 Etiam
178 609 345 674 Damasus
369 607 501 672 videtur
523 610 788 674 communionem
810 628 887 672 cum
905 609 1015 674 Felice
1035 610 1069 674 ΙΙ
1092 627 1156 674 ser·

51 729 149 789 rame,
174 705 236 772 sed
257 715 330 791 post
352 705 494 770 reditum
509 706 636 772 Liberii
658 707 869 771 dissensionis
892 725 968 770 cum
992 708 1062 792 ipso
1085 706 1156 772 nul·

51 803 111 868 lom
134 811 275 890 apparet
297 804 485 888 vestigium.
530 803 574 868 Ut
597 803 875 889 quemadmodum
897 804 1054 868 Romanis
1077 803 1155 868 tide-

51 899 130 966 libus
144 901 303 966 Liberius
325 901 389 966 fuit
404 901 502 966 valde
515 911 680 987 acceptus,
696 903 742 966 ita
765 903 863 966 etiam
877 901 1042 966 Damasus
1065 901 1155 986 apud
1217 965 1224 980 ,

51 997 292 1062 multitudinem
314 999 350 1062 in
371 997 484 1062 levore
513 1017 633 1082 magno
665 999 766 1063 fumeae
789 997 988 1084 perhibetur.
1035 997 1157 1062 Ursici-

51 1117 105 1160 nus
136 1115 230 1176 vero,
264 1117 361 1180 quem
384 1094 509 1160 dixeris
540 1095 640 1160 fuisse
664 1106 823 1182 exparte
846 1095 924 1160 cleri
947 1097 1004 1180 qui
1027 1117 1048 1159 a
1070 1116 1157 1160 com·

51 1195 204 1256 munione
220 1191 341 1256 Felicis
364 1194 495 1277 penitus
518 1191 688 1274 abstinuit,
713 1213 815 1278 quum
839 1192 1065 1278 pontificatum
1088 1213 1156 1256 am-

51 1287 129 1352 biret
151 1287 349 1372 rigidiorum
374 1287 427 1354 vel
442 1289 654 1378 factiosorum
667 1290 760 1354 abuti
774 1291 882 1376 potnit
896 1299 998 1372 cestu,
1022 1299 1061 1354 ut
1081 1310 1156 1354 con·

52 1386 203 1466 tenderet,
219 1385 404 1450 Damasum
417 1387 474 1471 qui
497 1407 575 1452 cum
589 1387 700 1452 Felice
724 1389 1026 1452 communicaverat
1048 1377 1093 1452 ad
1107 1409 1158 1450 ca-

51 1483 195 1548 tlrcdrsm
220 1482 434 1568 apostolicam
457 1505 524 1550 uon
552 1506 622 1548 esse
645 1484 931 1571 admittendum¹);
982 1485 1023 1550 In
1045 1507 1081 1549 re
1104 1484 1159 1548 ob·

52 1603 140 1646 seura
163 1581 408 1646 advertendum
432 1589 490 1663 est,
505 1604 526 1646 a
540 1583 621 1646 viris
639 1584 761 1646 sanetis
781 1587 814 1646 et
828 1605 848 1646 a
870 1583 1004 1666 synodis
1028 1581 1159 1667 culpam

53 1678 220 1744 turbarum
244 1697 312 1742 non
333 1678 490 1760 Damaso,
514 1679 572 1744 sed
596 1680 750 1746 Ursicino
773 1679 885 1747 moui.
930 1678 1082 1744 Sufficiat
1104 1677 1159 1742 hic

53 1797 152 1860 penca
174 1778 281 1840 citare
304 1795 346 1840 cx
369 1774 505 1861 epistole
535 1776 667 1842 concilii
690 1776 923 1862 Aquileiensis,
952 1797 1017 1861 qua
1039 1799 1069 1841 a.
1093 1777 1157 1840 381

54 1875 89 1937 sd
110 1871 314 1938 Gratianum
337 1873 572 1959 Imperatorem
597 1874 674 1940 data
697 1874 739 1938 ab
763 1895 801 1938 eo
825 1883 949 1959 petunt,
973 1895 1015 1938 ne
1038 1873 1160 1939 Ursici-

54 1994 123 2036 num
158 1972 227 2036 sibi
255 1973 400 2056 patiatur
432 1971 600 2057 obrepere,
634 1972 693 2037 sed
722 1972 994 2058 importunissimi
1016 1970 1160 2034 hominis

52 2069 235 2154 abjectione
257 2069 332 2153 paci
366 2067 536 2134 Ecclesiae
570 2071 758 2154 prospiciat.
808 2067 885 2142 Quis
910 2079 1060 2149 nostram,
1084 2068 1161 2132 scri-

55 2165 137 2248 bunt,
162 2168 195 2232 a·
217 2168 440 2230 commeationis
463 2168 609 2232 socictate
633 2171 795 2256 jonpetter,
818 2190 886 2230 eum
906 2163 1078 2229 indebitum
1100 2165 1163 2228 rili

52 2264 180 2348 pedem
201 2285 359 2348 antipate
382 2275 512 2328 conone
535 2265 585 2343 eit,
609 2287 664 2328 nec
679 2269 754 2352 jure
778 2264 822 2328 ad
845 2285 912 2328 enm
929 2265 1070 2348 potnerit
1086 2285 1161 2349 per-

54 2363 167 2441 oenire;
192 2370 223 2424 et
245 2383 333 2447 prem
354 2363 531 2448 importune
547 2360 715 2448 affectavit,
739 2361 1002 2446 importunissime
1024 2371 1161 2446 repetere

55 2458 222 2524 moliatur?
245 2493 289 2504 -—
317 2459 347 2522 Τ
342 2458 492 2524 ortanae
506 2461 596 2524 toties
610 2459 788 2539 damnem,
808 2458 926 2522 insedit
949 2457 1049 2520 adbuc
1070 2457 1163 2542 penei

8 2627 9 2634 χ
50 2558 230 2640 praeteritio
252 2577 316 2620 non
332 2557 616 2641 perhorrescendus
638 2555 799 2641 exemplis.
846 2554 929 2628 Quid
952 2554 1044 2640 prod,
1061 2553 1162 2639 pleri-

54 2675 103 2738 que
124 2657 208 2720 sicut
231 2655 267 2720 in
295 2654 351 2718 ltoc
377 2655 508 2720 coneilio
532 2656 725 2739 eopnooimus
758 2664 788 2716 st
809 2653 954 2730 uidimus,
977 2675 1045 2715 cum
1067 2650 1162 2715 Ario·

9 2813 10 2816 ,
55 2751 98 2812 nit
118 2751 289 2838 ωρυίαὓιω
311 2761 402 2844 atqie
426 2756 607 2842 oonjrownta
629 2763 699 2816 erat
721 2773 755 2814 eo
780 2761 928 2836 tempore,
954 2771 1011 2834 qno
1036 2750 1162 2812 turbore

9 2917 10 2930 ,
56 2847 319 2914 Mediolanensem
342 2848 501 2914 adoriam
523 2860 611 2914 coetu
633 2847 814 2913 detestabili
834 2846 1052 2910 moliebantur.
1083 2893 1090 2907 .
1121 2893 1128 2909 .
1154 2895 1161 2909 .

9 2935 11 3010 l
58 2943 101 3006 Ne
121 2945 252 3010 mediati
282 2955 382 3010 omtro
411 2947 546 3032 indipna
567 2949 704 3034 inperat,
727 2969 792 3010 non
813 2945 922 3008 aliona
944 2943 983 3007 ab
1007 2941 1111 3028 officio
1134 2954 1164 3006 et

56 3043 171 3104 nemim
196 3041 369 3106 sacerdotia
391 3045 606 3131 interstrepat,
630 3067 692 3108 non
715 3041 925 3108 inverecunda
946 3040 1033 3106 cobis
1056 3040 1162 3125 lequa-

57 3146 110 3216 ἢν,
132 3161 223 3224 quem
252 3162 344 3226 ptum
370 3141 482 3206 labere
507 3143 681 3228 oportuerit
711 3140 918 3204 testimenium
941 3139 1036 3202 etiem
1059 3137 1098 3200 eh
1121 3138 1163 3200 iis

55 3235 104 3316 qui
126 3237 219 3322 fos-ie
251 3247 338 3316 mint,
361 3238 450 3323 quali
483 3241 659 3304 testimonio
695 3247 724 3301 et
757 3239 839 3302 cives
855 3236 987 3322 proprii
1003 3234 1164 3319 prosecuti

56 3333 123 3410 siret,
157 3333 324 3398 densentm
355 3347 460 3400 omtro
480 3339 655 3400 merminiaco
687 3335 842 3420 dipnstcr.
888 3331 989 3396 luder
1012 3332 1094 3395 enim
1116 3331 1163 3394 di·

57 3451 126 3510 oere,
148 3432 390 3496 inverecundum
413 3445 459 3498 cst
472 3456 640 3513 recensere,
656 3455 748 3520 quom
767 3433 868 3518 turpia
884 3429 981 3526 foma
1004 3451 1071 3492 enm
1093 3450 1163 3490 eon-

58 3526 128 3590 cicio
150 3528 395 3616 cannava-ier).

138 3626 170 3690 6.
195 3626 356 3690 Domaene
383 3629 496 3713 igitur,
521 3629 569 3692 uti
593 3628 707 3693 scribit
730 3624 954 3691 Theodoretus
977 3620 998 3687 l.
1022 3621 1063 3685 V.
1088 3643 1116 3686 c.
1133 3620 1330 3698 Quemnam

58 3719 229 3810 Episcopus
252 3735 321 3788 erat
340 3725 434 3791 Urbis
449 3727 578 3806 Romae,
602 3727 652 3790 cir
673 3727 842 3788 concitate
864 3723 947 3786 vitoe
971 3721 1164 3804 conspicuus,

62 3881 266 3892 -ν-ι--ι-υ--ο-

12 4057 13 4060 ,
128 4000 151 4064 ¹)
170 3995 315 4064 Immerito,
344 4006 475 4066 quantum
501 3999 625 4062 videtur,
650 3995 777 4065 supponit
805 3995 895 4048 Grttne
914 3989 1162 4062 (Papstgeschiehte

63 4075 152 4142 nti),
172 4075 324 4132 Ursicinum
343 4080 435 4134 ducem
454 4079 537 4134 fuisse
556 4079 642 4147 partis
661 4094 728 4145 quae
748 4073 831 4129 Felici
850 4071 979 4126 adhaesit.
1006 4101 1038 4111 -
1058 4069 1112 4124 Cir.
1132 4069 1165 4124 de

62 4149 98 4204 bis
114 4153 202 4210 turbis
221 4157 303 4212 etiam
321 4159 463 4224 hument,
483 4159 576 4214 Gesch.
596 4158 643 4212 der
661 4157 741 4212 Stcdt
759 4157 833 4219 Rom,
852 4151 875 4206 I.
893 4153 953 4206 672.

125 4235 150 4301 ¹)
169 4237 211 4303 Ap
238 4236 379 4294 Constant.
399 4240 465 4308 Epp.
485 4239 559 4292 Rom
578 4236 692 4291 Pontilf.
712 4242 733 4292 t.
752 4233 774 4288 l.
794 4235 841 4288 col.
860 4231 922 4287 tot.

109 4347 235 4400 smne.
251 4351 425 4392 omimium.
456 4351 514 4391 rom.
530 4349 557 4390 11.
1029 4319 1062 4372 13
