2900 4800
452 459 539 516 Series
557 461 590 516 R.
609 461 642 518 R.
661 459 829 518 Pontificum.
1145 465 1198 518 387

10 639 11 666 ι
77 604 208 684 fetavit,
239 603 499 689 dignissimaque
532 606 660 668 ratione
694 604 879 670 Ecclesiam
911 605 1121 690 gubernavit.
1153 645 1198 655 -

78 703 156 766 Post
177 703 286 786 ipsum
308 701 453 765 Jooaaea
476 701 533 766 HI
541 699 661 766 Sedem
675 702 901 789 Apostolicam
925 706 1032 769 tenuit
1054 727 1114 790 per
1136 715 1197 770 tre·

77 800 186 862 decim
210 821 315 863 annos
336 797 380 886 (a.
403 798 605 886 eeu-ote).
652 799 750 866 Anno
765 801 977 887 pontificatus
1001 803 1072 888 ejus
1096 823 1194 884 nouo,

76 896 201 960 Christi
223 897 305 973 568,
329 917 454 960 novum
478 899 512 961 in
526 896 624 962 Italia
641 919 780 983 regnum
803 900 1017 984 Longobardi
1042 901 1194 966 condide-

76 1005 163 1060 runt.
210 992 375 1058 Alboinns
397 996 500 1076 enim,
515 995 811 1080 Longobardorum
834 1019 895 1062 rex
918 999 1053 1083 primus,
1078 1001 1197 1064 inuasit

76 1096 184 1156 onorio
205 1115 301 1178 usquc
332 1092 376 1156 ud
402 1093 557 1172 Tuscium,
588 1105 718 1179 praetor
750 1097 884 1160 Romam
915 1107 945 1160 ot
968 1095 1195 1182 Rauennam),

74 1192 236 1277 regnique
259 1191 371 1255 sedem
395 1191 506 1255 Ticini
541 1190 724 1258 collocavit.
773 1193 884 1274 Quum
907 1194 1055 1258 Joannes
1079 1192 1196 1257 Idibus

74 1289 159 1354 Jnlii
192 1291 271 1354 anni
303 1291 368 1354 573
402 1289 546 1371 obiisset,
580 1292 615 1353 in
647 1288 757 1354 locum
781 1291 851 1376 ejus
884 1313 970 1356 anno
994 1291 1060 1356 574
1083 1311 1196 1355 mense

73 1387 95 1452 J
98 1387 177 1450 unio
194 1387 317 1452 electus
330 1397 379 1452 est
392 1387 582 1452 Benedictus
596 1389 623 1452 I.
638 1388 822 1473 Interregni
839 1400 907 1454 tam
922 1389 1071 1454 diuturni
1095 1409 1196 1454 causa

10 1465 12 1492 ἱ
75 1485 210 1549 fuerunt
231 1485 444 1570 Lougobardi
467 1495 569 1550 totam
593 1486 724 1550 Italiam
747 1486 988 1572 perturbantes.
1019 1487 1212 1552 Benedicti.

10 1601 11 1664 ι
74 1583 192 1668 optimi
215 1583 396 1664 Pontificio,
421 1585 477 1668 qui
493 1582 689 1649 difficilibus
704 1585 774 1666 istis
797 1586 999 1670 temporibus
1023 1584 1194 1650 Ecclesiae
1244 1597 1248 1606 '

10 1665 11 1718 i
74 1682 228 1766 praefuit,
259 1692 350 1765 gesta
383 1683 571 1746 accuratius
605 1681 770 1767 descripta
793 1682 836 1746 ad
866 1705 925 1746 nos
949 1706 1015 1748 non
1038 1705 1195 1769 pervene-

10 1795 11 1852 ι
71 1789 173 1844 runt·
208 1779 283 1865 Ipse
306 1803 433 1843 wmarus
455 1782 606 1844 uirtutum
619 1780 771 1866 prod-ibus
788 1780 983 1865 &repes-ium,
1007 1783 1062 1868 qui
1078 1793 1194 1868 posteo

10 1927 11 1938 ι
73 1878 203 1964 Pelopio
227 1878 266 1941 ΙΙ
283 1878 437 1954 successit,
463 1878 507 1941 od
529 1877 599 1941 olto
631 1877 845 1955 conscendere,
870 1901 938 1942 cum
962 1903 982 1942 a
1004 1882 1195 1944 monasterio
1232 1891 1233 1894 ’

72 1976 215 2039 oblatum
248 1974 452 2040 ecclesiastici
481 1975 606 2038 ordinis
638 1974 742 2061 officio
772 1975 961 2054 sublimauit,
995 1977 1194 2063 Lcoitomquc

10 2075 11 2136 Ῐ
71 2075 237 2160 septimum
262 2073 306 2136 ad
328 2097 415 2136 suum
440 2074 634 2162 adjutorium
663 2073 836 2159 odsoioiffl).
884 2074 961 2144 Post
985 2073 1112 2138 obitum
1135 2075 1194 2139 Be-

72 2171 197 2235 nedicti
229 2172 263 2234 in
287 2170 481 2234 Pontificem
514 2170 637 2234 electus
670 2185 718 2234 est
742 2171 889 2258 Pelopiae
921 2171 963 2250 ΙΙ,
988 2171 1042 2236 die
1066 2171 1110 2236 30
1131 2173 1196 2236 No·

74 2269 220 2332 vembris
243 2271 322 2332 anni
347 2269 423 2332 578.
469 2268 593 2354 Absque
610 2271 754 2357 jussione
773 2271 933 2356 principis
956 2269 1195 2358 (Imperatoris)

72 2367 242 2431 ordinatus
274 2377 333 2442 cst,
366 2368 413 2429 ait
441 2365 564 2430 Paulus
589 2365 774 2447 Diaconus,
806 2389 840 2430 oo
878 2368 961 2453 quod
994 2368 1197 2454 Lonpobardi

72 2467 207 2528 Romam
217 2489 279 2551 per
294 2465 457 2528 circuituum
473 2463 660 2541 obsiderent,
680 2487 735 2527 nco
746 2475 855 2549 posset
871 2467 1035 2552 quiequam
1058 2489 1078 2530 a
1093 2467 1197 2530 Rorno

65 2559 262 2648 progredi’).
309 2561 452 2625 Multum
476 2561 642 2626 laboravit
675 2562 709 2624 in
733 2583 833 2625 causa
856 2560 1042 2626 schismatis
1064 2563 1195 2627 Istrian-

69 2662 132 2742 sis3
159 2671 273 2724 contra
297 2659 536 2744 Longobardos
558 2659 679 2722 frustra
703 2659 908 2723 Francorum
933 2669 965 2724 et
982 2661 1195 2746 Imperatoris

69 2757 234 2822 auxilium
267 2757 416 2822 obtinere
448 2757 584 2821 studuit.
632 2753 701 2822 Sub
735 2757 805 2842 ipso
839 2759 938 2821 etiam
966 2757 1038 2844 jam
1069 2759 1194 2844 incepit

68 2855 108 2919 lis
133 2856 332 2920 denomino
357 2857 562 2920 Potrioroltac
587 2857 790 2933 oecumenici,
815 2877 914 2944 quam
939 2856 1193 2942 appellationem

69 2955 238 3039 arroganti
271 2957 419 3018 vanitate
443 2953 591 3020 Joannes
614 2953 789 3039 Jejunator
818 2953 1005 3039 patriarcha
1039 2953 1192 3020 GPtanus

68 3052 132 3116 sibi
158 3051 365 3135 vindicavit3
390 3051 498 3117 cidem
522 3073 642 3136 magno
659 3073 734 3116 eum
759 3057 872 3137 vigore
896 3053 1015 3116 restitit
1028 3052 1192 3136 Pelagius.

69 3149 195 3214 Versus
228 3150 328 3216 finem
361 3150 573 3236 pontificatus
606 3150 676 3235 ejus
699 3149 864 3234 Visigothi
899 3151 932 3213 in
958 3149 1122 3236 Hispania
1150 3149 1192 3214 ab

67 3251 260 3313 Arianismo
284 3249 328 3312 ad
351 3247 452 3312 fidem
476 3247 675 3312 catholicam
700 3249 851 3312 conversi
875 3257 961 3312 sunt.
1438 3299 1439 3312 ι

160 3349 190 3412 7.
214 3347 293 3412 Post
314 3344 581 3430 obitumPelagii
606 3345 649 3426 H,
674 3368 760 3410 anno
788 3346 865 3427 590,
890 3367 1018 3410 summo
1043 3347 1223 3410 omniums.
1238 3364 1354 3411 ussarius

67 3445 191 3528 gaudio
217 3445 372 3509 Pontifex
398 3452 527 3508 creatus
551 3453 600 3508 cst
615 3441 647 3507 S.
668 3441 840 3528 Greporiua
856 3445 881 3522 l,
906 3445 995 3508 vitae
1019 3443 1193 3508 sanctitate
1268 3422 1297 3464 ¹

68 3541 221 3606 doctrina
245 3565 284 3607 ao
316 3563 426 3606 rerum
459 3551 627 3626 gestarum
660 3541 879 3627 amplitudine
911 3539 1009 3626 plane
1039 3541 1192 3606 eximius.

69 3641 120 3704 Ita
143 3649 325 3706 cunctorum
346 3640 526 3704 meritorum
559 3637 674 3704 claruit
690 3639 887 3726 perfectione
911 3637 1063 3719 sublimis,
1087 3639 1134 3702 ait
1158 3639 1192 3705 S.

69 3737 288 3823 Ildephonsus
312 3739 488 3824 episcopus
511 3737 701 3819 Toletauus,
734 3747 769 3802 ut
796 3738 933 3802 cadmo
956 3735 1097 3800 omuibus
1119 3735 1192 3800 illu-

67 3839 181 3905 stn'um
203 3836 663 3922 commemorationibus,
695 3835 776 3899 citit
802 3835 855 3899 illi
878 3835 978 3900 simile
1002 3835 1192 3899 demossstret

143 4086 165 4152 Ι)
183 4084 252 4138 Paul
271 4083 354 4148 Diae,
374 4083 414 4138 De
432 4083 518 4153 gestis
536 4082 697 4152 Longobard
725 4081 747 4138 L
777 4083 848 4138 Ilo
876 4084 910 4136 26

141 4167 163 4220 'l
182 4163 257 4218 Paul
281 4164 362 4228 Dim,
382 4163 449 4218 Vita
467 4163 603 4232 Gregorii,
624 4179 638 4217 c
668 4167 683 4216 7

140 4247 166 4314 ⁸)
184 4245 225 4299 De
242 4243 329 4314 gestis
347 4243 469 4313 L'ougob.
490 4243 519 4298 L.
541 4243 592 4298 111.
613 4261 627 4298 c
656 4245 691 4297 20
