2936 4814
181 553 186 560 J
238 481 274 542 66
591 481 631 536 De
649 480 715 536 Sede
733 477 853 536 Romans
871 481 896 536 S.
915 479 998 536 Petri

239 648 303 690 non
338 624 482 711 pendere
513 649 533 688 a
566 628 788 690 controversia
825 626 1007 690 durationis
1040 627 1158 711 ipsius3
1192 626 1351 690 convenit

239 735 360 808 tamen,
376 727 522 794 utetiem
537 725 600 788 hac
623 724 665 789 de
688 748 723 788 re
738 745 883 808 agamus,
908 724 1041 788 Etenim
1066 726 1092 788 si
1117 726 1179 790 ista
1193 725 1355 810 quaestio,

239 833 361 906 quanto
385 833 531 908 tempore
554 825 593 888 Β.
616 825 733 888 Petrus
747 822 933 887 Romanum
958 826 1183 909 episcopatum
1206 823 1356 906 gesserit,

240 923 274 984 in
298 945 331 986 sc
355 923 591 1005 consideratur,
622 945 701 987 sane
731 943 849 1006 operae
879 923 1022 1007 pretium
1053 932 1110 1004 est,
1144 931 1180 985 ut
1203 940 1277 984 cam
1303 919 1357 982 de·

239 1021 467 1102 tennincmus3
497 1019 575 1085 dein
598 1043 683 1107 quae
707 1021 827 1086 dicturi
852 1043 964 1084 sumus
992 1022 1137 1086 maxime
1169 1019 1359 1083 inserviunt
1458 1051 1459 1058 κ

239 1117 283 1183 ad
305 1142 343 1182 ea
367 1118 594 1182 confirmanda
617 1141 701 1204 quae
724 1118 895 1204 hirousque
910 1118 1163 1203 disputavimus.
1188 1156 1230 1164 -
1256 1113 1359 1195 Quod
1458 1103 1459 1144 J

240 1219 340 1301 igitur
362 1218 406 1282 ad
430 1217 637 1282 durationem
660 1218 801 1282 Romani
825 1219 1033 1302 episcopatus
1055 1218 1094 1282 B.
1114 1218 1201 1282 Petri
1226 1216 1358 1292 attinet,

240 1316 446 1380 notissimum
470 1326 527 1398 est,
544 1315 788 1380 Catholieorum
810 1314 982 1400 plerosque
1001 1325 1121 1396 tenere,
1146 1316 1240 1380 cresus
1264 1311 1361 1375 XXl'
1458 1311 1459 1402 J

239 1416 277 1478 B.
305 1415 429 1478 Petrum
446 1416 628 1504 ‘Romuleum
642 1413 753 1478 Sede-m
777 1415 921 1478 tenuisse.
946 1415 1077 1496 Negant
1100 1435 1177 1478 vero
1202 1412 1236 1476 id
1261 1409 1359 1496 pleri·
1458 1405 1459 1428 ,

240 1535 303 1597 que
337 1522 567 1597 protestantes,
600 1513 699 1577 etiam
730 1512 776 1576 illi
808 1514 864 1598 qui
895 1513 1075 1578 admittunt
1097 1513 1159 1576 iter
1182 1512 1271 1575 Petri
1295 1508 1359 1572 Ro·

240 1632 385 1675 manum.
432 1611 487 1676 Sic
511 1609 791 1676 decretorieOave
819 1609 1028 1692 Anglicanus
1059 1611 1187 1674 scribit:
1236 1609 1359 1672 Elium·

241 1711 269 1770 si
293 1732 362 1772 sero
385 1733 453 1772 cum
467 1709 615 1795 antiquis,
631 1709 757 1772 Petrum
771 1711 889 1773 Itomae
907 1709 1024 1794 fuisse,
1040 1719 1070 1772 et
1093 1709 1186 1772 istius
1209 1707 1358 1770 ecclcsiae

232 1806 448 1891 sursdcmcutu
465 1809 622 1892 posuisse,
645 1807 749 1893 focile
773 1807 982 1884 corrccdc’oucs,
1012 1808 1115 1891 ipsum
1145 1817 1249 1868 tarraco
1277 1805 1360 1866 horse

241 1905 419 1968 cathedram
452 1928 513 1990 per
555 1904 649 1968 XXV
669 1928 769 1968 cassos
803 1907 949 1982 terruisse,
989 1905 1139 1968 adsersus
1169 1904 1361 1966 recentiores

240 2005 416 2091 conjectatis
433 2002 617 2088 poahflciac
635 1999 1357 2088 propscprmtorescoasturstcrpemsepomus1).
1458 2009 1459 2084 ,

241 2098 350 2184 Atque
373 2099 420 2163 illi
444 2098 636 2163 heterodoxi
663 2100 951 2186 supputationibus
981 2097 1220 2182 chronologicis
1251 2095 1358 2160 indul·

240 2207 326 2279 gerit,
360 2206 397 2260 ut
430 2219 469 2260 ea
491 2198 618 2260 ratione
648 2199 826 2282 primatum
856 2219 986 2283 quoque
1015 2197 1155 2261 Romani
1185 2193 1358 2260 Pontificis

241 2317 260 2355 a
285 2293 463 2358 Catholicis
493 2305 651 2358 assertum
682 2296 887 2380 impugnent.
939 2294 1004 2360 Sed
1035 2296 1119 2358 varii
1150 2315 1281 2378 quoque
1306 2313 1357 2354 ca-
1458 2321 1459 2378 p

240 2391 354 2456 tholici
378 2395 527 2456 erectores
550 2394 613 2456 ista
643 2393 678 2456 in
708 2415 743 2456 re
767 2393 944 2474 dissident;
969 2413 1088 2478 cosque
1118 2393 1223 2456 movit
1247 2390 1358 2475 potius

229 2505 280 2553 'ea
303 2491 395 2572 ratio,
422 2500 457 2552 ut
480 2492 611 2555 semotis
634 2489 888 2556 difficultatibus
902 2491 1012 2576 quoad
1037 2490 1244 2555 durationem
1269 2487 1358 2551 illius

241 2590 458 2674 episcopatus,
481 2587 611 2652 facilius
636 2595 668 2652 et
697 2590 866 2652 efficacius
890 2591 999 2674 ipsum
1021 2589 1148 2675 facturn
1178 2585 1359 2651 defendere

241 2695 274 2748 et
297 2686 467 2750 vindicare
500 2696 641 2771 possent.
687 2687 818 2770 Negant
850 2689 951 2770 igitur
983 2687 1082 2750 etiam
1114 2687 1188 2770 ipsi,
1221 2685 1360 2748 Petrum

241 2793 317 2847 ante
331 2785 472 2848 Neronis
496 2786 672 2869 imperium
686 2785 825 2848 Romam
840 2786 979 2864 venisse,
1004 2795 1037 2847 et
1058 2805 1117 2869 pro
1132 2783 1195 2848 hac
1214 2791 1361 2866 negante

242 2883 403 2946 sententia
421 2882 493 2968 jam
517 2881 609 2946 Cave
631 2882 772 2947 adduxit
787 2905 805 2946 e
820 2882 989 2947 catholicis
1003 2883 1153 2967 Pagium,
1177 2881 1360 2946 Norisium.

244 2979 501 3062 llenschenium,
534 2980 815 3066 Papebrochium,
849 2981 1037 3060 Valerium,
1070 2979 1249 3060 Balutium,
1284 2979 1361 3044 Toi-

242 3078 392 3160 nardum,
417 3078 537 3163 quibus
566 3101 584 3141 e
608 3079 845 3143 recentioribus
876 3080 976 3142 etiam
998 3077 1077 3142 addi
1105 3072 1212 3163 potest
1234 3075 1362 3141 Herbst

243 3177 275 3238 in
301 3198 360 3238 sua
383 3176 622 3240 Dissertationc
641 3168 716 3262 jam'
736 3177 880 3240 laudata.
927 3175 977 3240 Ac
1001 3197 1117 3239 revera
1139 3197 1199 3260 per
1221 3196 1256 3237 se
1279 3176 1360 3238 faci-

242 3272 357 3336 lieret
380 3296 400 3337 a
423 3273 675 3337 difficultatibus
706 3273 858 3338 omnibus
889 3273 993 3337 soluta
1023 3272 1130 3338 videri
1154 3283 1265 3358 posset
1288 3295 1361 3337 sen-

241 3372 345 3436 tentia
368 3393 490 3454 eorum,
516 3373 572 3457 qui
589 3373 736 3436 unicam
765 3373 825 3436 sub
848 3372 978 3436 Nerone
1008 3371 1096 3435 Petri
1120 3371 1360 3456 profectionem
1442 3427 1449 3444 ,

242 3470 425 3534 Romanam
458 3479 601 3534 tuentur.
649 3469 713 3534 Sed
746 3480 839 3534 tanta
872 3479 920 3534 est
943 3479 1091 3534 veterum
1121 3469 1292 3532 consensio
1317 3469 1361 3532 de

243 3569 359 3631 itinere
382 3567 531 3631 Romano
560 3569 650 3632 Petri
681 3567 741 3632 sub
768 3567 907 3632 Claudio
938 3591 977 3631 ac
1008 3568 1049 3631 de
1073 3568 1143 3652 ejus
1167 3567 1361 3652 episcopatu

243 3665 390 3730 Romano
420 3665 520 3728 XXV
543 3687 715 3748 annorum,
739 3675 777 3728 ut
807 3687 848 3729 ex
872 3665 987 3740 eadem
1017 3667 1141 3730 factum
1164 3664 1362 3730 historicum

242 3763 345 3828 solide
370 3763 620 3846 demonstretur,
646 3772 677 3827 et
700 3786 734 3828 re
754 3762 839 3828 bene
854 3765 1043 3830 examinata
1066 3763 1197 3828 nonnisi
1222 3762 1361 3828 arbitra-

242 3863 290 3926 rio
315 3872 347 3926 et
370 3861 597 3947 imprudenter
629 3861 672 3926 ab
705 3861 769 3926 hac
801 3864 963 3926 sententia
987 3861 1155 3926 discedere
1178 3882 1361 3946 possemus.

244 3957 328 4024 Cum
352 3961 468 4024 eadem
491 3981 588 4046 porro
612 3959 722 4045 plures
747 3961 1022 4041 circumstantiae,
1047 3981 1129 4046 quas
1152 3981 1193 4022 ex
1217 3957 1362 4022 Actibus

242 4055 474 4141 Apostolorum
489 4059 668 4140 haurimus,
694 4067 896 4142 congruunt3
921 4057 1132 4122 difficultates
1152 4077 1230 4120 vero
1246 4077 1362 4121 omncs

242 4181 449 4190 ——u--ae

319 4257 338 4330 ¹)
356 4257 428 4317 Hiet.
447 4259 501 4315 litt.
521 4259 616 4330 Script.
635 4259 736 4318 Eccles.
755 4275 823 4318 saec.
842 4261 864 4320 Ι.
884 4266 936 4318 art.
954 4259 1061 4316 Petrus.
