2924 4818
258 485 310 548 let
594 495 634 550 De
652 497 738 564 Opere
756 495 1040 565 Philosophoumsnon.

258 637 339 704 cidit
362 639 420 705 SS.
445 637 622 725 Cypriane,
648 640 817 722 Cornelio,
849 640 1006 705 Damaso.
1052 640 1203 706 Sufficiat
1225 663 1266 704 aa
1288 663 1367 707 corn·

258 757 449 820 memorare,
474 760 558 824 quae
582 739 696 803 scribit
728 739 761 804 S.
791 737 978 824 Cyprianus
1010 760 1062 826 sp.
1086 739 1128 804 69
1153 739 1196 804 ad
1218 737 1365 806 florenti

257 859 332 898 nam
359 836 537 922 Repiannm
560 837 598 900 de
623 837 890 916 obtrectatoribus,
921 859 1023 923 quum
1047 837 1102 901 hic
1124 837 1243 902 leviter
1266 837 1366 902 crede·

258 942 307 997 ret
330 934 604 999 obtrectatoribus
627 933 797 1022 Cypriani.
843 935 910 1023 Epo
935 947 973 1014 te,
990 935 1109 1022 frater,
1134 937 1251 1022 inquit,
1276 935 1366 1001 credi·

258 1033 366 1097 deram
391 1034 516 1097 tandem
532 1039 603 1124 jam
626 1034 670 1097 ad
687 1036 917 1119 poenitentiam
950 1036 1097 1112 concerti,
1120 1034 1205 1120 qaod
1227 1037 1263 1099 in
1280 1059 1367 1122 prae·

259 1133 384 1196 teritum
408 1143 472 1196 tam
494 1132 643 1218 infanda,
678 1143 742 1196 tam
775 1135 892 1219 turpia,
918 1143 982 1196 tam
1014 1133 1109 1196 etiam
1130 1133 1301 1218 pestilibus
1322 1156 1368 1196 ca·
1444 1147 1445 1152 ’

258 1231 422 1312 sacranda,
439 1241 495 1294 aut
504 1231 648 1294 audisses
657 1231 695 1294 de
711 1230 800 1294 nobis
817 1242 926 1294 mmerc
943 1242 999 1294 act
1009 1230 1204 1294 credidisses.
1217 1281 1225 1295 .
1238 1279 1266 1296 ..
1282 1231 1369 1295 Piac-

258 1327 360 1392 valnit
383 1329 470 1414 apnd
494 1340 536 1408 te,
562 1341 672 1393 contra
694 1329 835 1393 <lisinam
859 1330 1044 1393 sententiam
1074 1339 1104 1392 et
1126 1341 1238 1394 contra
1261 1330 1369 1394 consci-

258 1426 375 1490 entiam
397 1437 537 1490 nostram
551 1427 634 1511 fidei
656 1451 731 1492 snae
754 1427 874 1492 mribus
896 1429 1016 1505 nicam,
1039 1428 1238 1491 inimicorum
1261 1439 1291 1492 et
1312 1451 1370 1490 ma·

259 1523 414 1608 lipnormm
437 1536 646 1604 commentam,
663 1527 755 1612 qnasi
770 1526 857 1612 apud
878 1525 986 1612 lapsos
1000 1537 1030 1588 et
1047 1525 1207 1612 profanos
1231 1538 1262 1590 et
1285 1537 1370 1591 satra

258 1620 431 1685 Ecclesiam
448 1625 581 1708 positos,
615 1623 653 1687 de
685 1647 815 1709 quomam
832 1623 1013 1710 pectoribus
1045 1624 1213 1688 excesserit
1236 1621 1371 1710 Spiritus

258 1730 394 1799 sanctus,
418 1743 482 1784 esse
506 1721 598 1785 alind
615 1724 729 1807 possit,
753 1723 819 1786 nisi
850 1744 935 1786 mens
952 1745 1060 1809 praem
1082 1733 1112 1784 et
1126 1719 1246 1807 fallace
1270 1721 1371 1808 linpsta

258 1829 288 1880 ct
311 1817 387 1883 odia
418 1830 572 1884 venenata
595 1831 625 1883 et
657 1819 811 1907 sacrilepa
843 1821 1023 1899 mendacia,
1056 1819 1166 1906 quibos
1189 1821 1246 1904 qni
1269 1818 1370 1894 credit,

258 1939 325 1979 cam
348 1916 415 1980 illis
437 1941 559 1981 necesse
583 1930 629 1982 est
651 1920 832 1981 inveniebo
855 1941 922 1980 crem
937 1918 1057 2007 judicii
1079 1917 1148 1980 dies
1170 1918 1301 1982 venerit.
1333 1915 1372 1980 Et

258 2013 395 2078 inferius
418 2017 548 2094 incesta,
572 2018 683 2104 impia,
706 2015 847 2102 infanda
871 2015 912 2079 de
945 2017 1015 2103 ipso
1040 2015 1107 2079 diei
1131 2022 1164 2078 et
1186 2015 1280 2079 credi
1304 2035 1371 2078 con·

258 2114 413 2197 queritur.

350 2213 400 2276 16.
425 2213 585 2277 Memoria
606 2211 638 2278 S.
657 2211 793 2295 Callisti,
819 2213 972 2298 quamvis
995 2221 1122 2276 tantum
1146 2233 1206 2298 per
1230 2213 1372 2298 quinque

258 2331 362 2373 annos
395 2309 457 2397 (uti
490 2309 635 2395 videtur)
670 2331 859 2398 supremum
891 2311 1028 2395 gesserit
1059 2309 1308 2395 pontificatum,
1338 2309 1368 2372 in

259 2407 397 2473 ccclesia
437 2409 587 2474 Romana
630 2408 672 2474 ab
709 2410 938 2495 antiquissimo
976 2419 1122 2495 tempore
1160 2407 1370 2472 celeberrima

258 2507 330 2588 fuit,
355 2507 401 2570 ita
425 2515 461 2570 ut
483 2509 543 2570 vix
566 2531 586 2571 a
609 2507 812 2594 temporibus
835 2507 868 2572 S.
892 2507 980 2572 Petri
1013 2527 1118 2592 usque
1146 2505 1188 2569 ad
1212 2505 1248 2571 S.
1274 2505 1369 2571 Silve-

258 2613 360 2668 strum
381 2605 536 2669 Pontifex
560 2607 751 2669 inveniatur
772 2605 861 2670 fama
885 2607 947 2692 ipsi
971 2605 1128 2692 aequalis.
1152 2604 1191 2668 In
1215 2603 1369 2668 honorem

258 2703 291 2767 S.
316 2701 443 2768 Callisti
466 2703 576 2769 Julius
608 2704 855 2790 Isplendidam
888 2705 1061 2769 ecclesiam
1094 2705 1209 2785 crexit,
1239 2703 1370 2790 ejusque

259 2800 378 2865 festum
412 2801 489 2866 olim
522 2802 646 2866 Romae
684 2802 861 2867 solemnius
898 2802 1128 2867 celebrabatur
1158 2823 1261 2889 quam
1294 2801 1371 2864 fests

259 2898 398 2963 aliorum
412 2900 622 2982 Pontificum,
647 2903 704 2987 qui
728 2923 831 2988 usque
855 2901 898 2966 ad
921 2910 1069 2987 tempora
1094 2890 1306 2966 Constantini
1327 2919 1370 2961 ee·

260 2996 378 3060 clasiae
401 2998 570 3063 Romanae
593 3000 815 3085 praefuerunt.
862 3000 1019 3064 Jamvero
1053 2998 1107 3063 vel
1130 3019 1173 3062 ex
1196 2999 1269 3083 ipso
1293 2995 1371 3062 libro

242 3095 603 3182 ‘Philosophoumenon
619 3096 793 3182 colligitur,
818 3098 853 3162 id
881 3098 1086 3162 factumesse
1109 3103 1245 3182 propter
1268 3095 1371 3178 singu·

258 3193 360 3257 larem
393 3195 658 3277 sollicitudinem,
691 3195 903 3281 prudentiam
927 3204 959 3259 et
982 3194 1184 3260 indefessum
1216 3192 1371 3272 laborem,

259 3313 353 3377 quae,
378 3294 478 3357 etiam
502 3302 679 3380 antequam
695 3293 850 3358 Pontifex
874 3294 974 3376 fieret,
1000 3295 1035 3357 in
1058 3292 1157 3358 rebus
1181 3290 1371 3356 ceclesiasti-
1444 3303 1445 3336 1

260 3391 307 3452 eis
330 3390 601 3456 administrandis
625 3390 780 3456 Callistus
804 3391 955 3456 ostendit.

352 3489 402 3552 17.
427 3488 618 3576 Antequam
642 3511 682 3554 ea
704 3511 934 3575 percurramus
957 3511 1042 3576 quae
1066 3487 1108 3552 dc
1131 3487 1322 3573 Zephyrino
1345 3495 1372 3549 et

261 3585 395 3650 Callisto
420 3586 547 3651 Auctor
576 3587 922 3674 Philosophoumenon
954 3586 1064 3668 habet,
1093 3585 1229 3672 juvabit
1262 3607 1304 3650 ca
1332 3585 1372 3648 ss·

261 3684 354 3766 ferre,
380 3707 464 3770 quae
489 3685 528 3750 de
552 3685 604 3751 his
628 3686 845 3751 Pontificibus
869 3687 903 3749 in
929 3685 1031 3749 Libro
1055 3681 1241 3749 Pontificali
1268 3705 1373 3748 occur·

260 3791 346 3848 runt.
363 3821 406 3829 -
424 3785 625 3872 Zephyriam,
641 3786 769 3850 naneae
782 3787 954 3862 Romanas,
967 3805 1008 3847 em
1016 3781 1281 3870 patrcAbandio,
1297 3781 1373 3846 sedit

261 3903 361 3946 annos
393 3883 607 3968 septemdecim
639 3881 854 3970 (sol-218),
886 3903 1005 3946 menses
1036 3881 1131 3960 daos,
1164 3879 1231 3943 dies
1264 3879 1372 3943 decem

261 3979 448 4044 Faitaatem
472 3981 660 4067 temporibus
676 3981 833 4045 Antonini
856 3991 885 4044 et
901 3979 1017 4057 Severi,
1042 4001 1063 4042 a
1086 3977 1251 4044 consulatu
1267 3975 1373 4041 saor-

260 4080 333 4142 nini
355 4089 384 4142 et
411 4077 576 4143 Gallicani
606 4103 701 4168 usqae
734 4079 778 4144 ad
801 4080 1000 4143 Praesentem
1032 4087 1061 4142 et
1091 4075 1274 4162 Stripanam
1301 4071 1372 4139 Con·
1444 4139 1445 4146 χ

261 4175 353 4240 mles.
401 4177 463 4240 Hic
495 4179 674 4255 comtitnit,
698 4188 733 4242 at
764 4179 800 4242 in
816 4177 1005 4264 praesentia
1037 4176 1174 4240 omnium
1195 4172 1373 4237 clericorum
1444 4173 1445 4240 ζ

261 4284 291 4340 et
314 4272 466 4338 laicorum
479 4275 626 4360 fideliam
658 4276 721 4340 sive
754 4275 850 4340 levita
883 4273 940 4363 (al,
965 4272 1111 4358 clericus)
1144 4272 1207 4335 siae
1230 4268 1373 4335 sacerdos
