2806 4848
259 448 310 502 lus
416 449 456 504 De
475 449 620 504 Arionismi
639 451 813 508 decrementis
832 468 863 519 ec
880 452 913 508 de
932 453 1010 508 cmc
1029 455 1138 510 OPtnno
1155 457 1177 510 I.

258 593 373 656 satoris
403 592 553 658 Gratiani
587 593 725 660 facultas
756 594 833 660 dete
865 595 982 662 fuisset
1013 598 1056 663 ad
1079 599 1241 683 synodum
1263 601 1349 686 Aqui-

257 689 412 754 leiensem
427 691 617 772 accedendi,
635 694 834 759 conveniens
849 694 959 773 fuisse,
984 705 1020 758 ut
1044 695 1120 761 illuc
1143 701 1284 785 episcopi
1306 721 1350 760 se-

259 789 375 870 nireut‚
409 812 484 854 cum
517 792 775 876 comperireutur
805 815 825 856 a
857 793 1004 857 lileximo
1038 819 1171 862 oensem
1204 819 1291 862 susm
1316 797 1351 862 sd

259 879 421 970 synodum
446 887 574 952 deferri.
621 888 666 952 At
698 912 735 952 eo
760 899 904 975 ternpore
938 889 1009 954 illos
1033 895 1203 979 episcopos
1225 893 1351 980 generale

259 985 423 1048 concilium
454 986 648 1050 declinantes
681 986 843 1071 synodum
877 987 1161 1076 Constantinopoli
1195 993 1306 1076 egisse,
1327 1005 1353 1054 et

259 1101 316 1168 pro
340 1081 474 1148 arbitrio
499 1107 550 1148 res
574 1107 677 1148 nosces
700 1086 915 1150 constituisse.
963 1087 1028 1152 Sed
1052 1111 1106 1152 eos
1131 1088 1280 1154 debuisse
1302 1089 1352 1152 hec

260 1182 292 1244 in
325 1203 359 1244 re
392 1182 490 1246 etism
520 1181 783 1246 Occidentalium
818 1183 1005 1268 praestolari
1039 1189 1246 1252 sententium.
1291 1187 1353 1250 Noc

253 1281 520 1364 praerequisitam,
537 1281 699 1364 inquiunt,
715 1282 911 1346 vindicamus
928 1285 1097 1362 wastinis,
1113 1285 1169 1348 sed
1184 1287 1354 1350 consortium

260 1387 361 1442 tamen
394 1377 499 1442 debuit
531 1402 595 1442 esee
619 1380 786 1442 communis
809 1379 944 1445 aeditui.
979 1431 985 1444 .
1012 1430 1020 1445 .
1046 1383 1114 1446 Nec
1137 1385 1289 1468 quaedum
1311 1405 1356 1445 sees

261 1478 348 1563 cupit
371 1477 409 1540 de
433 1477 598 1541 domestico
631 1469 735 1540 studio
768 1489 797 1540 et
819 1477 987 1542 conditione
1021 1482 1192 1558 nomentio,
1217 1481 1271 1544 sed
1292 1503 1355 1543 cou-

260 1575 364 1639 ntunio
397 1573 500 1638 soluta
533 1586 561 1638 et
594 1575 766 1640 dissociata
792 1576 968 1661 perturbat.
1026 1577 1094 1642 Nec
1131 1579 1272 1644 uidemus
1301 1601 1357 1640 scm

254 1695 348 1758 posse
372 1672 467 1736 aliter
490 1675 660 1750 convenire,
693 1674 758 1736 nisi
780 1683 836 1736 aut
866 1675 895 1740 is
917 1675 1071 1738 reddetur
1096 1673 1357 1762 Constantinopoli

259 1772 313 1856 qui
329 1772 424 1856 pu’or
447 1781 492 1836 est
515 1770 690 1848 ordinatus,
715 1781 771 1834 aut
793 1781 873 1834 certe
900 1795 993 1858 super
1015 1773 1148 1838 duorum
1171 1774 1358 1838 ordinatione

261 1870 301 1933 eit
324 1871 359 1932 e'n
381 1869 455 1932 serbe
479 1871 582 1932 Romu
604 1879 743 1932 nostium
771 1868 1037 1956 Om'entcliumpue
1060 1873 1238 1936 wncilium.
1264 1871 1358 1956 Neque

260 1969 341 2030 enine
363 1967 526 2052 indipnuue
557 1967 689 2044 uidetur,
713 1966 860 2052 Aequus,
894 1978 928 2032 ut
952 1970 1113 2034 chsuuue
1137 1971 1285 2036 eccleciae
1307 1970 1358 2032 eln-

261 2066 369 2130 te'stite's
388 2065 650 2149 finitimorumque
674 2073 703 2127 et
726 2062 878 2127 Italorum
910 2066 1124 2151 cpiscoporum
1147 2068 1282 2132 debeam
1302 2065 1358 2130 snt·

259 2160 305 2226 ire
330 2173 507 2240 tractatum,
531 2163 585 2247 qui
608 2163 700 2226 unius
723 2160 862 2226 Asdwlic'
891 2163 1030 2248 episcopi
1058 2166 1106 2228 ito
1128 2165 1358 2252 exspectandum

256 2271 448 2346 putauerunt
463 2261 631 2349 judicium,
655 2269 689 2322 ut
712 2259 750 2322 cle
783 2259 1027 2324 occidentalibus
1043 2263 1197 2348 partibus
1224 2260 1357 2326 Constan-

261 2357 424 2444 tinopolim
447 2357 635 2422 evocandum
653 2367 814 2442 putarent.
857 2355 891 2420 Si
913 2357 989 2443 quid
1010 2360 1069 2422 uui
1089 2360 1161 2423 lsus‘c
1183 2369 1357 2424 reses-cotun

260 2467 315 2534 cst,
339 2467 454 2542 quanto
478 2457 577 2542 mapis
594 2454 743 2541 pluribus
765 2455 986 2520 secernendum
1018 2457 1084 2518 est?
1131 2457 1205 2522 Nos
1229 2467 1358 2522 acuns
1389 2503 1390 2548 p

261 2553 438 2618 beatissimo
465 2554 613 2639 principe
636 2551 747 2638 fratrc
778 2563 849 2616 tuae
875 2553 1010 2639 pietat-is
1043 2553 1211 2632 admoniti,
1245 2565 1278 2618 ut
1300 2565 1356 2616 tuce
1389 2589 1390 2630 3

261 2651 439 2716 clementiae
463 2652 661 2716 scriberemus
684 2651 813 2736 imperio
824 2700 834 2730 ,
860 2651 1116 2737 postulauerunt
1138 2651 1197 2715 eti
1220 2675 1284 2716 una
1296 2669 1357 2713 ccu-
1389 2642 1390 2666 ¹

260 2753 364 2815 inienio
398 2761 461 2828 est,
495 2773 649 2814 commune
681 2749 755 2812 uelit
792 2772 855 2814 esse
877 2750 1034 2838 judicium
1072 2750 1357 2832 concordantemque

260 2845 481 2934 notescendum).

348 2947 401 3013 55.
434 2945 638 3010 Theodosius
671 2946 771 3030 igitur
802 2947 929 3032 accepit
962 2947 1070 3010 varias
1102 2944 1176 3010 illes
1211 2943 1356 3032 epistolas.

157 3030 179 3057 ⁰⁵
205 3049 208 3054 ’
261 3056 358 3132 etque
382 3045 489 3108 denuo
514 3045 684 3130 episcopos
707 3043 750 3108 sd
774 3043 937 3127 synodum
966 3045 1165 3108 convocavit
1190 3041 1354 3108 Constanti

261 3143 424 3231 nopoli1n3
449 3146 483 3206 in
507 3143 671 3226 rescriptis
696 3163 772 3206 vero
797 3163 862 3206 non
887 3143 1056 3224 indicavit,
1080 3153 1117 3206 ut
1131 3142 1273 3206 Romam
1294 3139 1357 3202 dein

261 3243 303 3308 ed
337 3241 513 3306 concilium
545 3235 838 3325 proficiscerentur.
892 3240 1000 3304 Etiam
1033 3238 1211 3304 Ambrosio
1245 3236 1357 3322 scripsit

260 3341 442 3427 Imperator
474 3337 515 3402 ob
544 3337 735 3425 petitionem
768 3337 898 3401 concilii
932 3337 1054 3402 Romae
1086 3335 1276 3402 celebrandi
1305 3333 1356 3420 epi·

260 3439 376 3504 stolum
399 3439 508 3502 enimc
542 3435 650 3500 minus
682 3444 798 3520 peneto
829 3435 1028 3516 consectam,
1062 3435 1108 3498 uti
1141 3435 1306 3520 colligitur
1325 3451 1357 3496 ex

262 3537 426 3602 Ambrosii
452 3534 671 3619 responsione,
697 3554 761 3618 qus
785 3533 976 3617 petitionem
1002 3533 1047 3596 uti
1072 3534 1208 3598 omnino
1232 3551 1355 3618 sequen

262 3645 293 3698 et
317 3636 350 3698 iu
367 3631 549 3698 Orientales
564 3629 750 3694 nullatenus
774 3631 965 3716 injuriosam
991 3629 1181 3718 defenditt)
1201 3631 1356 3711 —Quum

262 3757 300 3798 ea
333 3733 503 3796 occasione
535 3728 739 3794 Theodosius
772 3750 830 3813 per
852 3729 1049 3814 Procopium
1081 3731 1292 3794 secretarium
1315 3723 1356 3786 vel

262 3830 352 3896 urbis
384 3829 584 3916 praefectum
617 3828 716 3892 etiem
740 3825 936 3912 Gregorium
968 3827 1218 3893 nazianzenum
1242 3825 1358 3892 enixius

261 3929 304 3994 ud
336 3927 499 4013 synodum
523 3927 687 4007 invitaret,
713 3926 739 3988 ie
762 3947 796 3989 se
829 3935 961 4012 propter
983 3947 1117 4010 aegrum
1142 3927 1286 4010 corporis
1307 3931 1357 3984 ste·

262 4037 331 4092 tum
365 4025 537 4090 excusavit
571 4035 602 4088 et
635 4025 746 4087 venire
785 4022 973 4088 declinavit.
1030 4021 1133 4089 Simul
1165 4031 1299 4109 propter
1326 4039 1356 4080 es

337 4243 355 4308 ¹)
374 4239 493 4293 Ambros.
512 4253 551 4306 ep.
572 4239 613 4292 13.
896 4237 922 4305 ¹)
940 4234 1059 4290 Ambros.
1077 4204 1116 4304 ep.
1138 4235 1178 4290 14.
