2810 4846
379 489 516 544 Confessio
533 495 700 558 peccatorum
718 487 870 544 venialium
1127 481 1179 537 185

4 669 5 692 1
82 653 148 695 rum
169 631 385 697 saecularium
416 633 653 698 confessionem
684 642 717 698 et
748 633 1010 696 communionem
1043 630 1179 716 requirit

80 729 176 794 solum
207 739 257 794 ter
288 732 324 795 in
356 752 453 795 anno.
500 731 672 817 Equibus
686 729 920 812 confirmatur,
943 727 1178 794 monachorum

80 827 291 892 confossiones
324 828 517 893 octiduanas
549 851 654 915 usque
677 828 720 893 ad
743 828 909 893 saeculum
932 827 1017 891 XIII
1039 826 1178 913 plerum·

80 947 138 1009 que
159 947 224 990 non
248 925 349 990 fuisse
362 925 624 992 sacramentales.
646 965 689 974 -
708 927 761 991 Ex
785 947 822 990 eo
846 947 934 1008 vero,
959 923 1046 1011 quod
1070 944 1179 988 mona·

80 1021 129 1086 cbi
158 1025 192 1087 in
225 1022 369 1109 capitulo
401 1045 494 1088 suam
527 1024 763 1088 confessionem
796 1023 905 1088 dicere
928 1030 1178 1105 consueverunt,

78 1119 193 1184 sactum
217 1130 277 1203 est,
301 1129 338 1184 ut
360 1120 451 1185 locus
476 1121 717 1186 confessionum
750 1121 934 1187 ordinarius
964 1122 997 1186 iu
1021 1129 1179 1185 monaste·

78 1219 131 1282 riis
151 1219 246 1304 plura
269 1241 329 1304 per
351 1219 482 1284 saecula
504 1220 603 1284 fuerit
634 1222 742 1306 ipsum
766 1219 955 1306 capitulum.
1000 1217 1091 1282 Inter
1113 1235 1180 1280 sae·

79 1315 197 1381 culares
223 1338 300 1381 vero
325 1319 478 1381 novimus
502 1317 545 1383 ab
577 1319 671 1382 initio
695 1317 863 1384 Ecclesiae
884 1337 989 1404 usque
1011 1314 1054 1379 ad
1078 1323 1180 1378 extre-

78 1435 161 1478 mum
184 1437 290 1500 paene
314 1415 460 1480 medium
491 1437 621 1498 aevum,
651 1415 759 1483 locum
790 1416 1030 1480 confessionum
1053 1411 1181 1478 ordina-

78 1513 156 1576 rium
188 1513 290 1578 fuisse
320 1513 355 1577 in
388 1514 514 1578 vicinia
544 1513 664 1596 altaris,
689 1524 745 1578 aut
776 1516 812 1578 in
835 1513 899 1578 alia
922 1521 1015 1598 parte
1037 1512 1182 1576 eminen-

78 1611 156 1690 tiori,
180 1612 215 1675 in
240 1632 305 1696 qua
329 1620 398 1675 tum
423 1612 641 1676 confessarius
665 1622 736 1676 tum
759 1612 930 1698 poenitens
953 1609 994 1674 ab
1019 1610 1182 1674 universis

77 1707 224 1773 fidelibus
256 1698 400 1794 conspici
423 1718 582 1795 poterant.
629 1709 770 1774 Fiebant
791 1711 890 1773 etiam
913 1710 948 1772 in
971 1707 1182 1772 ecclesiarum

77 1805 232 1870 cubiculis
256 1808 327 1870 sive
356 1809 505 1872 oratoriis
535 1816 567 1871 et
598 1807 735 1889 sacellis,
759 1817 817 1872 aut
839 1805 1036 1893 quandoque
1059 1806 1094 1868 in
1117 1802 1182 1867 alio

75 1901 142 1967 loco
164 1914 300 1985 secreto,
325 1926 391 1969 non
415 1913 525 1970 tamen
550 1906 769 1970 confessiones
792 1905 999 1970 feminarum.
1046 1900 1182 1967 Sedium

77 2001 361 2067 confessionalium
393 2025 498 2086 genus
522 2002 610 2090 quod
637 2002 816 2068 hodiedum
848 2004 883 2066 in
907 1999 1060 2066 omnibus
1083 1997 1182 2062 eccle·

77 2101 130 2163 siis
161 2101 340 2182 cernimus,
364 2103 536 2188 antiquum
568 2111 716 2185 nonest,
750 2091 863 2165 strix
886 2108 944 2164 aut
965 2120 1007 2162 ne
1030 2099 1090 2161 vix
1112 2097 1182 2182 qui·

76 2197 148 2262 dem
178 2197 264 2262 ultra
297 2198 422 2282 Synodi
451 2198 665 2264 Tridentinae
697 2207 838 2264 aetatem
862 2195 1020 2262 ascendit.
1066 2194 1119 2260 Ex
1141 2195 1182 2257 iis

76 2296 229 2380 majorem
254 2296 496 2360 confessionum
520 2296 710 2361 facilitatem
747 2298 926 2378 exstitisse,
958 2303 990 2358 et
1020 2293 1108 2357 banc
1139 2291 1183 2356 ad

76 2393 265 2458 earumdem
287 2394 518 2480 frequentiam,
542 2416 627 2480 quae
643 2417 663 2459 a
678 2395 783 2460 tribus
797 2396 941 2458 maxime
965 2390 1104 2456 saeculis
1127 2387 1183 2452 ad·

77 2494 222 2572 vertitur,
248 2491 388 2556 multum
411 2492 614 2574 coutulissse,
637 2514 705 2558 non
728 2501 776 2556 est
798 2489 1063 2576 ambigendum.“

160 2591 216 2655 65.
240 2589 286 2655 Ut
312 2589 356 2654 ad
377 2589 612 2654 dissertationis
635 2589 733 2676 hujus
755 2589 855 2653 finem
884 2587 1089 2667 accedamus,
1111 2585 1183 2671 jam

12 2736 17 2745 .
77 2690 253 2774 praecipua
264 2709 348 2773 quae
358 2686 399 2751 de
407 2689 609 2774 poenitentia
619 2697 651 2751 et
666 2688 706 2752 de
719 2711 781 2751 usu
794 2687 1007 2751 confessionis
1019 2681 1185 2770 prioribus

77 2785 214 2850 saeculis
247 2784 393 2850 notanda
417 2794 502 2868 sunt,
535 2785 578 2850 ad
610 2785 735 2872 aliquot
767 2786 876 2869 capita
898 2782 1095 2867 redigamus.
1144 2779 1181 2842 1ο

77 2883 212 2970 Semper
239 2905 278 2948 ea
309 2883 372 2948 fuit
394 2882 563 2947 Ecclesiae
587 2883 745 2965 doctrina,
778 2903 836 2968 pro
860 2882 1004 2966 peccatis
1027 2875 1185 2963 grsmbus

12 3058 17 3083 Ι
77 2992 145 3067 post
167 2983 370 3067 baptismum
384 2982 575 3061 commissis,
593 2982 663 3044 sive
680 2980 823 3044 externis
847 2981 917 3042 sive
940 2976 1086 3057 internis,
1110 2995 1184 3059 poe·

12 3158 18 3171 ,
77 3081 248 3144 nitentium
272 3100 341 3143 esso
356 3079 528 3164 agendam.
558 3079 674 3164 Neque
689 3079 840 3143 sufficere
853 3075 1070 3163 quotidianam
1093 3071 1183 3136 illam

75 3179 320 3264 poenitentiam,
354 3199 451 3263 quam
485 3175 592 3241 cordis
625 3175 750 3258 dolore,
774 3177 929 3254 oratione,
957 3171 1183 3254 eleemosynis,

76 3276 169 3340 bonis
203 3273 366 3360 operibus,
401 3297 459 3361 pro
490 3275 671 3339 levioribus
707 3276 850 3360 peccatis
883 3269 1035 3336 omuibus
1068 3268 1184 3334 diebus

77 3377 163 3438 vitae
181 3373 327 3437 mortalis
339 3394 435 3457 agore
448 3383 585 3458 oportet,
604 3371 747 3436 sedeam
760 3369 958 3458 peculiarem
970 3367 1102 3452 requiri,
1119 3387 1185 3452 qua

8 3460 14 3479 '
76 3495 113 3536 ex
122 3470 249 3536 Christi
262 3473 409 3535 instituto
422 3481 558 3557 peccata
569 3472 684 3556 gravia
696 3471 848 3555 potestati
861 3467 1004 3531 clavium
1017 3463 1185 3531 Ecclesiae

76 3569 172 3634 datae
197 3567 404 3654 subjicienda
428 3577 512 3651 sunt,
537 3578 569 3632 et
601 3567 761 3633 absolutio
785 3589 825 3631 ac
847 3563 1069 3642 reconciliatio
1093 3585 1113 3626 1
1137 3584 1185 3624 sa-

9 3680 17 3779 1
76 3666 208 3732 ‹ardote
232 3675 281 3731 est
303 3665 507 3752 accipienda.
553 3703 595 3714 -
633 3665 671 3729 2⁰
702 3664 756 3729 Ad
783 3663 870 3728 banc
891 3663 1126 3749 poenitentiam
1149 3669 1186 3723 ut

8 3791 16 3907 1
75 3788 152 3851 pars
175 3763 338 3850 quaedam
362 3766 540 3850 praecipua
563 3764 706 3849 pertinet
719 3761 872 3848 confessio
896 3768 1104 3846 peccatorum
1127 3780 1185 3822 seu

76 3861 331 3946 exomologesis,
355 3883 397 3926 ex
429 3883 494 3948 qua
518 3863 616 3925 etiam
649 3869 752 3925 totum
775 3860 996 3946 poenitentiae
1017 3858 1186 3941 negotium

77 3959 315 4044 exomologesis
352 3959 605 4046 appellationem
643 3957 761 4023 hausit.
816 3956 913 4020 Hanc
950 3955 1186 4021 confessionem

9 4047 13 4135 l
73 4061 157 4145 juris
179 4059 287 4124 divini
312 4079 391 4141 esse,
414 4059 463 4122 uti
495 4079 537 4121 ex
572 4055 605 4122 S.
630 4055 807 4142 Scripturis
829 4054 995 4140 probatur,
1018 4055 1065 4118 ita
1087 4053 1186 4117 etiam

9 4166 13 4239 l
77 4181 115 4222 cx
138 4157 277 4223 Petrum
301 4157 470 4220 sententiis
494 4153 666 4239 colligitur.
706 4151 874 4218 Confessio
898 4162 1007 4216 autem
1032 4159 1101 4214 erat
1123 4150 1186 4235 pri-

78 4267 163 4339 vata,
187 4253 242 4318 vel
276 4255 375 4318 etiam
405 4252 539 4339 publica
570 4274 613 4316 ex
631 4250 759 4337 judicio
786 4249 972 4333 sacerdotis,
996 4250 1053 4336 qui
1076 4250 1187 4334 poeni·
