2810 4846
475 473 593 530 Nestorii
615 473 741 532 inermis.
1112 483 1164 536 981
1269 541 1273 547 ,

64 625 98 688 de
112 621 239 688 Christo
256 621 392 706 ejusque
401 627 510 682 matre
522 618 688 683 doctrinas
699 631 932 704 proponerent.
953 648 999 676 ι-
1023 621 1166 706 Cyl-illus

11 771 12 776 ,
66 741 132 784 voro
154 729 314 800 metuens,
328 739 369 782 ue
382 716 531 782 Romano
545 716 698 782 Pontifici
716 716 951 782 haeresiarcha
974 722 1165 806 imponeret,

63 841 87 882 a.
114 817 179 882 430
186 815 409 881 Goelcatiuum
432 814 474 879 de
489 813 583 878 *iliius
597 813 760 880 erroribus
775 817 945 880 certiorem
959 817 1113 882 ¹reddidit
1135 829 1168 883 et

64 915 98 979 de
119 917 158 980 iis
180 935 266 1000 quae
289 915 324 978 in
346 914 454 998 ipsum
477 911 647 996 hucusque
671 921 792 996 ageret.
837 913 985 1000 Epistola
1009 917 1168 1002 inscripta

63 1029 118 1078 est:
137 1013 329 1076 Beatissimo
352 1011 478 1096 Deoqac
501 1009 703 1074 dilectissimo
728 1011 819 1074 Patri
851 1008 1024 1077 Caelestino
1046 1016 1082 1078 in
1104 1016 1167 1078 co-

64 1113 137 1174 mino
166 1109 309 1173 cainam.
357 1106 604 1172 Alexandrinus
635 1107 783 1172 Antiates
812 1108 977 1193 videlicet,
1001 1112 1166 1177 secundae

63 1209 141 1272 sedis
176 1208 360 1293 episcopus,
384 1205 569 1270 Romanum
588 1205 715 1270 Patrem
737 1217 835 1274 vocat
858 1207 900 1272 ob
923 1209 1084 1292 primatus
1104 1211 1167 1274 uti·

63 1329 117 1390 que
138 1305 369 1370 reverentiam.
415 1303 491 1368 Duo
520 1312 693 1388 ¹praetcrea
716 1305 751 1368 in
780 1303 837 1368 illa
860 1304 999 1390 epistola
1020 1297 1167 1372 notanda

11 1423 12 1428 ¹
64 1405 201 1469 veniunt.
247 1401 370 1482 Primo,
400 1400 489 1486 quod
520 1408 657 1466 testetur
680 1399 833 1485 Cyrillus,
864 1401 951 1468 hanc
973 1424 1044 1467 esse
1067 1403 1167 1468 eccie-

63 1503 176 1566 siaram
206 1498 489 1580 cousuetudinem,
522 1497 629 1562 atde
653 1499 896 1582 emergentibus
924 1499 1046 1586 ubique
1069 1511 1167 1566 terra·

64 1623 125 1663 mm
148 1597 341 1664 haeresibus
370 1595 413 1660 ad
445 1594 565 1662 Sedem
589 1595 812 1681 Apostolicam
843 1597 1012 1664 referatur.
1061 1599 1166 1679 Vetas,

63 1699 170 1783 inquit,
195 1695 395 1760 cccleciamem
416 1694 603 1758 conamtudo
628 1693 749 1771 madet,
772 1704 808 1758 at
831 1695 983 1783 ejsumodi
1005 1719 1055 1760 raa
1071 1695 1167 1761 Sanc·

63 1798 142 1860 titcti
165 1805 239 1858 aar
270 1793 540 1856 communicentur.
587 1790 750 1871 Secunde,
781 1791 870 1876 quod
899 1793 955 1873 ait,
986 1815 1020 1856 sc
1049 1815 1167 1858 ausum

63 1913 120 1956 uon
144 1893 255 1969 tuisse,
281 1889 464 1954 inconsulto
480 1888 666 1954 Caelestino
683 1898 716 1952 et
731 1890 957 1974 inexspectata
971 1890 1065 1956 Sedis
1080 1892 1167 1978 Apo·

63 1989 189 2053 stolicae
216 1988 379 2051 sententia
410 2008 445 2050 se
477 2010 497 2050 a
528 1986 671 2050 Nestorii
703 1988 934 2052 communione
966 1989 1167 2056 subtrahere.

65 2087 132 2150 Non
159 2087 257 2172 prius
279 2095 398 2162 antem,
423 2085 548 2170 inquit,
572 2082 663 2148 illios
685 2086 925 2150 omnmonicnem
942 2086 1056 2172 palam
1079 2111 1168 2174 aper·

65 2196 142 2270 teque
182 2184 370 2260 deserimus,
405 2205 499 2268 quam
536 2183 611 2246 baec
646 2183 719 2268 ipsa
749 2183 869 2267 pietati
905 2193 978 2248 tace
1014 2186 1168 2249 indicare·

65 2305 131 2346 aas.
179 2281 330 2367 Dionerie
353 2281 491 2366 proinde
523 2281 599 2366 qaid
629 2281 678 2344 'iiic
701 2281 820 2344 sannas
838 2283 1074 2366 praescribere,·
1110 2305 1169 2368 aaa

64 2381 177 2465 liquido
201 2379 291 2444 nobis
314 2389 446 2456 constat,
475 2380 738 2442 communicarem
765 2401 823 2442 nos
845 2402 913 2442 cam
935 2379 993 2444 ilio
1016 2392 1169 2467 opmteat,

64 2501 100 2540 an
122 2501 195 2542 aero
219 2477 314 2540 libere
344 2475 444 2540 eidem
476 2475 673 2553 demmtiare,
704 2477 856 2540 nemmem
887 2499 955 2541 cum
982 2500 1017 2541 ao
1040 2501 1169 2541 commu·

64 2578 165 2640 amare
187 2575 242 2660 qui
264 2573 417 2663 ejcmtodi
440 2592 601 2638 croceam
629 2573 805 2637 doctrinam
819 2575 911 2660 fouet
934 2575 1168 2662 depraedicat.

67 2673 156 2736 Porro
183 2683 255 2736 tntae
276 2673 470 2756 meracitatis
491 2693 577 2736 mens
600 2683 630 2734 ct
652 2693 745 2757 ηραν
767 2673 824 2736 bac
846 2695 879 2736 ra
903 2674 1069 2750 renuntia,
1087 2673 1170 2758 piis·

65 2771 144 2835 simia
175 2770 302 2858 Deoque
330 2769 538 2832 macerante
565 2767 773 2832 Macedoniae
796 2770 960 2856 episcopie,
983 2791 1103 2834 necnon
1127 2781 1169 2834 to·

64 2869 119 2931 tias
154 2868 296 2931 &mutia
319 2866 524 2930 Andetitibae
547 2867 714 2951 peropima
741 2889 803 2952 par
834 2865 958 2931 litterae
981 2869 1097 2954 acponi
1119 2867 1170 2930 dc-

11 2991 13 3040 5
64 2965 114 3029 tes
163 2963 251 3030 Nam
283 2963 478 3050 cupientibus
508 2964 575 3028 illia
603 2987 714 3028 ansam
745 2963 902 3042 dabimus,
925 2975 961 3030 at
983 2987 1086 3028 omnes
1107 2985 1170 3027 uno

11 3067 12 3128 i
63 3065 161 3128 mima
186 3064 222 3126 in
245 3063 482 3126 accendentia
505 3063 693 3148 persistant,
726 3072 887 3146 rectaeque
901 3062 983 3146 fidei
1004 3083 1083 3147 qaae
1099 3066 1172 3150 jam

64 3161 261 3247 impnynatar
291 3181 378 3245 opem
393 3157 553 3244 feraat¹).
600 3157 713 3238 Vides,
748 3177 846 3244 quam
869 3160 1052 3223 necessaria
1076 3178 1169 3242 repn-

64 3265 183 3321 taretur
216 3256 258 3320 ab
290 3255 504 3320 orientalibus
533 3257 695 3341 episcopis
726 3257 902 3320 auctoritas
925 3256 1065 3320 Romani
1088 3256 1171 3320 Pon·

63 3354 155 3420 tificis
178 3357 215 3418 in
238 3353 446 3418 causisfidei.
494 3353 614 3420 (iuncti
638 3364 751 3418 contra
764 3353 951 3418 Nestorium
975 3352 1170 3437 candebant,

65 3462 92 3513 ct
113 3463 225 3516 tamen
249 3461 425 3536 antequam
449 3451 491 3515 ab
516 3450 603 3515 illius
624 3453 854 3516 communione
878 3451 1093 3529 discederent,
1118 3471 1171 3514 ex·

64 3550 251 3632 spectabant
268 3551 501 3635 peccacatum
524 3547 733 3634 Apostolicae
757 3547 853 3614 Sedis
875 3572 895 3613 a
919 3546 1112 3612 Coelestiuc.

144 3648 200 3712 ot.
224 3645 427 3712 Caelestinus
443 3649 587 3732 acceptis
606 3645 658 3710 his
676 3646 807 3728 litteris,
826 3647 1035 3734 acceptisque
1053 3644 1167 3730 cyrilli
1202 3671 1315 3714 caretur

62 3743 100 3806 cd
124 3744 313 3808 Nestorium
344 3754 376 3808 ct
402 3745 544 3808 Nestorii
573 3745 616 3808 ad
645 3742 806 3828 Cyrillum
842 3743 1003 3829 epistolis,
1032 3741 1169 3827 aliisque
1225 3735 1292 3782 ⁸⁸⁸¹*

62 3838 263 3905 documentis
277 3839 321 3906 ad
335 3862 468 3906 causam
482 3839 765 3927 pedinentibus²)‚
780 3840 906 3926 synodo
921 3841 1045 3904 Romae
1059 3861 1170 3904 mense

133 4016 154 4084 ¹)
174 4015 261 4070 chbe
280 4017 346 4074 oon.
366 4018 444 4072 Cone.
465 4017 563 4072 u111.
583 4017 630 4072 coL
650 4019 710 4072 340.
731 4048 762 4056 —

129 4095 153 4164 ¹)
173 4095 203 4147 Id
214 4101 290 4163 patet
306 4113 338 4152 ex
356 4097 470 4165 epistola
484 4097 578 4164 Cyrilli
593 4095 626 4150 ed
636 4097 791 4152 Nestorium
802 4097 914 4164 scripta:
934 4096 1101 4164 „Coclestino
1112 4096 1171 4150 reli·

61 4173 208 4238 meusim
217 4176 353 4231 Romnum
369 4175 498 4232 ccdmiae
507 4177 636 4245 episcopo,
652 4175 754 4242 scribit,
764 4178 930 4244 caeterisque
937 4175 1064 4244 piissimis
1071 4175 1171 4244 episco-

62 4254 98 4319 pis
115 4255 163 4324 qui
172 4255 222 4323 ipsi
235 4256 346 4312 adfuere
358 4256 565 4325 inquirentibus,
576 4257 749 4311 chartulanae
763 4255 828 4310 illae
839 4261 867 4309 et
877 4271 1011 4325 exegeses,
1022 4272 1090 4323 quae
1108 4257 1173 4312 illuc
