2876 4814
505 461 548 529 a
567 459 730 534 Hippason
744 469 849 534 arear·
1106 459 1109 464 ’
1153 464 1208 540 ta

156 601 357 690 Respondit:
381 605 512 690 Fugite,
537 629 556 672 o
580 609 700 691 miseri,
725 609 913 677 execranda
934 609 1056 683 Nouati

204 702 399 785 Schisma,
424 703 595 770 catholicis
616 706 744 775 reddite
768 728 827 770 ¹vos
850 706 999 792 populis“
1026 708 1119 796 etcl)

179 800 345 875 Entabat
372 803 475 885 igitur
502 802 634 870 auditio
658 803 861 888 schismatis,
886 806 939 884 cui
961 805 1106 890 praefuit
1129 805 1209 891 Hip-

91 896 234 982 polytus,
258 897 402 982 Romae;
428 899 485 966 sed
508 901 558 970 uti
588 902 623 964 in
646 901 879 981 traditionibus
903 902 1115 988 popudaribus
1138 902 1209 988 fieri

91 995 181 1078 solet,
207 997 345 1060 confuso
376 1007 505 1063 tantum
536 997 633 1062 modo
664 999 869 1082 noscehptur,
901 999 1121 1086 Hippolytum
1154 999 1210 1069 ali-

91 1093 225 1178 qnando
241 1093 490 1170 schismaticum
504 1095 614 1178 fnisse,
631 1105 667 1171 ,et
688 1096 732 1173 ad
745 1097 924 1174 Noratinni
948 1089 1091 1168 schisma
1114 1120 1211 1164 evcn-

92 1206 140 1256 tns
170 1194 356 1268 anteriores
387 1193 623 1261 referebantur.
670 1193 735 1259 Sed
766 1207 855 1272 certe
887 1205 1119 1280 argumentum
1140 1217 1210 1276 pon

91 1289 316 1375 spernendum
341 1311 384 1363 ex
404 1289 457 1356 his
479 1290 655 1374 colligitur,
679 1301 847 1370 auctorem
864 1291 1210 1380 Philosophoumenon

91 1410 208 1454 revera
231 1387 267 1454 S.
292 1387 511 1474 Hippolytum
535 1410 614 1454 esse.

179 1487 236 1552 85.
261 1486 429 1562 Postremo
469 1487 587 1552 effossa
622 1487 687 1553 fuit
717 1510 747 1552 a.
784 1485 866 1560 1551
900 1487 1024 1568 Romae
1064 1490 1100 1554 in
1132 1511 1210 1576 agro

92 1583 237 1665 l'ernno,
271 1581 362 1658 haud
394 1584 509 1669 procul
538 1581 654 1662 ¹eloco
687 1607 750 1670 quo
770 1585 869 1670 juxta
901 1586 1118 1665 Prudentinm
1148 1610 1211 1654 me-

91 1684 197 1748 notia
232 1677 408 1766 Hippolyti
448 1680 695 1766 celebrabatur,
730 1681 867 1760 celebris
899 1682 955 1748 illa
987 1695 1095 1750 statua
1128 1707 1212 1772 quae

94 1779 272 1866 Hippolyti
296 1779 427 1857 dicitur.
473 1779 602 1854 Eadem
628 1801 675 1848 ‚ex
702 1782 881 1865 peritorum
906 1780 1035 1866 judicio
1060 1805 1141 1870 opus
1165 1791 1213 1848 est

92 1877 218 1942 saeculi
252 1876 315 1964 III,
349 1899 388 1940 nc
419 1877 631 1956 manifestum
664 1887 726 1962 est,
761 1899 830 1952 csse
863 1887 1004 1964 statuam
1028 1880 1211 1968 Hippolyti,

93 1999 197 2062 quum
223 1973 298 2060 ejus
322 1973 436 2040 Canon
464 1973 631 2061 paschalis
662 1975 837 2050 cathedrae
868 1977 921 2040 cui
946 1977 1067 2042 insidet
1089 1979 1214 2058 Doctor

95 2073 262 2141 hahcatm
298 2071 500 2160 insculptus,
537 2095 668 2142 necnon
707 2072 874 2158 catalogus
910 2073 1029 2160 aliquis
1061 2077 1214 2164 quamvis

95 2195 159 2237 non
193 2169 377 2256 completus
410 2191 563 2256 operum,
599 2193 683 2256 quae
713 2193 733 2233 a
766 2170 798 2236 S.
828 2171 1008 2257 Hippolyto
1034 2175 1213 2262 composita

96 2281 180 2340 suunt.
238 2267 332 2341 Inter
359 2267 428 2344 alin
460 2279 570 2339 autem
608 2291 707 2354 opera
740 2279 1014 2350 commemorator
1044 2271 1128 2354 liher
1160 2274 1213 2337 cui

96 2367 228 2432 titulus:
267 2365 357 2450 Πρὸς
380 2362 533 2452 ‘Hi-lapus
561 2366 613 2433 καὶ
641 2365 724 2452 πρὸς
756 2364 915 2437 Πλάτωνα
941 2365 961 2453 l}
984 2367 1037 2434 καὶ
1060 2367 1134 2456 περὶ
1158 2374 1215 2436 τοῦ

97 2464 233 2546 παντὸς.
268 2461 425 2537 Jamyero
444 2464 516 2548 ipsa
531 2465 651 2530 erectio
667 2464 829 2550 ejusmodi
844 2475 980 2547 statuae,
991 2466 1116 2532 factum
1127 2467 1215 2534 illius

98 2563 257 2649 temporis
265 2559 364 2647 plane
372 2559 547 2646 singulare,
556 2563 678 2648 optimc
687 2560 872 2647 explicatur
886 2562 920 2628 in
931 2585 969 2626 ea
980 2567 1214 2650 suppositione,

97 2661 183 2746 quod
199 2658 405 2746 Hippolytus
419 2658 483 2734 fuit
496 2661 674 2746 episcopus
692 2659 846 2738 factionis
869 2659 1107 2747 schismaticae,
1125 2685 1216 2748 pune

98 2781 192 2827 nuum
214 2768 322 2842 caput
340 2756 487 2836 Romano
508 2756 661 2831 Pontifici
686 2758 871 2842 oppositum
896 2757 959 2831 hac
981 2761 1108 2829 ratione
1131 2783 1216 2827 sunr-

100 2877 148 2923 uto
173 2855 303 2935 honore
326 2853 446 2920 affecit
493 2853 582 2922 Dein
605 2855 734 2920 Auctor
754 2853 1100 2941 Philosophoumenon
1123 2856 1216 2922 illum

98 2951 222 3025 librum
246 2949 328 3037 ssepi
351 2955 408 3016 coi·
431 2951 563 3029 παντὸς,
589 2954 637 3023 uti
655 2953 811 3034 vidimus,
835 2952 899 3016 sibi
919 2952 1098 3036 ‚adscribit;
1120 2954 1216 3020 adco-

101 3073 161 3136 qne
186 3051 307 3116 merito
333 3048 550 3135 concluditur,
573 3050 795 3136 Hippolytum
818 3072 933 3117 revera
957 3073 1026 3116 esse
1049 3063 1216 3119 auctorem

100 3148 459 3236 Philosophoumenon.

189 3247 244 3312 86.
271 3246 316 3310 At
334 3245 406 3334 jam
437 3245 596 3328 diximus,
622 3241 825 3315 conclusioni
853 3245 932 3310 huic
956 3270 997 3310 ex
1021 3249 1219 3336 conjecturis

101 3345 267 3424 deductae
290 3341 394 3416 solida
417 3353 612 3428 argumenta
628 3343 780 3425 ¹obstaro3
812 3345 957 3415 rationes
986 3356 1097 3411 autem
1120 3347 1218 3412 modo

100 3442 220 3508 allatae
234 3461 360 3520 ¹revera
383 3441 453 3509 vim
476 3462 543 3504 non
565 3440 700 3520 habent.
748 3440 846 3521 Quod
873 3441 951 3506 inde
973 3466 994 3506 a
1017 3444 1146 3510 sacculo
1171 3445 1219 3513 VI

102 3537 279 3624 excunte²)
298 3536 344 3618 ‚nb
368 3537 494 3626 aliquot
514 3541 642 3626 graecis
670 3539 884 3624 scriptoribus
908 3539 1109 3628 Hippolytus
1133 3542 1220 3606 dica-

103 3651 155 3700 tur
178 3639 346 3724 episcopus
373 3637 544 3715 Romanas,
568 3637 697 3700 etiamsi
721 3636 880 3723 explicari
905 3660 971 3701 non
994 3651 1112 3725 posset,
1137 3639 1221 3704 nihil

100 3735 270 3822 probaret.
315 3733 423 3798 Nimis
455 3735 543 3798 enim
575 3736 692 3808 remoti
725 3744 802 3798 sunt
824 3735 870 3798 illi
895 3737 1070 3821 scriptores
1099 3760 1119 3800 a
1142 3745 1220 3800 tem·

107 3871 314 3880 -—....--—0-—--

176 3922 198 3989 ¹)
217 3918 349 3974 Prndent
368 3917 589 3988 Peristcphunon
608 3919 695 3988 hymn
714 3920 743 3977 in
761 3919 787 3974 S,
803 3919 990 3988 Hippolytum.

177 4001 198 4070 ¹)
216 4001 294 4054 Ante
311 3997 361 4064 hoc
379 3999 514 4057 sarculum
531 4004 639 4056 tantum
651 4004 744 4056 textus
752 3999 851 4066 aliquis
870 4001 1022 4068 Apollinari
1040 4001 1075 4072 (a.
1094 4004 1157 4074 360)
1176 4005 1222 4063 ad-

102 4079 228 4148 scriptus,
250 4078 304 4144 ⁴sed
332 4077 435 4144 dubins,
463 4079 610 4142 iuvenitur,
638 4079 667 4134 in
694 4095 746 4146 quo
764 4079 928 4148 Hippolytus
956 4081 1057 4136 dicitnr
1084 4085 1222 4154 episcopus

107 4158 221 4216 Romae„
239 4189 276 4200 --
295 4157 328 4210 17.
348 4157 439 4226 lligne
456 4157 486 4211 P.
505 4157 535 4214 G.
550 4159 619 4212 'tx
642 4177 665 4226 p.
687 4163 746 4212 674.
767 4157 868 4224 (irisan
881 4161 986 4215 qusbr.
1000 4161 1159 4219 zeitschrift
1171 4171 1222 4223 etc

109 4243 182 4304 1111,
201 4239 225 4293 1.
247 4241 309 4292 sue.
