2836 4804
432 457 519 514 Series
536 462 612 520 Rom.
632 467 798 523 Pontificum
1119 471 1172 526 ³29

70 585 219 673 linquere,
242 595 296 658 cui
329 599 429 664 etiam
463 605 592 671 occulta
624 615 757 695 cognita
790 613 865 677 sint.
912 611 978 678 Sed
1009 637 1068 701 pro
1100 615 1170 680 iero

70 681 206 755 humano
229 688 466 776 Symmachum
488 700 628 770 liberum
659 731 728 774 esse
752 709 794 773 ab
818 709 971 774 omnibus
994 715 1173 778 accusatio*

70 779 169 866 uibus,
194 807 373 877 omnesque
396 800 499 862 teneri
533 803 576 866 ad
604 803 826 872 obedientiam
858 807 966 872 redire
989 809 1169 893 Pontificio,

71 881 117 942 cui
146 883 245 948 edam
278 889 405 974 integra
435 895 503 961 iere
535 899 711 968 mnnltitudo
735 905 882 970 fidelium
906 917 1094 973 constanter
1116 908 1170 974 ad·

69 973 213 1046 haeserit.
259 982 530 1076 Subscripsesunt
556 1004 764 1087 septuaginta
792 1026 849 1068 sex
873 1005 1028 1092 episcopi,
1051 1007 1170 1091 praesi-

70 1071 157 1140 dibus
187 1077 367 1150 Laurentio
404 1089 643 1161 Mediolanensi
679 1109 711 1164 et
746 1102 842 1167 Petro
879 1103 1159 1188 Ravennatensi¹)

68 1169 152 1238 Sedit
164 1187 276 1244 eutem
289 1179 509 1266 Symmachus
532 1213 636 1280 usque
659 1197 702 1262 ad
725 1199 813 1262 diem
830 1198 967 1264 19Julii
991 1202 1070 1265 anni
1093 1201 1169 1266 514.

147 1271 200 1338 24.
225 1274 391 1346 Successit
419 1287 450 1349 ei
480 1287 671 1358 Hormisdou
702 1296 870 1378 diaconus,
901 1299 1008 1382 patrio
1031 1297 1169 1385 (iampa-
1198 1329 1320 1371 nomas„

70 1387 132 1445 nub
155 1373 213 1455 qni
237 1374 321 1440 sedit
343 1383 440 1446 annis
453 1406 584 1454 novem.
632 1391 725 1472 Quae
741 1396 811 1482 ipse
833 1395 948 1459 fecerit
970 1395 1013 1459 ad
1028 1395 1169 1460 schisma
1224 1390 1249 1431 ἢ
1268 1389 1291 1431 ¹²·

69 1465 216 1532 orientale
238 1475 516 1560 exstinguendum
540 1495 639 1572 atque
657 1491 692 1554 in
716 1513 815 1555 causa
839 1490 1075 1556 monachorum
1091 1491 1168 1579 Scy·

70 1557 199 1646 buum,
228 1568 299 1653 jam
332 1581 554 1661 exposuimus.
593 1623 637 1634 «-
675 1585 758 1652 Cum
791 1609 869 1653 vero
898 1590 1092 1656 Hormisdas
1115 1591 1169 1656 die

69 1655 237 1745 6Angusti
261 1689 291 1732 a.
313 1671 380 1738 523
404 1675 546 1761 obiisset,
571 1683 601 1745 ei
623 1687 937 1752 successitJooaaes
960 1689 982 1752 Ι
999 1687 1168 1754 Etruscus.
1195 1701 1286 1742 Jeme·
1301 1700 1317 1749 1.

70 1752 146 1821 Huic
168 1760 322 1831 Pontifici
346 1769 571 1842 Theodericus
600 1801 659 1844 rex
687 1782 802 1848 Italiae
824 1784 1023 1868 legationem
1046 1784 1089 1849 ad
1112 1785 1169 1850 Ju·
1222 1761 1246 1802 ²
1268 1761 1291 1801 P'

68 1853 180 1920 uinum
203 1860 440 1947 Imperatorem
472 1875 636 1960 imposuit,
670 1889 830 1965 quatenus
853 1903 929 1946 cum
953 1884 1024 1968 ipso
1047 1893 1168 1967 egeret,

70 1959 99 2012 nt
113 1951 228 2022 Ariani
254 1961 447 2032 catholicam
472 1970 663 2057 religionem
687 1977 832 2064 amplexi
855 1978 898 2042 ad
921 1989 1043 2044 sectam
1061 1979 1169 2045 redire

67 2063 201 2134 possent,
225 2057 331 2144 iisque
362 2065 518 2132 ecclesiae
551 2081 583 2135 et
614 2073 766 2158 religiosa
788 2075 922 2140 libertas
944 2077 1168 2144 redderentur.

70 2141 151 2222 Quae
192 2153 219 2216 si
257 2176 324 2222 non
359 2165 553 2232 concederet
585 2171 756 2254 lustinus,
791 2173 1016 2240 Theodericus
1052 2175 1168 2240 eadem

68 2249 193 2326 quaeis
216 2263 329 2320 eontra
353 2259 495 2328 Arianos
518 2267 553 2330 in
576 2267 711 2333 Oriente
735 2269 935 2353 decreverat,
960 2295 994 2336 se
1018 2273 1051 2337 in
1073 2273 1170 2338 Italia

69 2351 169 2408 entra
196 2343 381 2422 Catholioos
404 2359 597 2429 effecturum
616 2368 760 2433 minatus
782 2379 840 2435 est.
886 2370 1033 2435 loannes
1055 2371 1169 2458 perho-

68 2441 192 2506 norifice
214 2468 235 2509 a
256 2447 388 2518 Justino
413 2469 570 2546 exceptus
592 2463 665 2529 fuit.
713 2465 802 2546 Quid
825 2487 904 2532 vero
929 2491 1003 2534 cum
1027 2468 1170 2555 Impera-

68 2541 124 2600 tore
146 2546 250 2626 egerit
272 2548 308 2614 in
340 2574 439 2620 causa
461 2556 671 2644 Arianorum,
704 2585 771 2629 non
795 2573 882 2629 certo
906 2575 1043 2630 constet.
1091 2567 1170 2646 Qui-

69 2629 133 2698 dam
155 2641 315 2727 scribunt,
338 2649 527 2737 Justinum,
552 2659 737 2742 postulante
758 2662 919 2726 Pontifice
951 2685 993 2727 ne
1017 2661 1169 2728 catholici

69 2727 130 2796 Itali
155 2737 192 2801 in
211 2739 388 2814 discrimen
412 2765 622 2836 vocarentur,
636 2757 770 2824 Arianis
794 2757 948 2824 ecclesias
970 2760 1168 2838 reddidiss03

71 2825 116 2892 alii
138 2835 282 2922 tradunt,
306 2843 499 2916 Pontificem
530 2852 613 2918 nihil
636 2877 695 2940 pro
723 2857 857 2920 Arianis
880 2859 994 2941 egisse.
1040 2857 1080 2921 Id
1104 2879 1169 2921 oer-

69 2931 128 2990 tum
150 2941 213 3016 est,
236 2937 401 3010 loannem
428 2945 711 3039 Constantinopoli
739 2951 894 3018 reducem
921 2976 941 3018 a
963 2955 1168 3019 Theoderico

68 3020 156 3092 fuisse
179 3034 364 3120 conjectum
393 3044 427 3106 in
452 3067 630 3131 carcerem,
654 3051 690 3115 in
718 3071 782 3137 quo
812 3053 978 3116 aerumnis
1001 3052 1168 3116 confectus

69 3116 113 3184 die
132 3126 172 3191 27
196 3130 276 3196 Maii
299 3158 330 3201 a.
353 3138 418 3205 526
442 3142 538 3209 beato
562 3145 628 3211 tine
651 3147 822 3234 quisue).

145 3225 198 3290 25.
220 3229 315 3296 Fue
343 3233 441 3323 hujus
464 3245 607 3308 nominis
634 3245 701 3326 IV,
726 3267 768 3309 ex
797 3255 890 3332 patre
914 3245 1071 3328 Castorio,
1095 3256 1169 3332 post

69 3309 196 3388 J⁰annis
219 3339 356 3397 mortem
380 3358 446 3402 non
469 3341 580 3406 statim
604 3342 725 3408 electus
750 3352 808 3406 est.
831 3342 1057 3408 Theudoricus
1079 3346 1168 3408 enim
1283 3358 1288 3368 ’

68 3406 172 3484 ltaliae
193 3445 253 3490 rex
270 3427 328 3512 jus
351 3431 548 3518 designandi
564 3439 735 3504 Pontificio
758 3440 899 3504 Romani
923 3441 986 3504 sibi
1009 3440 1169 3522 attribuit,

70 3529 96 3584 ti
115 3523 256 3596 Felicem
288 3533 347 3616 IV,
378 3539 591 3622 caeteroquin
624 3538 899 3623 spectatissimum
930 3541 1048 3620 virum,
1073 3537 1169 3618 clero,

70 3630 184 3693 senatui
221 3631 410 3719 populoque
445 3633 593 3700 Romano
626 3637 805 3721 proposuit.
860 3635 929 3700 Diu
962 3635 1095 3721 quidem
1123 3634 1170 3698 illi

69 3727 255 3811 astiterunt,
279 3730 337 3796 sed
361 3732 439 3798 dein
468 3732 654 3798 schismatis
686 3733 815 3798 vitandi
844 3753 944 3797 musa
967 3735 1002 3797 in
1026 3732 1170 3797 Felicem

70 3837 302 3892 consenserunt.
348 3828 399 3893 lla
433 3850 513 3893 vero
546 3829 619 3916 lege
648 3853 700 3894 res
721 3832 785 3896 tuit
807 3833 996 3916 composita,
1022 3839 1057 3893 ut
1079 3851 1170 3894 more

17 3975 18 4016 ἦ
71 3921 194 4000 pristino
217 3948 238 3989 a
261 3924 347 3990 clero
366 3926 524 3992 Pontifex
538 3927 729 4014 eligeretur,
754 3937 787 3992 et
809 3951 829 3993 a
851 3949 928 4014 rege
950 3947 1088 3992 assensu
1111 3949 1170 3991 suo

17 4057 18 4086 l
75 4065 272 4088 -—-³.—........

135 4152 153 4224 ¹)
171 4155 203 4209 V.
222 4155 325 4222 Heiele,
345 4157 374 4211 Ο.
393 4157 482 4222 e.‚13.
502 4157 535 4211 ll.
555 4158 579 4229 ξ.
599 4161 658 4212 220.

133 4239 154 4299 ¹)
173 4235 306 4300 Wonters,
326 4237 360 4290 H.
379 4237 411 4293 ll.
430 4238 462 4294 V.
483 4239 503 4292 Ι,
525 4253 549 4306 p.
569 4241 628 4294 315.
