2936 4814
254 503 290 558 80
344 505 347 512 “
608 493 1016 560 medenentense

255 644 310 728 At,
324 647 487 732 inquiunt,
502 645 618 711 debuit
628 649 690 734 ipsi
705 647 883 712 inscribere
897 647 1079 734 epistolam,
1094 649 1147 712 vel
1162 647 1277 713 saltem
1293 663 1386 713 eum·

255 743 407 810 salutare.
416 745 628 831 Reponimns,
643 747 743 810 etism
757 745 910 831 epistolas
918 746 950 812 S.
959 747 1056 812 Pauli·
1068 747 1111 812 ad
1125 745 1370 811 aliasecclesias
1461 835 1462 838 Ἴ

254 839 344 907 haud
358 843 495 908 inscribi
508 864 620 908 eorum
631 845 794 930 episcopis
804 843 906 908 Paulo
920 844 1023 930 probe
1037 847 1132 925 notis,
1151 867 1212 908 nec
1231 846 1321 930 ipsos
1336 847 1370 907 in

254 939 506 1006 salutationibus
519 941 687 1006 obvenire.
719 939 888 1028 Epistolae
902 945 992 1028 ipsae
1007 941 1240 1006 deferebantur
1257 942 1302 1006 ab
1318 944 1370 1020 iis,

133 1092 134 1095 ,
254 1059 313 1123 per
326 1063 409 1127 quos
426 1041 459 1108 S.
474 1041 596 1107 Paulus
615 1066 670 1108 eas
689 1043 842 1108 mittebat
855 1044 928 1125 illis,
952 1045 1009 1130 qui
1033 1043 1180 1107 ecclesiis
1194 1052 1372 1128 praeerant

254 1139 426 1224 episeopis,
450 1149 482 1204 et
505 1163 564 1226 per
592 1163 667 1206 suos
689 1143 821 1207 nuntios
844 1141 1021 1228 Apostolus
1051 1141 1196 1227 profecto
1219 1138 1263 1203 ad
1287 1139 1373 1223 epis
1461 1191 1462 1200 ,

255 1257 373 1321 capum
409 1238 654 1303 transmittebat
681 1248 752 1304 tum
789 1240 1019 1304 salutationem
1049 1261 1158 1320 suam,
1195 1247 1266 1302 tum
1303 1234 1371 1299 alia
1461 1253 1462 1268 ¹

253 1355 340 1418 quae
362 1336 424 1420 ipsi
449 1337 725 1402 communicanda
748 1348 851 1404 erant.
888 1337 1037 1424 Epistola
1060 1337 1103 1402 ad
1126 1337 1291 1400 Romanos
1316 1331 1372 1395 de·
1461 1349 1462 1384 ι

252 1430 320 1496 lata
349 1441 399 1496 est
425 1433 564 1498 Romam
598 1457 659 1521 per
685 1435 841 1502 Phoeben
875 1435 982 1523 (Rom.
1015 1435 1066 1500 16.
1099 1431 1142 1520 1).
1195 1429 1374 1515 Colligitur

253 1537 365 1595 autem
388 1553 431 1596 ex
453 1533 532 1618 ipris
555 1532 666 1598 verbis
684 1532 844 1620 Apostoli,
869 1555 941 1598 eam
965 1534 1065 1597 fuisse
1084 1531 1304 1596 diaconissam
1320 1547 1372 1590 ec-

254 1627 372 1693 clesiae
395 1628 651 1712 Corinthiorum,
676 1653 717 1696 ac
738 1632 896 1697 feminam
919 1653 985 1697 non
1010 1627 1269 1695 contemnendae
1293 1647 1372 1689 auc·

253 1728 393 1791 toritatis
416 1729 451 1792 in
474 1731 582 1814 patria
604 1751 673 1812 sua,
697 1751 782 1816 quae
810 1739 944 1816 propter
974 1729 1106 1814 negotia
1132 1727 1272 1792 Romam
1297 1744 1370 1808 pro-

253 1824 472 1892 ficiscebatur.
520 1825 609 1907 Quid
642 1830 747 1913 magis
778 1829 825 1892 rei
859 1837 996 1893 naturae
1028 1827 1238 1904 conveniens,
1268 1841 1370 1908 quam

253 1922 351 1988 talem
384 1924 552 2007 feminam,
585 1927 612 1990 ai
646 1925 679 1991 S.
703 1926 819 1990 Petrus
850 1925 975 1990 Romae
1007 1934 1089 2008 erat,
1123 1923 1267 2008 primum
1292 1937 1370 1981 eum

254 2024 458 2106 convenisse,
482 2023 515 2089 S.
540 2023 635 2088 Pauli
666 2023 837 2109 epistolam
866 2023 1049 2104 tradidisse,
1082 2043 1121 2086 ac
1145 2019 1187 2084 de
1209 2013 1371 2102 Apostolo

211 2113 215 2122 ’
254 2121 580 2206 quaecumqnePetri
600 2123 757 2186 intererat
776 2123 859 2185 scire
874 2123 903 2184 ei
921 2119 1085 2202 detulisse,
1102 2121 1150 2190 ,ita
1164 2127 1202 2182 ut
1215 2114 1370 2180 salutatio

253 2217 306 2281 vel
330 2219 596 2282 commemoratio
624 2219 713 2283 Petri
736 2221 771 2284 in
803 2218 940 2304 epistola
963 2217 1060 2304 plane
1083 2215 1249 2302 superflua
1272 2221 1371 2276 esset.

342 2314 395 2380 62.
421 2312 490 2378 Cur
512 2313 546 2382 S.
560 2316 683 2381 Paulus
706 2317 741 2381 in
765 2316 910 2403 epistolis
924 2317 1048 2381 Romae
1070 2325 1218 2400 tempore
1241 2313 1371 2398 primae

254 2421 287 2475 et
308 2413 477 2477 secundae
497 2415 699 2500 captivitatis
730 2417 870 2501 scriptis,
903 2414 961 2504 (ad
990 2413 1225 2493 Philemonem,
1260 2409 1371 2474 Gelos·

253 2531 373 2593 senses,
395 2510 567 2598 Ephesios,
589 2511 828 2600 Philippenses,
853 2513 1036 2594 Hebraeos,
1060 2509 1272 2576 Timotheum
1294 2507 1314 2573 I
1338 2517 1371 2572 et

252 2605 311 2694 ΙΙ),
335 2607 368 2673 S.
382 2608 472 2672 Petri
494 2611 695 2675 mentionem
709 2611 799 2675 haud
813 2611 923 2695 saciat,
938 2632 996 2675 nos
1020 2608 1153 2697 quidem
1177 2616 1369 2673 accuratam

253 2727 319 2770 non
333 2727 506 2792 pessumum
529 2707 667 2772 reddere
690 2712 867 2790 rationem3
892 2709 949 2773 sed
973 2705 1008 2774 id
1030 2731 1051 2771 a
1074 2707 1169 2772 uobis
1183 2705 1370 2789 efflagitare

253 2803 398 2889 profecto
422 2805 570 2890 ineptum
595 2816 653 2872 est.
699 2805 892 2871 Adversarii
924 2804 1110 2870 nullatenus
1141 2804 1370 2868 demonstrare

252 2911 397 2988 possunt,
412 2900 607 2987 Apostolum
631 2903 772 2968 abasse
796 2904 838 2969 de
852 2904 885 2970 S.
900 2904 996 2968 Petro
1020 2902 1124 2989 loqui3
1144 2900 1266 2966 silentii
1288 2919 1369 2962 vero

252 3009 430 3086 putruerunt
451 3020 522 3064 esse
544 3001 658 3064 variae
681 3003 833 3068 rationes.
878 3001 991 3066 Potuit
1008 2999 1186 3086 aliquando
1201 2997 1234 3064 S.
1249 2997 1370 3073 Petrus

252 3097 358 3162 Roma
380 3095 510 3178 abesse3
533 3098 641 3183 potuit
669 3097 712 3163 de
740 3101 811 3185 ipso
841 3108 878 3164 ut
900 3100 1049 3186 principe
1079 3095 1312 3183 Apostolorum
1337 3103 1370 3157 et

252 3193 412 3260 Pontifice
445 3215 572 3260 summo
604 3197 762 3262 mandata
784 3196 964 3283 peculiaria
987 3195 1110 3260 habere
1139 3195 1285 3274 nuntius,
1310 3194 1368 3278 qui

252 3290 347 3357 Pauli
371 3290 524 3377 epistolas
547 3291 725 3376 deferebat,
750 3303 783 3359 et
811 3294 853 3360 de
876 3295 975 3360 rebus
997 3293 1156 3357 Romanis
1179 3291 1370 3355 accuratius

253 3387 382 3454 fidelos.
398 3388 442 3454 ad
480 3409 562 3475 qnos
594 3391 787 3458 mittebatur
825 3391 1000 3474 edocebat3
1038 3390 1145 3478 potuit
1177 3389 1293 3469 etiam,
1332 3397 1369 3450 ut

252 3486 388 3573 quidam
411 3486 652 3571 existimanmt,
675 3509 717 3553 ex
741 3490 917 3576 prudentia
939 3487 1083 3575 quadam
1107 3484 1289 3550 identidem
1312 3503 1370 3548 no·
1461 3529 1462 3580 3

252 3601 329 3649 men
351 3585 441 3649 Petri
464 3585 499 3648 in
523 3583 589 3648 illis
610 3584 727 3652 litteris
754 3589 869 3671 viteri3
900 3586 1034 3652 demum
1057 3595 1095 3650 ut
1117 3584 1203 3648 inter
1225 3581 1369 3646 salutan-
1461 3583 1462 3676 ᾗ

252 3693 301 3747 tes
325 3684 511 3768 promiscue
533 3681 651 3749 Penus
673 3688 900 3750 nominaretur
928 3706 1004 3750 cum
1032 3679 1205 3768 discipulis
1228 3679 1368 3766 Aposto·
1459 3679 1462 3704 l

250 3779 357 3844 lorum
380 3781 461 3866 ipsis
483 3778 703 3865 inferioribus,
727 3805 845 3870 parum
869 3784 1063 3850 convenisse
1085 3779 1227 3845 videtur.

341 3878 395 3944 63.
419 3879 561 3944 Positiva
598 3882 752 3966 pecodum
784 3879 882 3970 allato
914 3886 1148 3966 congesserunt
1179 3876 1279 3941 etiam
1312 3875 1367 3940 ad·

252 3977 400 4058 versarii,
424 3975 669 4062 contendentes,
700 4001 742 4044 ex
765 3981 806 4045 iis
839 3979 948 4065 colligi
971 3979 1105 4044 Petrum
1128 3975 1253 4039 Romae
1275 3971 1366 4039 hand

250 4072 362 4142 fuisse.
408 4073 485 4138 Huc
508 4076 673 4158 pertinent
695 4077 752 4144 illa
774 4077 808 4145 S.
831 4076 927 4143 Pauli
950 4075 1062 4158 verba,
1086 4071 1207 4161 quibus
1220 4069 1366 4158 Philipp.

251 4171 282 4255 2,
301 4171 343 4236 21
368 4172 553 4258 Apostolus.
568 4177 717 4260 queritur
738 4177 780 4240 de
793 4175 962 4255 Romanis,
989 4195 1094 4238 omnes
1114 4191 1264 4258 quaem
1287 4191 1367 4258 quos

251 4295 310 4342 nso
332 4281 413 4340 aaa
459 4272 501 4346 Id
524 4293 612 4365 sane,
645 4275 809 4367 inquiunt,
833 4295 899 4340 non
930 4272 1078 4356 dixisset,
1111 4267 1283 4338 sl¹Petrue
1306 4265 1367 4336 Ro
