2806 4848
395 456 516 512 canones
534 454 645 510 Consilii
664 453 768 510 GPtani
786 455 808 512 Ι.
1105 453 1156 508 123
1251 525 1257 540 ⁹

74 611 150 682 cunt,
174 611 212 665 ut
235 599 396 686 ejusmodi
421 598 589 686 dispositio
622 597 859 664 admitteretur.
904 599 1039 664 Petrum
1067 600 1154 664 enim

73 699 149 761 animi
174 699 295 762 infensi
321 707 413 764 erant
437 699 471 760 in
496 698 686 782 episcopum
711 697 983 778 Alexandrinum,
1008 695 1049 762 ob
1073 695 1155 760 ordi·

73 797 213 860 nationem
239 797 392 877 Maximi,
417 796 470 860 eui
495 797 594 858 etiam
609 795 801 866 Timotheus
823 797 911 862 Petri
934 816 1103 859 successor
1125 803 1157 856 ot

72 893 147 956 irater
168 893 280 958 adbuc
304 893 447 962 favebat.
473 897 514 960 ln
537 897 676 964 ecelesia
698 894 906 962 Antiocheno
929 892 1072 958 schisma
1087 891 1150 956 lle·

71 989 204 1055 letiannm
230 991 374 1076 vigebat,
399 1003 497 1080 atque
521 995 701 1062 Flavianus
724 997 783 1058 vix
806 994 840 1058 in
864 993 1053 1078 episcopum
1077 987 1156 1052 elec·

71 1103 108 1150 tos
126 1112 219 1174 aegre
243 1111 312 1154 sese
337 1091 389 1154 isti
423 1092 629 1180 dispositioni
662 1114 825 1182 opponere
857 1090 1025 1176 poter-ath,
1050 1109 1156 1172 nequo

70 1185 224 1251 ridebatur
247 1187 466 1272 periculosum
499 1193 662 1274 Nectario‚
694 1193 765 1254 viro
788 1186 937 1275 pluribus
960 1184 1032 1250 aliis
1054 1184 1155 1249 Patri·

19 1279 20 1362 }
70 1281 116 1346 bns
136 1283 276 1350 Consilii
302 1285 403 1351 multo
429 1289 591 1372 inferiori,
616 1289 714 1356 talem
738 1285 1001 1374 praerogativam
1023 1282 1156 1347 honoris

19 1437 20 1444 ,
69 1383 238 1446 concedere.
286 1382 437 1450 Pericula
452 1409 530 1451 vero
555 1410 639 1474 quae
662 1410 720 1473 pro
744 1395 888 1469 tempore
912 1382 1020 1446 futuro
1036 1379 1155 1444 exoriri

68 1490 207 1562 poterant,
234 1491 269 1544 nt
292 1481 362 1546 fieri
387 1483 475 1566 solet,
500 1505 566 1552 non
589 1483 837 1572 perpendebant
839 1503 885 1545 ur.
916 1517 960 1528 -
984 1477 1157 1544 Caeterum
1179 1494 1309 1546 urpsrourr

69 1574 106 1638 ille
127 1599 232 1642 canon
257 1600 315 1691 per
345 1602 379 1644 se
404 1580 481 1666 jura
505 1583 643 1646 Romani
667 1579 837 1648 Pontifieis
869 1600 934 1642 non
967 1569 1207 1662 impetebat,⁰⁸¹¹
1168 1555 1326 1598 “¹⁰⁵””““

67 1695 149 1758 quom
174 1677 307 1740 nonnisi
335 1690 411 1764 post
442 1681 544 1766 ipsam
573 1680 706 1746 honoris
735 1677 981 1772 praerogativae
1005 1677 1156 1761 episcopo

67 1771 181 1838 t'Ptano
206 1773 472 1842 decernerentur.
518 1777 584 1842 Sed
599 1777 722 1842 directe
745 1773 963 1840 imminuebat
985 1773 1158 1859 privilegia

67 1870 276 1984 episcoporum
309 1871 527 1941 Alexandrini
559 1886 591 1939 et
614 1858 813 1940 Antiocheni
843 1882 875 1936 et
898 1870 1157 1957 metropolitano·

66 1989 122 2030 mm
143 1970 334 2080 insignium,
367 1994 467 2058 quum
501 1973 656 2038 saltem'
648 1996 681 2038 rn
709 1973 818 2036 ordine
850 1971 975 2034 tonora
1007 1967 1159 2034 omnibns

67 2063 104 2128 his
125 2070 298 2155 episcopus
323 2067 475 2136 CPtanus
498 2071 740 2156 praeficeretur.
786 2069 942 2132 Attamen
967 2066 1022 2131 illa
1046 2067 1158 2148 verba,

62 2176 216 2249 propterea
240 2167 323 2252 quod
345 2168 419 2232 orbs
442 2170 514 2255 ipso
533 2171 670 2235 sitirem
686 2171 797 2246 Roma,
821 2167 920 2228 etiam
944 2163 1061 2228 falsum
1086 2186 1156 2228 con·

66 2271 180 2345 ceptum
205 2263 245 2328 de
269 2265 410 2329 Romani
433 2265 603 2332 Pontificis
635 2264 872 2353 praerogativis
902 2263 1049 2346 ingerere
1073 2273 1159 2348 pote-

19 2397 20 2426 r
65 2369 132 2438 rant,
156 2383 259 2448 quum
285 2365 490 2428 occasionem
515 2363 670 2450 praebere
704 2373 834 2449 possent
857 2362 1090 2447 suppositionis
1114 2382 1159 2424 er-

65 2477 180 2540 uncae,
215 2482 257 2524 ex
290 2459 449 2546 dignitate
481 2462 615 2549 politica
644 2461 744 2526 Urbis
776 2459 949 2546 privilegia
981 2459 1075 2522 Sedis
1108 2458 1159 2522 de-

65 2555 161 2620 rivari.
209 2557 281 2622 Hoo
305 2580 382 2622 vero
407 2562 607 2646 principium
631 2558 673 2624 ab
697 2558 847 2624 Ecclesia
869 2556 1014 2622 alienum
1039 2567 1117 2622 erat.
1223 2611 1229 2622 .

137 2655 190 2718 51.
217 2655 267 2719 De
291 2667 417 2740 natura,
441 2680 538 2722 sensu
567 2667 600 2722 et
627 2656 843 2743 amplitudine
867 2653 1041 2718 verborum
1066 2676 1160 2718 eano-

66 2751 105 2812 nis
125 2754 211 2816 tertii
236 2752 453 2840 disceptatum
478 2765 534 2820 est.
566 2753 722 2820 Nonnulli
748 2775 823 2818 cum
846 2751 955 2816 Natali
970 2751 1160 2818 Alexandro

20 2841 22 2970 l
65 2851 251 2932 existimant,
275 2853 421 2937 praefato
455 2877 580 2920 canone
613 2856 711 2918 etiam
736 2851 886 2916 collatam
915 2873 984 2914 esse
1008 2852 1160 2936 episeopo

65 2943 184 3012 t'Ptano
218 2902 411 3034 dignitatem
443 2962 475 3015 et
506 2961 698 3042 potestatem
730 2959 786 3035 pa
773 2947 1019 3013 marchisam
1011 2970 1045 3012 111
1074 2948 1160 3011 dioe-

20 3063 21 3070 ‘
65 3065 141 3109 ceses
164 3047 370 3132 Thraeiciam,
393 3051 565 3116 Ponticam
599 3060 631 3113 et
661 3049 765 3114 Asiat
743 3058 852 3112 ticam.
898 3045 1015 3110 Merito
1046 3044 1159 3110 idalii

64 3154 192 3227 negant3
218 3146 458 3232 jurisdictionis
489 3148 577 3212 enim
605 3157 749 3234 potestas
782 3143 892 3208 verbis
915 3143 1002 3208 illius
1026 3144 1161 3208 canonis

64 3261 120 3304 non
151 3170 379 3330 amplificatur.
426 3245 491 3310 Sed
524 3268 610 3330 vaga
643 3245 698 3308 illa
731 3244 941 3329 expressione
973 3263 1012 3305 ae
1044 3264 1160 3328 parum

64 3337 278 3424 determinata,
310 3345 421 3408 habeat
452 3345 578 3408 amous
595 3345 778 3430 piimatam,
813 3340 914 3405 veluti
938 3363 996 3426 per
1019 3363 1052 3404 se
1076 3341 1161 3404 exci-

64 3435 185 3502 tabatur
206 3442 377 3527 episcopus
402 3441 562 3524 CPtanns,
588 3452 623 3505 ut
655 3439 846 3505 extenderet
873 3461 965 3502 suam
989 3439 1161 3503 auctorita·

65 3543 119 3597 tem
143 3545 176 3599 et
197 3535 285 3622 large
310 3563 369 3604 sua
399 3539 573 3625 privilegia
606 3540 882 3625 interpretaretur.
931 3537 1040 3618 Quum
1072 3559 1161 3622 prae-

64 3635 231 3700 eminentia
258 3635 389 3702 honoris
413 3639 442 3701 ei
468 3659 622 3702 concessa
637 3646 729 3720 esset,
754 3658 791 3700 eo
815 3634 1030 3700 fundamento
1054 3636 1161 3698 nitens

64 3731 151 3796 facile
167 3735 262 3798 etiam
288 3737 580 3821 praeeminentiam
604 3736 773 3821 potestatis
787 3733 974 3819 acquisivit.
997 3731 1161 3796 Paulatim

64 3831 144 3894 enim
177 3834 276 3896 variis
310 3855 418 3898 rerum
451 3834 616 3919 adjunctis
648 3833 771 3897 iactum
805 3841 862 3912 est,
887 3841 924 3894 ut
945 3830 1106 3894 Thraciae
1131 3841 1162 3894 et

65 3927 156 3992 Asiae
180 3932 312 3995 minoris
342 3932 434 3997 sedes
467 3931 689 4018 dependentes
722 3929 837 3993 fierent
868 3929 987 3993 asede
1012 3927 1160 4012 CPtana3

131 4089 154 4158 ¹)
174 4089 266 4146 Pntrm
293 4090 467 4158 probabiliter
494 4091 576 4144 istum
604 4105 730 4144 canonem
758 4087 932 4142 condiderunt
954 4093 1015 4154 post
1033 4085 1101 4141 alias
1119 4103 1161 4142 res

65 4170 199 4234 absolutas,
225 4171 343 4238 adeoque
367 4179 428 4239 post
455 4176 567 4226 mortem
594 4168 707 4235 Meletii,
731 4167 927 4224 ordinationem
945 4166 1077 4234 Flaviani,
1097 4165 1161 4222 Gre-

64 4249 126 4316 gorii
147 4249 308 4308 Nazianzeni
325 4251 520 4306 abdicationem
538 4257 567 4304 et
585 4249 742 4306 electionem
759 4246 888 4302 Nectarii.
