2806 4848
469 463 495 521 S.
515 463 725 533 Ohrymstomua.
1098 461 1149 518 ror

70 628 126 690 quoe
145 606 284 672 neddere
310 609 503 672 nonanes?
552 607 593 672 Ut
619 609 690 672 linc
717 629 827 671 cneum
851 607 991 693 arripiat
1013 607 1149 685 dicendi,

70 725 112 764 uon
132 705 310 768 occiderim
332 703 407 770 illoc
429 728 502 770 esee.
524 705 666 779 ..Quid
688 707 785 792 ἐρίων
806 704 983 768 Dominus?
1007 706 1046 769 ld
1067 715 1151 770 vetut

68 799 165 864 inens:
203 803 277 880 „Ne
293 801 383 888 forte
416 800 583 867 eradicetis
605 803 698 866 timul
721 813 750 866 et
774 803 942 866 triticum.“
966 803 1034 866 Hoc
1052 825 1151 889 porro

68 897 172 978 licebat,
198 911 233 964 ut
260 899 345 964 lello
376 899 543 986 caedesque
569 901 757 987 prohiberet.
806 900 914 984 Neque
944 903 1025 964 enim
1047 901 1151 964 loerc-

66 997 138 1059 tieun
158 997 296 1062 occidere
330 1009 471 1084 oportet;
502 1022 576 1062 nom
606 1001 650 1064 sic
681 996 942 1061 irreconciliabile
974 998 1086 1063 lelluru
1117 1000 1152 1061 in

66 1094 146 1158 erlem
166 1097 425 1162 introduceretur.
459 1133 502 1144 —
535 1097 597 1161 His
620 1107 724 1160 nutem
750 1095 870 1162 duobus
891 1095 1069 1160 ratiociniis
1091 1117 1152 1158 mo·

64 1205 133 1256 cetur
152 1194 197 1256 cel
227 1193 301 1257 illos
332 1190 524 1274 cohibendos,
545 1196 663 1282 primo,
687 1193 770 1279 quoi
784 1194 981 1280 serimentum
1002 1215 1066 1259 non
1089 1193 1152 1257 lae·

65 1289 171 1372 levem
196 1291 339 1370 secundo,
371 1293 455 1378 quod
476 1291 528 1356 illi
550 1291 720 1356 incurabili
740 1291 845 1356 morlo
869 1291 1058 1373 laborantes,
1082 1318 1153 1382 sren-

62 1387 170 1472 pliciun
199 1389 313 1453 luitici
341 1401 450 1454 essent.
484 1387 701 1478 'Quapropter
732 1393 761 1453 si
786 1391 834 1454 ris
859 1389 934 1454 illos
955 1393 1065 1476 puniri
1087 1395 1154 1456 sine

59 1483 198 1568 fmnmti
227 1510 324 1566 nooea,
357 1499 505 1574 exspecto
537 1497 656 1573 tempus
679 1499 895 1574 opportunum.
946 1485 1030 1562 Quid
1053 1501 1155 1555 cutem

65 1582 138 1646 cliui
159 1583 223 1648 sili
245 1584 311 1648 cult
334 1609 401 1649 cum
424 1586 518 1650 dicit:
542 1585 616 1664 „Ne
632 1585 800 1650 eradicetis
822 1585 915 1648 notul
938 1597 967 1648 et
985 1589 1154 1667 triticum“,

65 1703 138 1764 mom
158 1685 216 1746 loc
239 1684 321 1768 quod
345 1683 494 1748 ficimus?
517 1681 555 1747 Si
577 1703 667 1747 corno
689 1685 839 1747 mouentis
859 1694 894 1746 ut
916 1683 1086 1749 llaereticoo
1108 1708 1154 1750 oc·

63 1780 170 1862 edua,
196 1781 311 1846 multoe
334 1784 429 1845 etiam
451 1791 629 1855 sanctorum
655 1803 720 1845 unc
742 1781 843 1844 occidi
864 1803 985 1845 necesse
1009 1793 1072 1861 est,·
1107 1783 1156 1848 vel

64 1879 140 1940 mam
161 1878 257 1942 malti
278 1901 320 1942 ea·
340 1880 410 1944 istie
433 1878 575 1957 zizaniis,
604 1890 639 1942 ut
668 1879 835 1942 verinrnile
863 1889 919 1957 est,
942 1890 1157 1943 convertentur

63 1976 87 2036 in
100 1975 304 2060 firmentum.
343 1975 380 2041 Si
402 1999 472 2063 erqo
491 1977 586 2062 prisce
603 1975 678 2040 illos
693 1975 869 2053 eradicetis,
884 1974 1048 2061 frumento
1063 1978 1157 2040 etiarn

64 2083 175 2136 entare
199 2074 360 2154 nocebitis,
385 2076 414 2140 si
443 2073 518 2138 illoc
547 2076 601 2159 qui
626 2075 739 2138 mutati
765 2085 795 2137 et
817 2073 890 2137 loni
912 2073 996 2158 effici
1012 2083 1156 2159 possunt,

62 2171 224 2237 eodinus.
260 2173 336 2237 Non
358 2175 455 2260 iyitrrr
471 2170 617 2259 prolilet
638 2173 808 2236 lsoereticoa
830 2173 1008 2256 reprimere,
1031 2170 1158 2234 illorum

62 2289 108 2329 oro
129 2269 296 2348 clamere,
317 2270 495 2334 libertatem
509 2269 658 2355 loquendi
675 2278 821 2346 cotrcere,
845 2279 948 2333 coetus
972 2292 1076 2333 eornm
1099 2269 1157 2333 sol·

61 2387 126 2444 rere,
142 2377 246 2453 pocta
269 2391 424 2454 respuere,
448 2368 503 2432 secl
520 2365 656 2432 occidere
679 2377 771 2431 uetat.
806 2367 854 2430 Tu
866 2390 938 2432 oero
961 2365 1050 2432 illius
1071 2391 1158 2431 man-

61 2463 243 2528 mutinen
259 2465 432 2552 perpende,
455 2465 605 2552 quomodo
628 2463 746 2529 scilicet
767 2487 831 2528 non
854 2467 1038 2529 sententiam
1061 2465 1159 2530 solum

60 2559 158 2642 efferet
182 2564 351 2651 etjuleat,
375 2563 548 2628 sedetiam
570 2564 723 2627 rationem
751 2560 929 2648 eaporsct¹).
961 2603 1002 2612 --
1036 2562 1160 2628 Princi-

61 2659 141 2742 pium
175 2661 287 2744 igitur,
322 2661 547 2746 reprimendos
580 2671 612 2724 et
650 2659 846 2723 coercendos
878 2681 948 2723 esse
980 2659 1160 2725 haereticos

13 2785 16 2808 ι
60 2757 147 2820 etiam
163 2760 280 2842 poenis
293 2759 448 2840 externis,
463 2759 645 2822 universim
660 2778 773 2822 omnes
787 2757 1015 2822 admittebant.
1039 2757 1161 2844 Liquet

13 2815 17 2910 l
59 2865 169 2936 samm,
195 2856 304 2941 quoad
336 2855 589 2942 applicationem
623 2856 787 2941 principii,
816 2865 847 2918 et
870 2854 979 2942 quoad
1001 2855 1159 2940 quaestio-

58 2973 123 3016 nem
148 2962 260 3018 utrom
289 2973 394 3040 usque
424 2953 468 3017 ed
500 2952 615 3017 ultima
647 2952 809 3040 supplicia
840 2951 1083 3038 procedendum
1108 2953 1159 3036 sit,

13 3087 15 3150 ζ
59 3051 196 3114 maxime
227 3073 285 3138 pro
313 3053 415 3115 variis
445 3061 628 3137 temporum
667 3061 700 3114 et
732 3069 945 3136 personarum
985 3049 1159 3134 adjunctis,

13 3153 15 3232 l
58 3149 159 3212 varias
183 3150 328 3235 potuisse
352 3169 421 3214 esse
444 3151 631 3213 sententias.

13 3233 15 3282 l
138 3247 194 3312 35.
219 3245 409 3312 Generatim
434 3249 532 3311 etiam
556 3246 650 3311 aliter
673 3246 837 3334 agendm
862 3269 931 3310 esse
955 3246 1063 3332 quoad
1086 3267 1162 3332 gen·
1182 3251 1317 3354 Ἣξῦῑῡ*

57 3343 122 3408 tiles
146 3345 268 3410 docent
290 3345 412 3427 Patres,
437 3345 532 3410 aliter
552 3344 660 3431 quoad
684 3344 876 3409 haereticos.
921 3343 1008 3426 Illos,
1033 3343 1161 3426 docent,
1199 3323 1239 3362 ⁸⁰¹¹
1268 3323 1297 3354 ω’

58 3461 115 3506 non
140 3443 306 3526 cogendos
338 3465 409 3508 esse
441 3442 484 3507 ad
515 3441 630 3524 fidem,
669 3443 703 3506 in
730 3441 911 3506 haereticos
936 3463 1023 3524 vero,
1048 3444 1104 3528 qui
1129 3443 1162 3506 vi

57 3537 210 3625 baptismi
233 3541 400 3606 Ecclesiae
428 3547 505 3605 sunt
536 3540 684 3626 subjecti,
719 3539 776 3603 sed
808 3536 943 3604 rebelles
967 3550 1051 3622 sunt,
1077 3549 1162 3603 coer-

57 3639 176 3704 citione
199 3641 251 3723 agi
275 3661 380 3726 posse.
400 3677 443 3686 —-
457 3637 649 3702 Haereticoe
673 3657 777 3722 porro,
803 3639 994 3722 praesertim
1017 3647 1164 3724 tempore

57 3738 260 3802 nascentium
284 3735 465 3819 haeresum,
488 3757 555 3800 non
571 3735 802 3821 supponendos
825 3757 895 3800 esse
920 3737 953 3802 in
976 3734 1064 3799 bona
1088 3735 1163 3818 lide,

57 3833 150 3899 facile
176 3845 274 3920 patet.
320 3836 423 3899 Nemo
448 3835 534 3898 enim
566 3835 636 3897 sine
659 3843 794 3918 peccato
826 3833 918 3916 gravi
943 3855 963 3896 a
986 3855 1065 3896 vera
1088 3833 1164 3896 deli-

57 3935 97 3995 cit
120 3933 205 4014 fida
228 3943 260 3996 et
284 3933 418 3996 historia
433 3931 613 3995 Arianismi
629 3931 801 3995 manifeste
825 3929 975 4010 ostendit,
994 3929 1165 3994 Praesules

59 4133 264 4144 -...-—-—.

129 4253 135 4278 ¹
140 4265 151 4324 j
171 4249 204 4302 ln
223 4247 397 4313 llatthnenm,
415 4244 513 4300 Homil.
532 4246 575 4298 46.
594 4259 620 4299 n.
640 4245 665 4302 2.
