2900 4800
442 474 484 528 De
502 473 620 529 Concilio
639 475 806 529 onumerico
824 483 910 532 serta.
1182 479 1236 534 445

112 621 185 706 jam
209 619 383 683 veniamus
420 615 462 680 ad
496 639 534 680 ea
565 637 650 702 quae
674 619 708 681 in
742 638 841 682 cansa
865 619 1005 684 Honorii
1030 622 1062 686 in
1088 621 1235 688 Concilio

116 725 252 803 peracta
275 725 361 780 sunt.

209 815 260 879 te.
284 813 480 877 InAetione
502 811 571 876 XII
594 811 699 877 lectae
723 823 799 878 sunt
823 814 960 901 epistola
984 815 1089 901 Sergii
1114 817 1156 882 ad
1171 817 1237 884 Ho-

117 915 266 994 norinm,
290 920 322 976 et
344 910 482 998 epistola
504 911 612 996 prima
636 931 701 996 qua
723 911 891 976 Honorius
921 913 1035 998 Sergio
1058 913 1237 1003 respondit,

118 1034 161 1076 ex
195 1010 308 1075 codice
341 1029 438 1094 quem
464 1009 630 1072 Macarius
662 1008 890 1074 Antiochenus
920 1009 1092 1078 obtulerat.
1138 1013 1237 1080 Geor-

117 1111 192 1196 gius
217 1127 295 1172 vera
320 1107 480 1171 diaconus
515 1115 547 1168 et
571 1104 811 1192 chartophylax
838 1109 952 1194 jassus
976 1119 1089 1175 estex
1113 1110 1238 1177 charto-

118 1205 274 1294 phylacio
298 1203 490 1291 patriarchii
523 1203 727 1289 exemplaria
760 1205 952 1271 authentica
979 1209 1111 1291 alieri-e,
1136 1219 1173 1273 ut
1196 1233 1238 1276 ex

119 1304 293 1370 collatione
318 1311 500 1384 constaret,
529 1325 572 1366 an
596 1303 760 1387 genuinae
791 1315 823 1367 et
850 1305 1058 1393 incorruptae
1082 1308 1238 1394 epistolae

119 1414 237 1468 essent.
286 1400 404 1466 Allatis
427 1401 479 1466 his
503 1398 765 1485 exemplaribus,
791 1400 919 1466 collatio
943 1403 1031 1468 facta
1055 1413 1112 1472 est.
1148 1405 1238 1471 Dici·

118 1511 174 1565 tur
196 1502 231 1564 iu
264 1499 377 1564 Actis:
410 1499 487 1562 Item
505 1497 653 1584 prolatae
677 1507 723 1562 eet
755 1497 839 1562 aliae
870 1501 969 1564 eadee
992 1503 1054 1566 eive
1077 1516 1229 1591 repertam

118 1599 266 1663 relectam
289 1595 436 1661 timiditas
461 1619 525 1683 per
547 1596 685 1660 eamdem
715 1595 896 1682 religiosam
919 1597 1105 1665 Antiochum
1128 1601 1237 1690 (lecto-

118 1695 222 1782 rem),
245 1695 362 1759 hahens
384 1693 550 1780 epistolam
574 1692 678 1778 Serpit
700 1695 856 1780 qnondam
883 1697 1090 1782 patriarchae
1117 1697 1240 1765 CPtana‘

119 1795 165 1860 od
198 1795 376 1858 Honordnm
407 1793 565 1878 qawndam
591 1815 716 1878 papam
747 1793 932 1857 Romanum.
979 1795 1022 1858 Et
1053 1795 1171 1861 collata
1193 1809 1239 1862 eat

119 1915 189 1960 erun
219 1892 323 1956 codiee
357 1893 411 1976 qui
441 1913 464 1954 a
486 1891 633 1954 Macarta
666 1890 761 1954 datae
793 1901 839 1954 eet
855 1892 1002 1977 piissimo
1020 1895 1186 1980 principi‚·
1209 1905 1239 1958 et

119 1991 269 2057 constitit.
318 1986 472 2052 Similiter
489 1985 625 2075 prolata
648 1999 695 2052 est
716 2009 738 2051 a
764 1987 899 2074 Geor-pio
921 1990 991 2053 Dea
1014 1991 1148 2055 amabili
1170 1993 1237 2056 dia·

119 2109 196 2154 cono
212 2098 242 2152 et
256 2084 492 2172 chartophylace
515 2083 650 2172 epistola
673 2086 851 2150 anthentica
867 2085 971 2150 latiae
987 2087 1125 2151 Honorii
1144 2111 1238 2174 qnon-

120 2189 196 2252 dam
219 2209 330 2272 papae
352 2185 491 2248 Romani
513 2184 558 2247 ad
581 2182 722 2269 Serpiam
746 2184 902 2270 qnondam
918 2187 1139 2271 patriarcham
1156 2185 1238 2252 CPo·

122 2285 201 2363 taos,
225 2307 292 2348 nno
314 2306 383 2348 essm
405 2287 472 2372 ajars
494 2282 754 2367 interpretatione
764 2331 773 2360 ,
798 2293 828 2345 et
851 2280 969 2347 collata
992 2296 1038 2348 eet
1061 2285 1169 2349 eadem
1192 2283 1237 2350 la·

122 2385 192 2448 tino
215 2380 352 2468 epistola
379 2403 440 2467 per
462 2380 620 2444 Jaannem
652 2380 942 2445 reverendissimam
964 2383 1142 2468 episcopam
1165 2383 1239 2447 aini-

123 2483 199 2546 tatis
231 2481 429 2556 Par-toeneio,
453 2479 508 2564 qai
534 2499 616 2542 anns
639 2479 761 2540 eaetitit
783 2477 821 2540 de
848 2475 979 2542 canalio
1003 2482 1152 2565 antiquae
1175 2483 1238 2545 Ro·

121 2601 212 2658 mae,·
235 2588 265 2641 et
287 2577 439 2640 constitit.
487 2575 830 2639 Animadvertendum
851 2586 914 2657 est,
938 2575 1061 2659 legatos
1074 2577 1239 2642 Romanos

121 2679 156 2741 in
182 2673 324 2740 Actione
347 2673 413 2754 III,
438 2694 541 2760 quum
565 2672 788 2759 proferrentur
812 2673 1016 2752 infusorem
1040 2673 1239 2739 hlonothele·

121 2776 211 2839 tismi
245 2770 379 2859 eptatola
403 2771 539 2836 Menona
572 2771 616 2834 ad
645 2771 810 2857 thttiam,
840 2781 873 2834 et
895 2771 978 2835 dnae
1006 2771 1158 2858 epistolae
1188 2774 1237 2837 Vi·

120 2871 214 2956 attii,
246 2869 460 2934 vehementer
491 2868 685 2932 reclamasse
719 2879 831 2933 contra
858 2871 1097 2953 genuinitatem
1121 2869 1238 2936 horum

123 2971 414 3050 documentorum,
439 2976 471 3031 et
493 2969 706 3053 inquisitione
729 2967 817 3031 faeta
840 2967 922 3031 haec
946 2968 1104 3053 opuscula
1126 2972 1240 3054 agnita

122 3069 225 3134 fuisse
249 3074 286 3130 ut
308 3067 476 3152 supposita
499 3065 552 3130 vel
570 3075 734 3150 corrupta.
780 3065 868 3130 Hinc
892 3087 957 3131 non
982 3075 1040 3146 est,
1058 3088 1117 3129 cur
1140 3067 1239 3152 negli-

122 3165 256 3253 gentiae
279 3164 404 3249 legatos
426 3185 629 3228 accusemus.
658 3163 758 3227 Haud
782 3165 997 3250 supponimus
1021 3163 1165 3248 quidem,
1180 3167 1239 3230 sic·
1302 3203 1307 3214 ·

123 3267 171 3329 uti
203 3263 338 3349 quidam
370 3270 535 3341 auctores,
560 3280 615 3325 eos
640 3260 745 3325 Roma
768 3261 958 3348 apographa
981 3263 1150 3348 prImitiva
1174 3265 1238 3349 epi-

122 3359 280 3426 stolarum
312 3360 450 3424 Honorii
483 3357 649 3440 attulisse3
680 3381 774 3442 nam,
805 3361 853 3423 uti
878 3361 1106 3446 exposuimus,
1131 3381 1239 3426 oense-

123 3481 198 3524 mns
221 3459 330 3546 potius
354 3455 514 3544 ejusmodi
539 3457 730 3544 apographa
754 3459 788 3521 in
812 3455 970 3522 archiriis
993 3457 1150 3522 Romanis
1172 3479 1239 3523 non

123 3559 235 3623 suisse.
282 3556 438 3620 Attamen
463 3577 504 3619 ex
528 3557 681 3619 examine
712 3555 767 3620 illo
791 3558 939 3620 instituta
964 3557 1042 3620 satis
1066 3555 1238 3642 colligitur,

124 3655 251 3722 nullum
276 3654 453 3738 vestigium
477 3653 712 3738 suppositionis
728 3653 780 3718 vel
796 3655 1013 3740 corruptionis
1037 3655 1071 3718 in
1096 3653 1241 3739 epistolis

123 3754 230 3836 Sergii
256 3761 288 3815 et
311 3752 449 3816 Honorii
482 3753 583 3816 fuisse
607 3751 783 3816 detectum.
829 3752 903 3816 Hoc
935 3759 1166 3836 argumentum
1189 3773 1240 3816 ac·

123 3851 215 3917 cedit
244 3849 317 3914 aliis
350 3849 451 3913 variis
474 3845 676 3931 rationibus,
708 3848 749 3914 ob
774 3871 954 3937 quaecum
979 3851 1144 3913 communi
1170 3871 1239 3914 sen-

124 3949 228 4015 tentia
242 3957 410 4028 tenemus,
435 3947 672 4032 genuiuitatem
697 3945 908 4033 epistolarum
923 3947 1029 4031 Sergii
1054 3955 1086 4010 et
1099 3945 1238 4011 Honorii
1357 4013 1366 4032 ⁴

123 4045 363 4113 admittendam
389 4045 499 4130 esse1).

199 4171 218 4236 'l
237 4169 403 4240 Fragmenta
431 4169 562 4224 secundae
590 4168 718 4236 epistolae
745 4165 857 4222 Honorli
885 4167 919 4221 ed
937 4165 1060 4236 Sergium
1079 4167 1108 4223 iu
1126 4167 1241 4222 Aetione

123 4251 194 4308 XIII
210 4252 326 4306 recitata
343 4255 421 4316 sunt,
439 4265 489 4304 nce
506 4249 590 4303 ullum
603 4247 712 4304 dubiam
729 4249 763 4303 de
783 4261 873 4302 eorum
886 4247 1058 4316 genuInitotc
1068 4253 1169 4302 motum
1181 4254 1232 4303 est.
