<?xml version="1.0" encoding="UTF-8"?>
<!DOCTYPE html PUBLIC "-//W3C//DTD XHTML 1.0 Transitional//EN"
    "http://www.w3.org/TR/xhtml1/DTD/xhtml1-transitional.dtd">
<html xmlns="http://www.w3.org/1999/xhtml" xml:lang="en" lang="en">
 <head>
  <title>
</title>
<meta http-equiv="Content-Type" content="text/html;charset=utf-8" />
  <meta name='ocr-system' content='tesseract 3.04.00' />
  <meta name='ocr-capabilities' content='ocr_page ocr_carea ocr_par ocr_line ocrx_word'/>
</head>
<body>
  <div class='ocr_page' id='page_1' title='image "./dissertationess02junggoog_0261.png"; bbox 0 0 2852 4826; ppageno 0'>
   <div class='ocr_carea' id='block_1_1' title="bbox 251 447 1032 519">
    <p class='ocr_par' dir='ltr' id='par_1_1' title="bbox 251 447 1032 519">
     <span class='ocr_line' id='line_1_1' title="bbox 251 447 1032 519; baseline -0.008 -7"><span class='ocrx_word' id='word_1_1' title='bbox 251 455 306 512; x_wconf 71' lang='grc'><strong>112</strong></span> <span class='ocrx_word' id='word_1_2' title='bbox 588 447 1032 519; x_wconf 47' lang='lat' dir='ltr'><strong>manutenuimus</strong></span> 
     </span>
    </p>
   </div>
   <div class='ocr_carea' id='block_1_2' title="bbox 100 593 1406 1268">
    <p class='ocr_par' dir='ltr' id='par_1_2' title="bbox 250 593 1406 973">
     <span class='ocr_line' id='line_1_2' title="bbox 251 593 1406 682; baseline 0.003 -19"><span class='ocrx_word' id='word_1_3' title='bbox 251 593 612 682; x_wconf 77' lang='lat' dir='ltr'><strong>Philosopboumenon,</strong></span> <span class='ocrx_word' id='word_1_4' title='bbox 646 594 734 680; x_wconf 90' lang='lat' dir='ltr'><strong>quod</strong></span> <span class='ocrx_word' id='word_1_5' title='bbox 767 605 855 660; x_wconf 85' lang='lat' dir='ltr'><strong>certe</strong></span> <span class='ocrx_word' id='word_1_6' title='bbox 890 605 965 681; x_wconf 82' lang='lat' dir='ltr'><strong>post</strong></span> <span class='ocrx_word' id='word_1_7' title='bbox 994 607 1134 664; x_wconf 86' lang='lat' dir='ltr'><strong>mortem</strong></span> <span class='ocrx_word' id='word_1_8' title='bbox 1171 597 1206 666; x_wconf 85' lang='lat' dir='ltr'><strong>S.</strong></span> <span class='ocrx_word' id='word_1_9' title='bbox 1242 599 1406 668; x_wconf 78' lang='lat' dir='ltr'><strong>Callisti</strong></span> 
     </span>
     <span class='ocr_line' id='line_1_3' title="bbox 250 691 1406 784; baseline 0.005 -24"><span class='ocrx_word' id='word_1_10' title='bbox 250 694 441 760; x_wconf 78' lang='lat' dir='ltr'><strong>confectum</strong></span> <span class='ocrx_word' id='word_1_11' title='bbox 473 704 538 774; x_wconf 83' lang='lat' dir='ltr'><strong>cat,</strong></span> <span class='ocrx_word' id='word_1_12' title='bbox 570 691 716 758; x_wconf 80' lang='lat' dir='ltr'><strong>adscribi</strong></span> <span class='ocrx_word' id='word_1_13' title='bbox 738 706 857 778; x_wconf 75' lang='lat' dir='ltr'><strong>posset</strong></span> <span class='ocrx_word' id='word_1_14' title='bbox 902 693 955 758; x_wconf 82' lang='lat' dir='ltr'><strong>lta</strong></span> <span class='ocrx_word' id='word_1_15' title='bbox 984 695 1178 780; x_wconf 71' lang='lat' dir='ltr'><strong>explicatur,</strong></span> <span class='ocrx_word' id='word_1_16' title='bbox 1202 702 1406 784; x_wconf 85' lang='lat' dir='ltr'><strong>quomodo</strong></span> 
     </span>
     <span class='ocr_line' id='line_1_4' title="bbox 252 790 1404 878; baseline -0.002 -20"><span class='ocrx_word' id='word_1_17' title='bbox 252 794 340 858; x_wconf 83' lang='lat' dir='ltr'><strong>iuter</strong></span> <span class='ocrx_word' id='word_1_18' title='bbox 369 791 552 856; x_wconf 86' lang='lat' dir='ltr'><strong>haereticos</strong></span> <span class='ocrx_word' id='word_1_19' title='bbox 584 791 683 854; x_wconf 85' lang='lat' dir='ltr'><strong>etiam</strong></span> <span class='ocrx_word' id='word_1_20' title='bbox 714 790 864 874; x_wconf 79' lang='lat' dir='ltr'>Phryges</span> <span class='ocrx_word' id='word_1_21' title='bbox 895 803 1078 874; x_wconf 75' lang='lat' dir='ltr'><strong>recenseat,</strong></span> <span class='ocrx_word' id='word_1_22' title='bbox 1111 815 1235 878; x_wconf 78' lang='lat' dir='ltr'><strong>magns</strong></span> <span class='ocrx_word' id='word_1_23' title='bbox 1263 807 1404 864; x_wconf 69' lang='lat' dir='ltr'><strong>tamen</strong></span> 
     </span>
     <span class='ocr_line' id='line_1_5' title="bbox 252 887 928 973; baseline -0.004 -17"><span class='ocrx_word' id='word_1_24' title='bbox 252 912 330 956; x_wconf 79' lang='lat' dir='ltr'><strong>cum</strong></span> <span class='ocrx_word' id='word_1_25' title='bbox 353 889 575 954; x_wconf 78' lang='lat' dir='ltr'><strong>moderatione</strong></span> <span class='ocrx_word' id='word_1_26' title='bbox 599 887 641 952; x_wconf 90' lang='lat' dir='ltr'><strong>de</strong></span> <span class='ocrx_word' id='word_1_27' title='bbox 663 889 743 972; x_wconf 79' lang='lat' dir='ltr'><strong>ipsis</strong></span> <span class='ocrx_word' id='word_1_28' title='bbox 765 887 928 973; x_wconf 86' lang='lat' dir='ltr'><strong>loquatur.</strong></span> 
     </span>
    </p>

    <p class='ocr_par' dir='ltr' id='par_1_3' title="bbox 100 984 1405 1268">
     <span class='ocr_line' id='line_1_6' title="bbox 100 984 1404 1071; baseline 0.007 -21"><span class='ocrx_word' id='word_1_29' title='bbox 100 995 236 1042; x_wconf 66' lang='lat' dir='ltr'><strong>ammte</strong></span> <span class='ocrx_word' id='word_1_30' title='bbox 342 987 395 1050; x_wconf 89' lang='grc'><strong>90.</strong></span> <span class='ocrx_word' id='word_1_31' title='bbox 419 985 558 1071; x_wconf 81' lang='lat' dir='ltr'><strong>Reliqua</strong></span> <span class='ocrx_word' id='word_1_32' title='bbox 588 1006 673 1069; x_wconf 88' lang='lat' dir='ltr'><strong>quae</strong></span> <span class='ocrx_word' id='word_1_33' title='bbox 702 1007 779 1050; x_wconf 87' lang='lat' dir='ltr'><strong>eum</strong></span> <span class='ocrx_word' id='word_1_34' title='bbox 811 984 921 1052; x_wconf 87' lang='lat' dir='ltr'><strong>indole</strong></span> <span class='ocrx_word' id='word_1_35' title='bbox 944 986 1139 1055; x_wconf 74' lang='lat' dir='ltr'><strong>Tertulliani</strong></span> <span class='ocrx_word' id='word_1_36' title='bbox 1163 995 1404 1059; x_wconf 84' lang='lat' dir='ltr'><strong>conveniunt</strong></span> 
     </span>
     <span class='ocr_line' id='line_1_7' title="bbox 252 1081 1405 1177; baseline 0.005 -27"><span class='ocrx_word' id='word_1_37' title='bbox 252 1087 414 1152; x_wconf 72' lang='lat' dir='ltr'><strong>conmune</strong></span> <span class='ocrx_word' id='word_1_38' title='bbox 429 1082 837 1168; x_wconf 76' lang='lat' dir='ltr'><strong>exposueruntArmellini</strong></span> <span class='ocrx_word' id='word_1_39' title='bbox 853 1085 954 1149; x_wconf 86' lang='lat' dir='ltr'><strong>variis</strong></span> <span class='ocrx_word' id='word_1_40' title='bbox 971 1081 1193 1152; x_wconf 74' lang='lat' dir='ltr'><strong>Commentait&#39;</strong></span> <span class='ocrx_word' id='word_1_41' title='bbox 1208 1089 1266 1150; x_wconf 88' lang='lat' dir='ltr'><strong>sni</strong></span> <span class='ocrx_word' id='word_1_42' title='bbox 1295 1095 1405 1177; x_wconf 81' lang='lat' dir='ltr'><strong>capi-</strong></span> 
     </span>
     <span class='ocr_line' id='line_1_8' title="bbox 253 1179 1404 1268; baseline 0.003 -20"><span class='ocrx_word' id='word_1_43' title='bbox 253 1183 352 1265; x_wconf 80' lang='lat' dir='ltr'><strong>tibus,</strong></span> <span class='ocrx_word' id='word_1_44' title='bbox 385 1193 484 1268; x_wconf 77' lang='lat' dir='ltr'><strong>atque</strong></span> <span class='ocrx_word' id='word_1_45' title='bbox 514 1179 569 1246; x_wconf 90' lang='lat' dir='ltr'><strong>De</strong></span> <span class='ocrx_word' id='word_1_46' title='bbox 591 1179 686 1244; x_wconf 85' lang='lat' dir='ltr'><strong>Rosci</strong></span> <span class='ocrx_word' id='word_1_47' title='bbox 719 1182 753 1244; x_wconf 90' lang='lat' dir='ltr'><strong>iu</strong></span> <span class='ocrx_word' id='word_1_48' title='bbox 785 1181 920 1266; x_wconf 76' lang='lat' dir='ltr'><strong>Epilopo</strong></span> <span class='ocrx_word' id='word_1_49' title='bbox 952 1181 996 1246; x_wconf 86' lang='lat' dir='ltr'><strong>ad</strong></span> <span class='ocrx_word' id='word_1_50' title='bbox 1027 1182 1321 1252; x_wconf 85' lang='lat' dir='ltr'><strong>Dissertationem</strong></span> <span class='ocrx_word' id='word_1_51' title='bbox 1353 1191 1404 1254; x_wconf 82' lang='lat' dir='ltr'><strong>de</strong></span> 
     </span>
    </p>
   </div>
   <div class='ocr_carea' id='block_1_3' title="bbox 252 1277 1405 1665">
    <p class='ocr_par' dir='ltr' id='par_1_4' title="bbox 252 1277 1405 1665">
     <span class='ocr_line' id='line_1_9' title="bbox 253 1277 1404 1372; baseline 0.008 -28"><span class='ocrx_word' id='word_1_52' title='bbox 253 1281 336 1346; x_wconf 88' lang='lat' dir='ltr'><strong>libro</strong></span> <span class='ocrx_word' id='word_1_53' title='bbox 358 1277 714 1364; x_wconf 85' lang='lat' dir='ltr'><strong>Philosophoumenon.</strong></span> <span class='ocrx_word' id='word_1_54' title='bbox 742 1314 787 1324; x_wconf 89' lang='lat'>-</span> <span class='ocrx_word' id='word_1_55' title='bbox 817 1277 935 1363; x_wconf 82' lang='lat' dir='ltr'><strong>Itaque</strong></span> <span class='ocrx_word' id='word_1_56' title='bbox 963 1279 1131 1344; x_wconf 77' lang='lat' dir='ltr'><strong>refuundi</strong></span> <span class='ocrx_word' id='word_1_57' title='bbox 1161 1282 1292 1349; x_wconf 84' lang='lat' dir='ltr'><strong>modus</strong></span> <span class='ocrx_word' id='word_1_58' title='bbox 1320 1309 1404 1372; x_wconf 91' lang='lat' dir='ltr'><strong>quo</strong></span> 
     </span>
     <span class='ocr_line' id='line_1_10' title="bbox 252 1375 1404 1462; baseline 0.009 -22"><span class='ocrx_word' id='word_1_59' title='bbox 252 1379 380 1444; x_wconf 81' lang='lat' dir='ltr'><strong>Auctor</strong></span> <span class='ocrx_word' id='word_1_60' title='bbox 389 1380 502 1458; x_wconf 76' lang='lat' dir='ltr'><strong>utimr,</strong></span> <span class='ocrx_word' id='word_1_61' title='bbox 526 1377 634 1461; x_wconf 89' lang='lat' dir='ltr'><strong>operis</strong></span> <span class='ocrx_word' id='word_1_62' title='bbox 658 1377 820 1458; x_wconf 74' lang='lat' dir='ltr'><strong>materies,</strong></span> <span class='ocrx_word' id='word_1_63' title='bbox 844 1375 991 1462; x_wconf 87' lang='lat' dir='ltr'><strong>reliquae</strong></span> <span class='ocrx_word' id='word_1_64' title='bbox 1014 1379 1404 1451; x_wconf 82' lang='lat' dir='ltr'><strong>auetorislucnbratio·</strong></span> 
     </span>
     <span class='ocr_line' id='line_1_11' title="bbox 252 1473 1405 1558; baseline 0.004 -17"><span class='ocrx_word' id='word_1_65' title='bbox 252 1499 311 1542; x_wconf 81' lang='lat' dir='ltr'><strong>nes</strong></span> <span class='ocrx_word' id='word_1_66' title='bbox 326 1475 566 1540; x_wconf 75' lang='lat' dir='ltr'><strong>Tertullianum</strong></span> <span class='ocrx_word' id='word_1_67' title='bbox 589 1473 784 1538; x_wconf 89' lang='lat' dir='ltr'><strong>obtendunt.</strong></span> <span class='ocrx_word' id='word_1_68' title='bbox 829 1473 907 1558; x_wconf 86' lang='lat' dir='ltr'><strong>lpsa</strong></span> <span class='ocrx_word' id='word_1_69' title='bbox 931 1474 1096 1542; x_wconf 85' lang='lat' dir='ltr'><strong>refutandi</strong></span> <span class='ocrx_word' id='word_1_70' title='bbox 1120 1479 1204 1542; x_wconf 86' lang='lat' dir='ltr'><strong>ratio</strong></span> <span class='ocrx_word' id='word_1_71' title='bbox 1230 1489 1312 1546; x_wconf 83' lang='lat' dir='ltr'><strong>turn</strong></span> <span class='ocrx_word' id='word_1_72' title='bbox 1344 1497 1405 1548; x_wconf 80' lang='lat' dir='ltr'><strong>eat</strong></span> 
     </span>
     <span class='ocr_line' id='line_1_12' title="bbox 253 1571 1403 1665; baseline 0 -27"><span class='ocrx_word' id='word_1_73' title='bbox 253 1573 448 1640; x_wconf 76' lang='lat' dir='ltr'><strong>Tertulliani</strong></span> <span class='ocrx_word' id='word_1_74' title='bbox 471 1571 602 1658; x_wconf 88' lang='lat' dir='ltr'><strong>placitis</strong></span> <span class='ocrx_word' id='word_1_75' title='bbox 625 1583 855 1654; x_wconf 86' lang='lat' dir='ltr'><strong>consentanea,</strong></span> <span class='ocrx_word' id='word_1_76' title='bbox 872 1573 957 1636; x_wconf 89' lang='lat' dir='ltr'><strong>utin</strong></span> <span class='ocrx_word' id='word_1_77' title='bbox 973 1571 1072 1656; x_wconf 85' lang='lat' dir='ltr'><strong>hujus</strong></span> <span class='ocrx_word' id='word_1_78' title='bbox 1093 1574 1256 1658; x_wconf 81' lang='lat' dir='ltr'><strong>operibus</strong></span> <span class='ocrx_word' id='word_1_79' title='bbox 1283 1587 1403 1665; x_wconf 58' lang='lat' dir='ltr'><strong>quasi</strong></span> 
     </span>
    </p>
   </div>
   <div class='ocr_carea' id='block_1_4' title="bbox 246 1668 1404 4299">
    <p class='ocr_par' dir='ltr' id='par_1_5' title="bbox 246 1668 1404 4299">
     <span class='ocr_line' id='line_1_13' title="bbox 252 1668 1403 1754; baseline 0.001 -16"><span class='ocrx_word' id='word_1_80' title='bbox 252 1673 401 1754; x_wconf 76' lang='lat' dir='ltr'><strong>germina</strong></span> <span class='ocrx_word' id='word_1_81' title='bbox 423 1671 641 1754; x_wconf 85' lang='lat' dir='ltr'><strong>reperiantur,</strong></span> <span class='ocrx_word' id='word_1_82' title='bbox 666 1668 754 1734; x_wconf 89' lang='lat' dir='ltr'><strong>unde</strong></span> <span class='ocrx_word' id='word_1_83' title='bbox 768 1691 887 1752; x_wconf 82' lang='lat' dir='ltr'><strong>graeca</strong></span> <span class='ocrx_word' id='word_1_84' title='bbox 911 1669 992 1734; x_wconf 87' lang='lat' dir='ltr'><strong>haee</strong></span> <span class='ocrx_word' id='word_1_85' title='bbox 1016 1669 1190 1736; x_wconf 77' lang='lat' dir='ltr'><strong>haeresum</strong></span> <span class='ocrx_word' id='word_1_86' title='bbox 1214 1673 1403 1746; x_wconf 70' lang='lat' dir='ltr'><strong>refutatio</strong></span> 
     </span>
     <span class='ocr_line' id='line_1_14' title="bbox 251 1765 1402 1858; baseline 0.01 -26"><span class='ocrx_word' id='word_1_87' title='bbox 251 1768 386 1836; x_wconf 81' lang='lat' dir='ltr'><strong>videtur</strong></span> <span class='ocrx_word' id='word_1_88' title='bbox 417 1766 609 1835; x_wconf 83' lang='lat' dir='ltr'><strong>effloruisse.</strong></span> <span class='ocrx_word' id='word_1_89' title='bbox 656 1765 878 1832; x_wconf 84' lang='lat' dir='ltr'><strong>Tertullianus</strong></span> <span class='ocrx_word' id='word_1_90' title='bbox 908 1769 996 1832; x_wconf 87' lang='lat' dir='ltr'><strong>enim</strong></span> <span class='ocrx_word' id='word_1_91' title='bbox 1027 1789 1103 1835; x_wconf 87' lang='lat' dir='ltr'><strong>cum</strong></span> <span class='ocrx_word' id='word_1_92' title='bbox 1131 1769 1214 1836; x_wconf 81' lang='lat' dir='ltr'><strong>alibi</strong></span> <span class='ocrx_word' id='word_1_93' title='bbox 1248 1781 1402 1858; x_wconf 83' lang='lat' dir='ltr'><strong>passim</strong></span> 
     </span>
     <span class='ocr_line' id='line_1_15' title="bbox 253 1863 1404 1958; baseline 0.007 -28"><span class='ocrx_word' id='word_1_94' title='bbox 253 1891 271 1930; x_wconf 89' lang='lat' dir='ltr'><strong>e</strong></span> <span class='ocrx_word' id='word_1_95' title='bbox 294 1865 562 1951; x_wconf 83' lang='lat' dir='ltr'><strong>philosophorum</strong></span> <span class='ocrx_word' id='word_1_96' title='bbox 586 1863 716 1948; x_wconf 85' lang='lat' dir='ltr'><strong>placitis</strong></span> <span class='ocrx_word' id='word_1_97' title='bbox 728 1886 769 1928; x_wconf 90' lang='lat' dir='ltr'><strong>ae</strong></span> <span class='ocrx_word' id='word_1_98' title='bbox 784 1863 925 1930; x_wconf 77' lang='lat' dir='ltr'><strong>decretis</strong></span> <span class='ocrx_word' id='word_1_99' title='bbox 938 1867 1057 1951; x_wconf 88' lang='lat' dir='ltr'><strong>repetit</strong></span> <span class='ocrx_word' id='word_1_100' title='bbox 1070 1865 1234 1952; x_wconf 86' lang='lat' dir='ltr'><strong>haereses,</strong></span> <span class='ocrx_word' id='word_1_101' title='bbox 1262 1895 1404 1958; x_wconf 86' lang='lat' dir='ltr'><strong>quern-</strong></span> 
     </span>
     <span class='ocr_line' id='line_1_16' title="bbox 252 1961 1403 2047; baseline 0.003 -17"><span class='ocrx_word' id='word_1_102' title='bbox 252 1963 431 2030; x_wconf 83' lang='lat' dir='ltr'><strong>admodum</strong></span> <span class='ocrx_word' id='word_1_103' title='bbox 447 1963 573 2028; x_wconf 85' lang='lat' dir='ltr'><strong>Auctor</strong></span> <span class='ocrx_word' id='word_1_104' title='bbox 590 1961 944 2047; x_wconf 69' lang='lat' dir='ltr'><strong>Philosophoumenou</strong></span> <span class='ocrx_word' id='word_1_105' title='bbox 970 1975 1039 2028; x_wconf 90' lang='lat' dir='ltr'><strong>tum</strong></span> <span class='ocrx_word' id='word_1_106' title='bbox 1063 1967 1267 2035; x_wconf 85' lang='lat' dir='ltr'><strong>nominatim</strong></span> <span class='ocrx_word' id='word_1_107' title='bbox 1294 1971 1403 2040; x_wconf 83' lang='lat' dir='ltr'><strong>libra</strong></span> 
     </span>
     <span class='ocr_line' id='line_1_17' title="bbox 252 2059 1403 2146; baseline 0.003 -20"><span class='ocrx_word' id='word_1_108' title='bbox 252 2063 301 2126; x_wconf 84' lang='lat' dir='ltr'><strong>De</strong></span> <span class='ocrx_word' id='word_1_109' title='bbox 329 2060 636 2146; x_wconf 78' lang='lat' dir='ltr'><strong>Praeruiptiouibur</strong></span> <span class='ocrx_word' id='word_1_110' title='bbox 668 2082 696 2124; x_wconf 86' lang='lat' dir='ltr'><strong>e.</strong></span> <span class='ocrx_word' id='word_1_111' title='bbox 728 2061 771 2124; x_wconf 85' lang='lat'><strong>43</strong></span> <span class='ocrx_word' id='word_1_112' title='bbox 804 2059 887 2124; x_wconf 84' lang='lat' dir='ltr'><strong>haee</strong></span> <span class='ocrx_word' id='word_1_113' title='bbox 918 2059 1027 2142; x_wconf 83' lang='lat' dir='ltr'><strong>babet,</strong></span> <span class='ocrx_word' id='word_1_114' title='bbox 1061 2062 1182 2146; x_wconf 84' lang='lat' dir='ltr'><strong>quibus</strong></span> <span class='ocrx_word' id='word_1_115' title='bbox 1213 2069 1403 2138; x_wconf 70' lang='lat' dir='ltr'><strong>universa</strong></span> 
     </span>
     <span class='ocr_line' id='line_1_18' title="bbox 253 2156 1403 2244; baseline 0.005 -20"><span class='ocrx_word' id='word_1_116' title='bbox 253 2159 352 2244; x_wconf 89' lang='lat' dir='ltr'><strong>hujus</strong></span> <span class='ocrx_word' id='word_1_117' title='bbox 375 2159 482 2242; x_wconf 84' lang='lat' dir='ltr'><strong>operis</strong></span> <span class='ocrx_word' id='word_1_118' title='bbox 504 2156 691 2222; x_wconf 85' lang='lat' dir='ltr'><strong>distributio</strong></span> <span class='ocrx_word' id='word_1_119' title='bbox 715 2180 781 2226; x_wconf 86' lang='lat' dir='ltr'><strong>non</strong></span> <span class='ocrx_word' id='word_1_120' title='bbox 806 2157 961 2242; x_wconf 81' lang='lat' dir='ltr'><strong>ambigue</strong></span> <span class='ocrx_word' id='word_1_121' title='bbox 984 2158 1218 2236; x_wconf 78' lang='lat' dir='ltr'><strong>adumbratur:</strong></span> <span class='ocrx_word' id='word_1_122' title='bbox 1247 2167 1403 2236; x_wconf 70' lang='lat' dir='ltr'><strong>Notata</strong></span> 
     </span>
     <span class='ocr_line' id='line_1_19' title="bbox 253 2252 1401 2342; baseline -0.004 -21"><span class='ocrx_word' id='word_1_123' title='bbox 253 2256 350 2342; x_wconf 83' lang='lat' dir='ltr'><strong>(forte</strong></span> <span class='ocrx_word' id='word_1_124' title='bbox 370 2266 449 2321; x_wconf 85' lang='lat' dir='ltr'><strong>acta</strong></span> <span class='ocrx_word' id='word_1_125' title='bbox 473 2253 526 2318; x_wconf 86' lang='lat' dir='ltr'><strong>vel</strong></span> <span class='ocrx_word' id='word_1_126' title='bbox 547 2252 705 2340; x_wconf 76' lang='lat' dir='ltr'><strong>notanda)</strong></span> <span class='ocrx_word' id='word_1_127' title='bbox 729 2266 802 2318; x_wconf 80' lang='lat' dir='ltr'><strong>ruat</strong></span> <span class='ocrx_word' id='word_1_128' title='bbox 820 2257 925 2334; x_wconf 64' lang='lat' dir='ltr'><strong>edam,</strong></span> <span class='ocrx_word' id='word_1_129' title='bbox 950 2256 1067 2340; x_wconf 82' lang='lat' dir='ltr'><strong>inquit,</strong></span> <span class='ocrx_word' id='word_1_130' title='bbox 1092 2265 1286 2328; x_wconf 63' lang='lat' dir='ltr'><strong>communia</strong></span> <span class='ocrx_word' id='word_1_131' title='bbox 1312 2269 1401 2334; x_wconf 71' lang='lat' dir='ltr'><strong>itae-</strong></span> 
     </span>
     <span class='ocr_line' id='line_1_20' title="bbox 252 2349 1400 2440; baseline 0.007 -24"><span class='ocrx_word' id='word_1_132' title='bbox 252 2355 417 2418; x_wconf 73' lang='lat' dir='ltr'><strong>aeticorum</strong></span> <span class='ocrx_word' id='word_1_133' title='bbox 439 2375 507 2416; x_wconf 76' lang='lat' dir='ltr'><strong>alm</strong></span> <span class='ocrx_word' id='word_1_134' title='bbox 534 2354 635 2438; x_wconf 74' lang='lat' dir='ltr'><strong>mapis</strong></span> <span class='ocrx_word' id='word_1_135' title='bbox 657 2349 903 2438; x_wconf 78' lang='lat' dir='ltr'><strong>quampluribus,</strong></span> <span class='ocrx_word' id='word_1_136' title='bbox 937 2376 1004 2420; x_wconf 81' lang='lat' dir='ltr'><strong>cum</strong></span> <span class='ocrx_word' id='word_1_137' title='bbox 1027 2355 1285 2440; x_wconf 65' lang='lat' dir='ltr'><strong>circulata-ibus,</strong></span> <span class='ocrx_word' id='word_1_138' title='bbox 1317 2391 1400 2430; x_wconf 69' lang='lat' dir='ltr'><strong>carm</strong></span> 
     </span>
     <span class='ocr_line' id='line_1_21' title="bbox 253 2449 1402 2535; baseline 0.006 -22"><span class='ocrx_word' id='word_1_139' title='bbox 253 2449 429 2535; x_wconf 71' lang='lat' dir='ltr'><strong>arbalopie,</strong></span> <span class='ocrx_word' id='word_1_140' title='bbox 453 2471 520 2512; x_wconf 72' lang='lat' dir='ltr'><strong>aion</strong></span> <span class='ocrx_word' id='word_1_141' title='bbox 537 2449 742 2534; x_wconf 73' lang='lat' dir='ltr'><strong>philosoplis,</strong></span> <span class='ocrx_word' id='word_1_142' title='bbox 767 2450 946 2514; x_wconf 79' lang='lat' dir='ltr'><strong>curiositati</strong></span> <span class='ocrx_word' id='word_1_143' title='bbox 968 2450 1086 2516; x_wconf 83' lang='lat' dir='ltr'><strong>scilicet</strong></span> <span class='ocrx_word' id='word_1_144' title='bbox 1103 2452 1237 2520; x_wconf 36' lang='lat' dir='ltr'><strong>,deditia</strong></span> <span class='ocrx_word' id='word_1_145' title='bbox 1287 2461 1402 2532; x_wconf 61' lang='lat' dir='ltr'><strong>Adeo</strong></span> 
     </span>
     <span class='ocr_line' id='line_1_22' title="bbox 253 2547 1400 2639; baseline 0.003 -27"><span class='ocrx_word' id='word_1_146' title='bbox 253 2558 281 2612; x_wconf 79' lang='lat' dir='ltr'><strong>a</strong></span> <span class='ocrx_word' id='word_1_147' title='bbox 307 2547 351 2612; x_wconf 78' lang='lat' dir='ltr'><strong>de</strong></span> <span class='ocrx_word' id='word_1_148' title='bbox 382 2569 492 2634; x_wconf 67' lang='lat' dir='ltr'><strong>penae</strong></span> <span class='ocrx_word' id='word_1_149' title='bbox 524 2548 770 2612; x_wconf 75' lang='lat' dir='ltr'><strong>waoeraatioaio</strong></span> <span class='ocrx_word' id='word_1_150' title='bbox 801 2547 941 2632; x_wconf 61' lang='lat' dir='ltr'><strong>qualum</strong></span> <span class='ocrx_word' id='word_1_151' title='bbox 964 2548 1047 2631; x_wconf 80' lang='lat' dir='ltr'><strong>fidei</strong></span> <span class='ocrx_word' id='word_1_152' title='bbox 1069 2551 1237 2619; x_wconf 62' lang='lat' dir='ltr'><strong>autimas-i</strong></span> <span class='ocrx_word' id='word_1_153' title='bbox 1256 2570 1400 2639; x_wconf 56' lang='lat' dir='ltr'><strong>potest,</strong></span> 
     </span>
     <span class='ocr_line' id='line_1_23' title="bbox 253 2643 1401 2734; baseline 0.008 -22"><span class='ocrx_word' id='word_1_154' title='bbox 253 2645 366 2712; x_wconf 84' lang='lat' dir='ltr'><strong>-Ut</strong></span> <span class='ocrx_word' id='word_1_155' title='bbox 399 2667 476 2716; x_wconf 77' lang='lat' dir='ltr'><strong>vero</strong></span> <span class='ocrx_word' id='word_1_156' title='bbox 510 2645 635 2710; x_wconf 89' lang='lat' dir='ltr'><strong>semina</strong></span> <span class='ocrx_word' id='word_1_157' title='bbox 667 2643 766 2728; x_wconf 87' lang='lat' dir='ltr'><strong>hujus</strong></span> <span class='ocrx_word' id='word_1_158' title='bbox 799 2643 1042 2712; x_wconf 82' lang='lat' dir='ltr'><strong>Confutatiouis</strong></span> <span class='ocrx_word' id='word_1_159' title='bbox 1075 2647 1110 2712; x_wconf 90' lang='lat' dir='ltr'><strong>in</strong></span> <span class='ocrx_word' id='word_1_160' title='bbox 1137 2651 1309 2734; x_wconf 87' lang='lat' dir='ltr'><strong>opusculo</strong></span> <span class='ocrx_word' id='word_1_161' title='bbox 1342 2659 1401 2721; x_wconf 71' lang='lat' dir='ltr'><strong>Dr·</strong></span> 
     </span>
     <span class='ocr_line' id='line_1_24' title="bbox 253 2740 1400 2834; baseline 0.004 -26"><span class='ocrx_word' id='word_1_162' title='bbox 253 2743 559 2829; x_wconf 71' lang='lat' dir='ltr'><strong>Praesauptiaaibus</strong></span> <span class='ocrx_word' id='word_1_163' title='bbox 569 2740 682 2807; x_wconf 83' lang='lat' dir='ltr'><strong>videre</strong></span> <span class='ocrx_word' id='word_1_164' title='bbox 704 2741 798 2824; x_wconf 88' lang='lat' dir='ltr'><strong>licet,</strong></span> <span class='ocrx_word' id='word_1_165' title='bbox 822 2743 870 2806; x_wconf 86' lang='lat' dir='ltr'><strong>sic</strong></span> <span class='ocrx_word' id='word_1_166' title='bbox 894 2741 983 2812; x_wconf 82' lang='lat' dir='ltr'><strong>illam</strong></span> <span class='ocrx_word' id='word_1_167' title='bbox 1007 2743 1202 2811; x_wconf 81' lang='lat' dir='ltr'><strong>eruditionis</strong></span> <span class='ocrx_word' id='word_1_168' title='bbox 1222 2765 1400 2834; x_wconf 70' lang='lat' dir='ltr'><strong>segetem</strong></span> 
     </span>
     <span class='ocr_line' id='line_1_25' title="bbox 253 2838 1401 2928; baseline 0.01 -22"><span class='ocrx_word' id='word_1_169' title='bbox 253 2863 338 2928; x_wconf 87' lang='lat' dir='ltr'><strong>quae</strong></span> <span class='ocrx_word' id='word_1_170' title='bbox 370 2844 405 2911; x_wconf 91' lang='lat' dir='ltr'><strong>in</strong></span> <span class='ocrx_word' id='word_1_171' title='bbox 438 2841 525 2910; x_wconf 82' lang='lat' dir='ltr'><strong>banc</strong></span> <span class='ocrx_word' id='word_1_172' title='bbox 556 2839 787 2904; x_wconf 85' lang='lat' dir='ltr'><strong>refutationem</strong></span> <span class='ocrx_word' id='word_1_173' title='bbox 821 2838 938 2907; x_wconf 80' lang='lat' dir='ltr'><strong>collata</strong></span> <span class='ocrx_word' id='word_1_174' title='bbox 962 2851 1019 2922; x_wconf 87' lang='lat' dir='ltr'><strong>est,</strong></span> <span class='ocrx_word' id='word_1_175' title='bbox 1054 2843 1089 2908; x_wconf 89' lang='lat' dir='ltr'><strong>iu</strong></span> <span class='ocrx_word' id='word_1_176' title='bbox 1113 2843 1276 2912; x_wconf 80' lang='lat' dir='ltr'><strong>omuibus</strong></span> <span class='ocrx_word' id='word_1_177' title='bbox 1303 2849 1401 2918; x_wconf 87' lang='lat' dir='ltr'><strong>Ter-</strong></span> 
     </span>
     <span class='ocr_line' id='line_1_26' title="bbox 253 2935 1400 3029; baseline 0.006 -23"><span class='ocrx_word' id='word_1_178' title='bbox 253 2939 382 3008; x_wconf 82' lang='lat' dir='ltr'><strong>tulliani</strong></span> <span class='ocrx_word' id='word_1_179' title='bbox 415 2937 569 3024; x_wconf 83' lang='lat' dir='ltr'><strong>operibus</strong></span> <span class='ocrx_word' id='word_1_180' title='bbox 606 2935 684 3000; x_wconf 88' lang='lat' dir='ltr'><strong>licet</strong></span> <span class='ocrx_word' id='word_1_181' title='bbox 716 2959 902 3022; x_wconf 76' lang='lat' dir='ltr'><strong>agnoscere.</strong></span> <span class='ocrx_word' id='word_1_182' title='bbox 961 2937 1052 3018; x_wconf 78' lang='lat' dir='ltr'><strong>Quid</strong></span> <span class='ocrx_word' id='word_1_183' title='bbox 1091 2941 1179 3024; x_wconf 85' lang='lat' dir='ltr'><strong>quod</strong></span> <span class='ocrx_word' id='word_1_184' title='bbox 1219 2953 1400 3029; x_wconf 77' lang='lat' dir='ltr'><strong>opusculi</strong></span> 
     </span>
     <span class='ocr_line' id='line_1_27' title="bbox 254 3033 1402 3121; baseline 0.01 -17"><span class='ocrx_word' id='word_1_185' title='bbox 254 3039 376 3107; x_wconf 82' lang='lat' dir='ltr'><strong>mentio</strong></span> <span class='ocrx_word' id='word_1_186' title='bbox 408 3037 496 3104; x_wconf 84' lang='lat' dir='ltr'><strong>faeta</strong></span> <span class='ocrx_word' id='word_1_187' title='bbox 527 3035 564 3102; x_wconf 89' lang='lat' dir='ltr'><strong>in</strong></span> <span class='ocrx_word' id='word_1_188' title='bbox 597 3035 667 3119; x_wconf 85' lang='lat' dir='ltr'><strong>ipso</strong></span> <span class='ocrx_word' id='word_1_189' title='bbox 696 3033 1042 3121; x_wconf 86' lang='lat' dir='ltr'><strong>Philosophoumenon</strong></span> <span class='ocrx_word' id='word_1_190' title='bbox 1066 3037 1200 3103; x_wconf 81' lang='lat' dir='ltr'><strong>exordio</strong></span> <span class='ocrx_word' id='word_1_191' title='bbox 1225 3041 1276 3108; x_wconf 83' lang='lat' dir='ltr'><strong>ad</strong></span> <span class='ocrx_word' id='word_1_192' title='bbox 1305 3045 1402 3114; x_wconf 84' lang='lat' dir='ltr'><strong>Ter·</strong></span> 
     </span>
     <span class='ocr_line' id='line_1_28' title="bbox 253 3131 1400 3221; baseline 0.006 -21"><span class='ocrx_word' id='word_1_193' title='bbox 253 3136 382 3206; x_wconf 84' lang='lat' dir='ltr'><strong>tulliani</strong></span> <span class='ocrx_word' id='word_1_194' title='bbox 413 3133 535 3202; x_wconf 86' lang='lat' dir='ltr'><strong>librum</strong></span> <span class='ocrx_word' id='word_1_195' title='bbox 567 3133 617 3196; x_wconf 89' lang='lat' dir='ltr'><strong>De</strong></span> <span class='ocrx_word' id='word_1_196' title='bbox 649 3131 956 3218; x_wconf 63' lang='lat' dir='ltr'><strong>staescaptiouibus</strong></span> <span class='ocrx_word' id='word_1_197' title='bbox 994 3145 1070 3220; x_wconf 86' lang='lat' dir='ltr'><strong>apte</strong></span> <span class='ocrx_word' id='word_1_198' title='bbox 1104 3137 1211 3221; x_wconf 61' lang='lat' dir='ltr'><strong>«possit</strong></span> <span class='ocrx_word' id='word_1_199' title='bbox 1243 3143 1400 3212; x_wconf 81' lang='lat' dir='ltr'><strong>referri.</strong></span> 
     </span>
     <span class='ocr_line' id='line_1_29' title="bbox 252 3229 1399 3322; baseline 0.002 -24"><span class='ocrx_word' id='word_1_200' title='bbox 252 3234 293 3301; x_wconf 84' lang='lat' dir='ltr'><strong>ln</strong></span> <span class='ocrx_word' id='word_1_201' title='bbox 315 3233 382 3303; x_wconf 85' lang='lat' dir='ltr'><strong>fine</strong></span> <span class='ocrx_word' id='word_1_202' title='bbox 405 3231 504 3317; x_wconf 85' lang='lat' dir='ltr'><strong>hujus</strong></span> <span class='ocrx_word' id='word_1_203' title='bbox 522 3229 628 3299; x_wconf 88' lang='lat' dir='ltr'><strong>libelli</strong></span> <span class='ocrx_word' id='word_1_204' title='bbox 653 3229 767 3294; x_wconf 81' lang='lat' dir='ltr'><strong>scribit</strong></span> <span class='ocrx_word' id='word_1_205' title='bbox 790 3229 1029 3299; x_wconf 86' lang='lat' dir='ltr'><strong>Tertullianus:</strong></span> <span class='ocrx_word' id='word_1_206' title='bbox 1054 3229 1118 3298; x_wconf 80' lang='lat' dir='ltr'><strong>Sed</strong></span> <span class='ocrx_word' id='word_1_207' title='bbox 1138 3257 1222 3298; x_wconf 81' lang='lat' dir='ltr'><strong>auec</strong></span> <span class='ocrx_word' id='word_1_208' title='bbox 1247 3242 1399 3322; x_wconf 62' lang='lat' dir='ltr'><strong>quidem</strong></span> 
     </span>
     <span class='ocr_line' id='line_1_30' title="bbox 251 3327 1401 3418; baseline -0.001 -23"><span class='ocrx_word' id='word_1_209' title='bbox 251 3330 441 3418; x_wconf 67' lang='lat' dir='ltr'><strong>generaliter</strong></span> <span class='ocrx_word' id='word_1_210' title='bbox 464 3341 566 3394; x_wconf 87' lang='lat' dir='ltr'><strong>actum</strong></span> <span class='ocrx_word' id='word_1_211' title='bbox 589 3339 635 3391; x_wconf 86' lang='lat' dir='ltr'><strong>est</strong></span> <span class='ocrx_word' id='word_1_212' title='bbox 652 3351 674 3390; x_wconf 87' lang='lat' dir='ltr'><strong>a</strong></span> <span class='ocrx_word' id='word_1_213' title='bbox 697 3327 788 3391; x_wconf 80' lang='lat' dir='ltr'><strong>uobis</strong></span> <span class='ocrx_word' id='word_1_214' title='bbox 804 3329 954 3392; x_wconf 76' lang='lat' dir='ltr'><strong>adversus</strong></span> <span class='ocrx_word' id='word_1_215' title='bbox 973 3330 1114 3392; x_wconf 73' lang='lat' dir='ltr'><strong>haereses</strong></span> <span class='ocrx_word' id='word_1_216' title='bbox 1137 3352 1256 3411; x_wconf 79' lang='lat' dir='ltr'><strong>omnes,</strong></span> <span class='ocrx_word' id='word_1_217' title='bbox 1284 3344 1401 3406; x_wconf 56' lang='lat' dir='ltr'><strong>certis</strong></span> 
     </span>
     <span class='ocr_line' id='line_1_31' title="bbox 253 3425 1400 3520; baseline -0.003 -29"><span class='ocrx_word' id='word_1_218' title='bbox 253 3439 283 3492; x_wconf 90' lang='lat' dir='ltr'><strong>et</strong></span> <span class='ocrx_word' id='word_1_219' title='bbox 298 3430 397 3520; x_wconf 82' lang='lat' dir='ltr'><strong>jactis</strong></span> <span class='ocrx_word' id='word_1_220' title='bbox 424 3441 454 3493; x_wconf 86' lang='lat' dir='ltr'><strong>et</strong></span> <span class='ocrx_word' id='word_1_221' title='bbox 482 3427 668 3490; x_wconf 81' lang='lat' dir='ltr'><strong>necessariis</strong></span> <span class='ocrx_word' id='word_1_222' title='bbox 694 3426 1001 3512; x_wconf 75' lang='lat' dir='ltr'><strong>praescriptionibus</strong></span> <span class='ocrx_word' id='word_1_223' title='bbox 1033 3425 1233 3512; x_wconf 75' lang='lat' dir='ltr'><strong>repellendae</strong></span> <span class='ocrx_word' id='word_1_224' title='bbox 1272 3457 1297 3496; x_wconf 89' lang='grc' dir='ltr'><em>α</em></span> <span class='ocrx_word' id='word_1_225' title='bbox 1328 3441 1400 3503; x_wconf 87' lang='lat' dir='ltr'><strong>col.</strong></span> 
     </span>
     <span class='ocr_line' id='line_1_32' title="bbox 252 3523 1399 3616; baseline 0.003 -26"><span class='ocrx_word' id='word_1_226' title='bbox 252 3526 372 3590; x_wconf 79' lang='lat' dir='ltr'><strong>latione</strong></span> <span class='ocrx_word' id='word_1_227' title='bbox 396 3523 641 3610; x_wconf 73' lang='lat' dir='ltr'><strong>Scripuaarum.</strong></span> <span class='ocrx_word' id='word_1_228' title='bbox 671 3524 719 3586; x_wconf 89' lang='lat' dir='ltr'><strong>De</strong></span> <span class='ocrx_word' id='word_1_229' title='bbox 752 3523 881 3609; x_wconf 83' lang='lat' dir='ltr'><strong>reliquo,</strong></span> <span class='ocrx_word' id='word_1_230' title='bbox 916 3525 945 3586; x_wconf 83' lang='lat' dir='ltr'><strong>ei</strong></span> <span class='ocrx_word' id='word_1_231' title='bbox 974 3525 1082 3609; x_wconf 79' lang='lat' dir='ltr'><strong>pratia</strong></span> <span class='ocrx_word' id='word_1_232' title='bbox 1113 3525 1176 3588; x_wconf 80' lang='lat' dir='ltr'><strong>Da·</strong></span> <span class='ocrx_word' id='word_1_233' title='bbox 1207 3529 1399 3616; x_wconf 55' lang='lat' dir='ltr'><strong>adnuerit,</strong></span> 
     </span>
     <span class='ocr_line' id='line_1_33' title="bbox 253 3619 1400 3712; baseline 0.003 -24"><span class='ocrx_word' id='word_1_234' title='bbox 253 3627 348 3688; x_wconf 87' lang='lat' dir='ltr'><strong>etiam</strong></span> <span class='ocrx_word' id='word_1_235' title='bbox 381 3621 560 3712; x_wconf 80' lang='lat' dir='ltr'><strong>specialiter</strong></span> <span class='ocrx_word' id='word_1_236' title='bbox 589 3619 775 3708; x_wconf 80' lang='lat' dir='ltr'><strong>quibusdam</strong></span> <span class='ocrx_word' id='word_1_237' title='bbox 810 3619 1074 3706; x_wconf 76' lang='lat' dir='ltr'><strong>respondebimus.</strong></span> <span class='ocrx_word' id='word_1_238' title='bbox 1130 3621 1264 3688; x_wconf 84' lang='lat' dir='ltr'><strong>Auctor</strong></span> <span class='ocrx_word' id='word_1_239' title='bbox 1301 3651 1400 3699; x_wconf 73' lang='lat' dir='ltr'><strong>vero</strong></span> 
     </span>
     <span class='ocr_line' id='line_1_34' title="bbox 248 3717 1400 3822; baseline 0 -34"><span class='ocrx_word' id='word_1_240' title='bbox 248 3719 596 3806; x_wconf 73' lang='lat' dir='ltr'><strong>Philosophoumeuon</strong></span> <span class='ocrx_word' id='word_1_241' title='bbox 629 3719 664 3784; x_wconf 88' lang='lat' dir='ltr'><strong>iu</strong></span> <span class='ocrx_word' id='word_1_242' title='bbox 697 3717 851 3784; x_wconf 86' lang='lat' dir='ltr'><strong>exordio:</strong></span> <span class='ocrx_word' id='word_1_243' title='bbox 883 3717 1121 3784; x_wconf 80' lang='lat' dir='ltr'><strong>Haereticorum</strong></span> <span class='ocrx_word' id='word_1_244' title='bbox 1144 3732 1174 3784; x_wconf 90' lang='lat' dir='ltr'><strong>et</strong></span> <span class='ocrx_word' id='word_1_245' title='bbox 1197 3719 1282 3787; x_wconf 84' lang='lat' dir='ltr'><strong>olim</strong></span> <span class='ocrx_word' id='word_1_246' title='bbox 1311 3731 1400 3822; x_wconf 70' lang='grc'>(109-</span> 
     </span>
     <span class='ocr_line' id='line_1_35' title="bbox 248 3817 1399 3910; baseline 0.008 -30"><span class='ocrx_word' id='word_1_247' title='bbox 248 3831 339 3886; x_wconf 73' lang='lat' dir='ltr'><strong>arata</strong></span> <span class='ocrx_word' id='word_1_248' title='bbox 366 3818 501 3888; x_wconf 79' lang='lat' dir='ltr'><strong>awdeste</strong></span> <span class='ocrx_word' id='word_1_249' title='bbox 534 3819 753 3902; x_wconf 73' lang='lat' dir='ltr'><strong>reposuimus,</strong></span> <span class='ocrx_word' id='word_1_250' title='bbox 784 3839 849 3879; x_wconf 84' lang='lat' dir='ltr'><strong>aaa</strong></span> <span class='ocrx_word' id='word_1_251' title='bbox 875 3817 1098 3902; x_wconf 79' lang='lat' dir='ltr'><strong>particulatim</strong></span> <span class='ocrx_word' id='word_1_252' title='bbox 1123 3818 1399 3910; x_wconf 66' lang='lat' dir='ltr'><strong>patefacientes,</strong></span> 
     </span>
     <span class='ocr_line' id='line_1_36' title="bbox 252 3913 1398 4003; baseline 0 -21"><span class='ocrx_word' id='word_1_253' title='bbox 252 3917 308 3982; x_wconf 84' lang='lat' dir='ltr'><strong>red</strong></span> <span class='ocrx_word' id='word_1_254' title='bbox 340 3917 505 4002; x_wconf 76' lang='lat' dir='ltr'><strong>confertim</strong></span> <span class='ocrx_word' id='word_1_255' title='bbox 532 3914 731 4000; x_wconf 73' lang='lat' dir='ltr'><strong>refellentes,</strong></span> <span class='ocrx_word' id='word_1_256' title='bbox 763 3913 927 3998; x_wconf 73' lang='lat' dir='ltr'><strong>iadipuum</strong></span> <span class='ocrx_word' id='word_1_257' title='bbox 958 3917 1043 3993; x_wconf 83' lang='lat' dir='ltr'><strong>rati,</strong></span> <span class='ocrx_word' id='word_1_258' title='bbox 1076 3937 1197 3978; x_wconf 70' lang='lat' dir='ltr'><strong>meana</strong></span> <span class='ocrx_word' id='word_1_259' title='bbox 1228 3919 1398 4003; x_wconf 71' lang='lat' dir='ltr'><strong>ipsorum</strong></span> 
     </span>
     <span class='ocr_line' id='line_1_37' title="bbox 252 4009 1398 4104; baseline -0.003 -26"><span class='ocrx_word' id='word_1_260' title='bbox 252 4017 287 4079; x_wconf 86' lang='lat' dir='ltr'><strong>ia</strong></span> <span class='ocrx_word' id='word_1_261' title='bbox 310 4016 407 4080; x_wconf 83' lang='lat' dir='ltr'><strong>lacem</strong></span> <span class='ocrx_word' id='word_1_262' title='bbox 430 4037 529 4102; x_wconf 80' lang='lat' dir='ltr'><strong>apere.</strong></span> <span class='ocrx_word' id='word_1_263' title='bbox 566 4011 607 4076; x_wconf 91' lang='lat' dir='ltr'><strong>lu</strong></span> <span class='ocrx_word' id='word_1_264' title='bbox 631 4009 682 4073; x_wconf 87' lang='lat' dir='ltr'><strong>his</strong></span> <span class='ocrx_word' id='word_1_265' title='bbox 705 4011 851 4074; x_wconf 83' lang='lat' dir='ltr'><strong>textibus</strong></span> <span class='ocrx_word' id='word_1_266' title='bbox 874 4011 1037 4076; x_wconf 83' lang='lat' dir='ltr'><strong>vocabula</strong></span> <span class='ocrx_word' id='word_1_267' title='bbox 1053 4011 1261 4078; x_wconf 83' lang='lat' dir='ltr'><strong>¹Tertulliani</strong></span> <span class='ocrx_word' id='word_1_268' title='bbox 1288 4045 1398 4104; x_wconf 56' lang='lat' dir='ltr'><strong>pene.</strong></span> 
     </span>
     <span class='ocr_line' id='line_1_38' title="bbox 246 4106 1398 4197; baseline 0.004 -17"><span class='ocrx_word' id='word_1_269' title='bbox 246 4113 366 4180; x_wconf 72' lang='lat' dir='ltr'><strong>ratae</strong></span> <span class='ocrx_word' id='word_1_270' title='bbox 398 4122 430 4176; x_wconf 89' lang='lat' dir='ltr'><strong>et</strong></span> <span class='ocrx_word' id='word_1_271' title='bbox 462 4106 641 4197; x_wconf 76' lang='lat' dir='ltr'><strong>specialiter</strong></span> <span class='ocrx_word' id='word_1_272' title='bbox 676 4107 877 4172; x_wconf 83' lang='lat' dir='ltr'><strong>adamussim</strong></span> <span class='ocrx_word' id='word_1_273' title='bbox 910 4109 1109 4196; x_wconf 84' lang='lat' dir='ltr'><strong>respondent</strong></span> <span class='ocrx_word' id='word_1_274' title='bbox 1141 4109 1318 4180; x_wconf 84' lang='lat' dir='ltr'><strong>adhibitis</strong></span> <span class='ocrx_word' id='word_1_275' title='bbox 1348 4125 1398 4188; x_wconf 84' lang='lat' dir='ltr'><strong>ab</strong></span> 
     </span>
     <span class='ocr_line' id='line_1_39' title="bbox 254 4205 1399 4299; baseline 0 -23"><span class='ocrx_word' id='word_1_276' title='bbox 254 4209 400 4278; x_wconf 83' lang='lat' dir='ltr'><strong>Auctore</strong></span> <span class='ocrx_word' id='word_1_277' title='bbox 437 4207 575 4274; x_wconf 85' lang='lat' dir='ltr'><strong>vocibus</strong></span> <span class='ocrx_word' id='word_1_278' title='bbox 607 4205 786 4292; x_wconf 70' lang='lat' dir='ltr'><strong>ddpopepric</strong></span> <span class='ocrx_word' id='word_1_279' title='bbox 823 4218 855 4270; x_wconf 89' lang='lat' dir='ltr'><strong>ct</strong></span> <span class='ocrx_word' id='word_1_280' title='bbox 886 4205 967 4272; x_wconf 75' lang='lat' dir='ltr'><strong>uacci</strong></span> <span class='ocrx_word' id='word_1_281' title='bbox 998 4205 1131 4289; x_wconf 52' lang='lat' dir='ltr'><strong>latrabit:</strong></span> <span class='ocrx_word' id='word_1_282' title='bbox 1170 4229 1399 4299; x_wconf 79' lang='lat' dir='ltr'><strong>conceptum</strong></span> 
     </span>
    </p>
   </div>
   <div class='ocr_carea' id='block_1_5' title="bbox 0 0 1430 4826">
    <p class='ocr_par' dir='ltr' id='par_1_6' title="bbox 0 0 1430 4826">
     <span class='ocr_line' id='line_1_40' title="bbox 0 0 1430 4826; baseline 0 0"><span class='ocrx_word' id='word_1_283' title='bbox 0 0 1430 4826; x_wconf 95' lang='lat' dir='ltr'><strong> </strong></span> 
     </span>
    </p>
   </div>
  </div>
 </body>
</html>
