2924 4818
258 485 310 540 1OE
590 486 628 540 De
647 487 733 553 Opere
750 483 1032 554 Philosophoumcnon.
1108 487 1110 493 “

256 627 313 692 hie
335 630 398 714 ipsi
422 631 580 715 pecunias
603 629 646 694 ad
669 628 905 714 negotiandum
922 630 1134 694 commiserit.
1179 628 1248 694 Sed
1269 651 1364 713 quum

252 728 367 813 junior
397 737 482 792 esset
514 729 688 812 minusque
721 736 876 813 expertus
908 728 943 790 in
976 725 1137 812 ejusmodi
1169 725 1269 791 reims
1301 723 1365 790 Cal·

256 824 359 908 listus,
383 827 457 910 ipsi,
481 825 570 911 quod
594 825 704 889 multis
727 825 811 907 aliis,
835 825 967 907 accidit,
992 834 1028 888 ut
1050 827 1086 888 in
1110 847 1228 890 manus
1252 822 1366 888 incide·

254 934 306 988 ret
328 923 501 988 hominum
524 948 544 988 a
572 922 692 1008 quibus
725 924 883 1008 deceptus
915 933 973 988 est.
1021 921 1106 988 Cum
1137 923 1279 988 Judaeis
1302 919 1366 986 Cal·

256 1021 330 1085 liste
358 1023 459 1086 fuisse
484 1024 624 1106 negotia,
658 1046 700 1084 ex
732 1022 853 1107 quibus
886 1021 1008 1086 damna
1040 1023 1071 1084 ei
1104 1021 1366 1099 obvenerunt,e

258 1119 399 1184 decursu
427 1121 624 1184 narrationis
657 1120 829 1204 colligitur.
877 1118 1111 1206 Carpophorus
1144 1119 1280 1204 quidem
1312 1117 1367 1182 luit

258 1217 474 1300 Christianus,
499 1219 589 1282 haud
613 1229 723 1282 tamen
748 1219 879 1282 videtur
909 1240 983 1282 cam
1011 1219 1129 1282 mereri
1152 1217 1287 1302 pietatis
1308 1215 1367 1279 lau·

258 1315 350 1398 dem,
375 1339 475 1401 quam
499 1317 560 1402 ipsi
585 1315 701 1380 tribuit
722 1315 1066 1401 Philosophoumenon
1090 1313 1228 1379 Auctor.
1276 1313 1367 1378 Hune

257 1414 354 1478 i'aeile
388 1415 537 1478 crederes
568 1415 668 1477 fuisse
694 1412 897 1499 Carpophori
930 1415 1085 1495 amicum,
1118 1434 1194 1476 cum
1220 1413 1368 1476 resistas

258 1514 387 1576 noverit
410 1521 477 1576 tam
501 1513 665 1577 distincte.
689 1551 733 1558 -
756 1511 847 1576 Dum
871 1512 905 1575 in
929 1521 1026 1597 portu
1049 1509 1193 1578 Ostiensi
1221 1509 1368 1575 Callistus

258 1610 402 1674 natando
427 1610 536 1674 studet
567 1611 734 1695 aufugere,
768 1610 803 1674 id
827 1609 953 1674 Auctor
984 1619 1094 1674 noster
1125 1610 1192 1673 fer'e
1228 1609 1368 1694 exponit.

257 1730 297 1771 ae
321 1709 347 1771 si
372 1717 509 1772 mortem
533 1710 725 1795 quaesierit3
755 1710 865 1793 inepte
889 1730 967 1772 sane
991 1717 1023 1771 et
1045 1709 1219 1772 aversione
1245 1708 1280 1772 in
1305 1703 1368 1772 Cal·

256 1807 367 1870 listum
384 1805 549 1892 abreptus.
570 1807 709 1893 Capitur
725 1806 889 1886 Callistus,
906 1815 939 1870 et
961 1805 1005 1870 ad
1028 1805 1221 1870 durissimos
1246 1805 1367 1890 pistrini

256 1903 385 1970 labores
407 1903 451 1968 ab
475 1904 553 1968 hero
587 1905 772 1970 damnatur.
820 1904 918 1968 Cedit
939 1913 1050 1968 tamen
1083 1925 1160 1966 mox
1185 1901 1368 1988 Carpopho-

257 2023 313 2066 rus
337 2004 485 2087 petitioni
510 2003 658 2084 fratrum,
683 2013 720 2066 ut
734 2024 810 2068 eum
827 2002 981 2082 dimittat,
1005 2023 1043 2064 eo
1068 2000 1121 2064 vel
1144 2003 1264 2085 magis,
1289 1997 1368 2084 quod

259 2099 413 2165 Callistus
436 2110 590 2186 speraret,
615 2103 684 2165 fore
718 2110 754 2164 ut
775 2109 903 2186 partem
926 2101 1088 2184 pecuniae
1111 2098 1307 2182 deperditae
1329 2119 1369 2160 re·

257 2219 415 2283 cuperare
440 2207 557 2284 posset.
603 2200 667 2262 Per
690 2221 723 2262 se
747 2199 881 2262 omnino
915 2198 1097 2262 averitate
1120 2195 1264 2275 abludit,
1289 2193 1368 2280 qued

258 2295 336 2359 dein
360 2296 487 2360 Auctor
519 2296 702 2377 contendit,
728 2295 901 2361 Callistum
932 2295 1138 2360 Judaeorum
1171 2313 1368 2378 synagogam

256 2393 415 2476 turbasse,
441 2403 477 2457 ut
500 2397 588 2460 vitae
612 2404 780 2480 pertaesus
812 2393 984 2459 honestam
1017 2393 1182 2456 inveniret
1204 2394 1321 2457 mortis
1342 2402 1369 2452 ot

257 2493 406 2575 martyrii
430 2494 647 2556 occasionem.
682 2493 765 2572 Quis
789 2491 911 2573 eredat,
936 2491 1058 2556 talibus
1081 2489 1283 2574 ambagibus
1306 2487 1368 2554 Cal·

255 2589 366 2653 listum
392 2590 532 2654 voluisse
556 2587 619 2654 sibi
644 2611 800 2674 quaerere
824 2589 1019 2672 martyrium
1043 2597 1075 2652 et
1098 2596 1250 2670 mortem,
1275 2607 1367 2672 quum

256 2686 346 2752 nullo
371 2687 467 2751 modo
491 2688 685 2773 praevidere
708 2698 826 2772 posset,
851 2709 935 2772 quae
959 2685 1172 2751 acciderunt?
1206 2724 1252 2732 —
1276 2681 1369 2750 Haud

257 2785 396 2850 dubium
427 2795 483 2868 est,
508 2807 577 2850 rem
610 2788 657 2850 sic
681 2809 714 2850 se
742 2785 907 2850 habuisse.
954 2785 1104 2848 Fuerunt
1127 2782 1268 2847 Callisto
1293 2784 1370 2845 inter

256 2883 403 2948 ludaeos
427 2882 600 2959 debitores,
625 2907 644 2946 a
677 2883 798 2968 quibus
831 2893 867 2946 ut
888 2884 1049 2968 pecunias
1071 2891 1285 2966 recuperaret
1307 2899 1369 2942 sese

257 2978 396 3044 contulit
418 2981 462 3044 ad
486 3001 687 3065 synagogam
712 3003 834 3046 eorum.
858 2980 899 3044 Id
923 2981 1029 3064 potuit
1052 2978 1106 3042 vel
1129 2999 1168 3042 ea
1192 2979 1369 3042 intentione

256 3079 374 3160 faeere,
400 3087 436 3140 ut
459 3078 555 3143 simul
589 3079 713 3143 ibidem
747 3102 821 3143 suos
854 3078 1019 3142 debitores
1052 3078 1228 3155 inveniret,
1265 3074 1317 3139 vel
1339 3083 1370 3135 ut

256 3177 458 3260 praepositos
481 3175 685 3240 ludaeorum
709 3177 816 3241 adiret
841 3176 885 3240 ad
899 3175 1063 3240 auxilium
1087 3195 1201 3238 eorum
1225 3173 1369 3238 obtinen·

257 3273 347 3337 dum.
394 3272 460 3337 Sed
485 3273 568 3337 male
593 3276 654 3359 ipsi
679 3297 730 3338 res
754 3276 860 3338 cessit.
891 3273 1065 3338 Callistum
1088 3273 1196 3359 plagis
1218 3273 1368 3338 affectum

256 3371 377 3436 Judaei
403 3371 570 3435 duxerunt
592 3373 635 3437 ad
659 3373 805 3436 tribunal
827 3372 985 3436 Fusciani
1019 3371 1177 3457 praefecti
1203 3369 1307 3434 Urbis
1329 3389 1370 3432 ss·

257 3471 397 3532 veritate
433 3469 569 3550 famosi,
603 3493 743 3558 eumque
780 3479 997 3552 accusarunt,
1040 3469 1129 3556 quod
1173 3477 1368 3532 conventum

258 3570 404 3652 ipsorum
428 3567 620 3632 turbaverit.
667 3568 768 3631 Haud
801 3568 924 3632 directe
958 3589 1035 3632 eum
1067 3575 1226 3632 accusant
1260 3565 1302 3629 de
1329 3585 1370 3628 re·

257 3665 379 3749 ligionc
413 3663 600 3746 christiana,
639 3687 741 3750 quum
778 3665 939 3728 delatores
969 3664 1233 3730 Christianorum
1273 3671 1370 3726 morte

257 3764 454 3848 punirentur
486 3761 547 3826 sub
581 3761 780 3840 Commodo,
805 3761 862 3825 sed
895 3762 1073 3842 indirecte,
1107 3763 1276 3842 dicentes,
1301 3777 1370 3823 eum

257 3860 406 3923 turbasse
431 3869 630 3923 conventum
654 3881 767 3924 eorum
791 3860 973 3944 jaetantem
998 3859 1088 3944 quod
1110 3868 1196 3924 esset
1219 3857 1370 3922 Christia-

258 3977 330 4022 nus.
377 3957 563 4020 Fuscianus
586 3979 702 4042 parum
735 3956 894 4020 sollicitus
927 3957 967 4020 de
991 3956 1239 4042 perturbatione
1265 3962 1370 4020 coetus

257 4053 471 4134 Judaeorum,
506 4076 583 4118 mox
616 4055 741 4118 ratione
766 4053 999 4118 christianismi
1025 4054 1200 4120 Callistum
1233 4056 1268 4118 in
1287 4052 1369 4140 judi·

258 4152 346 4214 cium
371 4161 477 4232 vocat,
510 4163 608 4237 atquc
641 4153 687 4214 ita
711 4149 865 4215 Callistus
898 4173 975 4216 vere
999 4152 1100 4218 fidem
1133 4174 1227 4218 suam
1265 4171 1369 4216 coram

252 4247 368 4336 judice
401 4248 565 4336 professus
603 4256 652 4312 est
688 4249 948 4335 martyriumque
986 4249 1099 4316 subiit.
1155 4247 1369 4335 Flagellatum
