2810 4846
533 454 559 512 S.
577 455 696 512 Siricius.
1113 455 1163 507 199

147 599 200 664 12.
226 595 320 664 Certe
353 599 466 682 negari
497 619 564 664 non
594 619 688 684 posse
711 597 856 679 videtur,
880 597 1122 682 Hieronymum
1144 614 1319 661 assamur.

58 693 174 762 Siricis
199 697 294 762 initio
317 695 527 782 pontificatus
546 717 614 762 non
635 698 718 760 tenti
741 695 881 776 fectum
904 695 1013 780 plures
1035 715 1164 780 quoque

60 793 199 860 Romani
224 792 344 874 clerici,
368 793 496 858 invidia
525 802 558 858 et
578 792 653 858 odio
679 795 714 858 in
734 803 887 858 sanctum
909 793 1086 858 Doctorem
1109 791 1164 856 fla·

58 901 189 974 ganta
211 899 290 956 tunc
312 890 573 975 persecutionem
606 891 642 954 in
676 911 752 955 eum
786 900 968 970 moverunt,
1001 911 1041 954 ac
1063 909 1164 974 grave

60 988 193 1074 aliquod
215 990 340 1054 crimen
362 995 475 1053 sancto
495 989 565 1052 viro
580 989 815 1073 imposuerunt.
838 987 879 1052 Id
901 989 990 1052 enim
1013 1009 1056 1052 ex
1077 986 1165 1050 illius

56 1085 202 1170 epistolis
236 1083 409 1170 colligitur,
445 1094 478 1150 et
511 1092 621 1150 monet
653 1086 816 1150 Baronius
849 1085 892 1150 ad
927 1108 956 1150 a.
989 1085 1054 1150 385
1077 1107 1108 1150 n.
1129 1085 1164 1150 .8.

61 1181 148 1266 ,Nee
173 1181 308 1247 difficile
331 1191 401 1246 erat
423 1184 528 1266 magis
542 1185 712 1268 magisque
727 1181 861 1248 clericos
884 1184 919 1248 in
942 1181 1033 1246 illum
1056 1183 1164 1264 irasci,

58 1282 112 1364 qui
135 1279 249 1364 palam
279 1301 333 1344 eos
365 1278 584 1364 redarguebat
616 1280 694 1346 dum
717 1279 840 1344 Romae
870 1290 963 1362 esset,
987 1289 1020 1344 et
1042 1281 1077 1344 in
1099 1282 1164 1365 epi·

59 1376 147 1442 stolis
170 1377 215 1440 sd
238 1377 363 1442 emices
385 1386 458 1462 post
481 1375 660 1442 discessum
692 1377 778 1442 datis
801 1377 1013 1444 vehementer
1035 1399 1091 1442 eos
1112 1399 1165 1442 ex-

57 1476 176 1558 agitat,
199 1473 281 1538 dnm
297 1475 539 1560 plmrisoeomm
570 1485 711 1540 senatum
734 1485 831 1540 vocat
858 1484 890 1540 et
912 1477 1033 1561 apertis
1055 1473 1166 1540 verbis

58 1573 207 1636 inscitiae
231 1580 263 1636 ct
290 1592 466 1657 pravorum
489 1591 616 1636 morum
639 1573 778 1684 arguit.“
826 1573 938 1637 Facile
967 1581 1076 1637 autem
1100 1593 1166 1636 cre·

57 1667 178 1751 dorem,
214 1667 248 1733 S.
275 1669 523 1780 Hieronymum
557 1690 616 1781 pro
651 1671 753 1734 animi
788 1680 821 1734 et
843 1670 966 1755 ingenii
996 1671 1046 1734 sui
1070 1669 1166 1734 vehe·
1183 1663 1324 1768 fflffl

59 1767 180 1832 menb'a
193 1767 319 1852 passim
332 1765 454 1850 stylum
473 1787 569 1830 suum
583 1767 724 1832 nimium
743 1769 880 1849 acuisse,
895 1769 1030 1853 ejusque
1045 1766 1166 1851 agendi

57 1865 217 1930 rationem
248 1865 347 1928 etiam
380 1865 461 1928 viris
492 1862 710 1950 prudentibus
742 1864 872 1929 baud
864 1887 900 1928 ιιι
922 1864 1076 1928 omnibus
1099 1863 1166 1949 plc-

57 1962 170 2026 cnisse.
218 1961 372 2026 Monet'
363 1982 434 2046 ipse
464 1959 662 2047 Bsronius¹)
693 1961 830 2047 loquens
863 1963 905 2026 de
926 1960 1071 2048 epistolis
1093 1970 1167 2046 post

57 2057 239 2124 discemum
262 2059 402 2143 scriptis,
427 2079 573 2143 ecquae
600 2057 824 2144 Hieronymus
858 2058 940 2124 dicit
972 2059 1013 2123 de
1036 2059 1166 2122 inscitia

55 2153 226 2220 Romanae
250 2155 408 2220 eeclesiae
426 2156 649 2220 ministrorum
671 2177 737 2222 non
752 2157 800 2220 sic
815 2156 947 2242 quidem
971 2154 1167 2241 accipienda
1228 2227 1232 2236 .

62 2273 141 2334 esse,
167 2262 207 2318 ut
229 2252 462 2339 hyperbolicus
485 2262 579 2318 sonat
600 2273 716 2334 sermo,
740 2274 852 2318 omnes
875 2253 1042 2318 Romanam
1067 2251 1167 2317 eccle-

60 2351 125 2414 sise
160 2349 300 2415 elericos
333 2351 433 2416 tuisse
466 2349 616 2416 doctrina
650 2359 808 2437 expertes,
843 2373 919 2416 cum
953 2352 1044 2433 dicit,
1079 2350 1167 2438 quod

60 2447 168 2512 nullus
201 2448 251 2514 ibi
284 2448 392 2514 scriba
415 2447 468 2514 vel
491 2448 597 2530 fictus,
621 2471 739 2536 nempe
762 2449 885 2532 doctor,
913 2449 972 2514 sed
1003 2449 1166 2535 pharisaei

57 2565 190 2627 omnes,
221 2567 341 2632 nempe
372 2545 511 2628 scelesti,
542 2544 669 2612 cautela
692 2568 769 2612 vero
799 2557 833 2612 et
855 2547 1021 2634 hypocrisi
1045 2545 1168 2611 scelera

60 2653 281 2727 contegentes.
328 2641 414 2708 Sane
436 2665 479 2708 ex
501 2641 588 2708 clero
611 2643 759 2710 Romano
790 2645 854 2710 fuit
876 2644 908 2710 S.
933 2643 1167 2730 Simplicicnus

61 2737 270 2804 doctissimus
292 2739 464 2826 presbyter
486 2749 519 2806 et
532 2739 565 2806 S.
578 2739 745 2806 Ambrosii
768 2744 804 2806 in
826 2741 904 2806 sede
928 2740 1166 2806 Mediolanensi

59 2857 239 2918 successor,
263 2835 296 2900 S.
319 2836 479 2904 Arrenius
510 2838 679 2920 diaconus,
712 2840 769 2924 qui
801 2861 922 2924 magna
962 2839 1112 2905 doctrine
1134 2847 1167 2902 ct

7 2955 9 3028 ᾗ
58 2935 223 3018 sapientis
255 2932 410 3016 imbutus,
443 2935 562 3000 missus
591 2945 640 3000 est
667 2934 993 3022 Constantinopolim,
1024 2945 1061 2999 ut
1083 2944 1167 3000 esset

59 3031 199 3096 Arcadii
222 3033 395 3116 magister3
420 3032 596 3098 adfuerunt
625 3053 700 3097 cum
723 3033 945 3117 Hieronymus
968 3033 1091 3098 Romae
1114 3031 1167 3096 de·

58 3139 148 3211 geret
171 3127 369 3193 Anastasius
392 3140 424 3192 et
446 3129 667 3212 Innocentius,
692 3140 804 3216 postea
826 3129 1001 3196 Pontifices
1024 3129 1065 3194 ab
1090 3129 1167 3194 Hie·

59 3247 199 3310 ronymo
223 3224 321 3290 valde
343 3225 480 3293 laudati.
502 3227 722 3312 Exaggeratio
739 3227 901 3313 quaedem
918 3225 950 3292 S.
963 3227 1166 3310 Hieronymo

59 3334 129 3406 post
165 3323 348 3388 discessum
382 3325 497 3389 merito
533 3325 718 3410 indignanti
753 3334 802 3390 est
828 3323 1055 3390 condonanda.
1102 3322 1168 3389 Sed

59 3423 157 3486 οιιιιιι
181 3441 286 3506 quum
300 3421 425 3486 Romae
440 3432 534 3504 esset,
550 3422 776 3488 vehementior
789 3421 965 3508 aliquando
990 3423 1070 3486 viris
1093 3443 1167 3506 pru·

58 3517 215 3584 dentibus
239 3529 271 3582 et
293 3519 429 3604 integris
453 3519 559 3584 videri
581 3527 717 3606 poterat.
742 3518 900 3602 Accessit,
924 3518 1014 3606 quod
1036 3527 1168 3584 sanctus

58 3613 184 3680 Doctor
208 3615 242 3680 in
265 3616 482 3681 Jovinianum
504 3618 624 3682 acriter
653 3615 814 3682 calamum
838 3618 1011 3702 stringens,
1034 3615 1081 3680 ita
1104 3617 1167 3681 vir-

56 3715 231 3796 ginitatem
246 3713 402 3780 extulisse
425 3715 516 3780 visus
535 3723 593 3796 est,
608 3724 645 3778 ut
666 3715 912 3780 matrimonium
926 3711 1166 3800 quodammodo

58 3811 217 3878 dantum
252 3811 429 3878 videretur.
476 3811 573 3893 Quod
607 3811 683 3878 licet
717 3809 758 3876 ab
794 3811 864 3894 ejus
898 3820 1006 3875 mente
1036 3831 1168 3895 prorsus

7 3935 8 3938 ¹
57 3909 267 3990 abhorreret,
301 3907 356 3973 illa
387 3919 500 3974 tamen
531 3911 714 3974 communis
740 3917 819 3971 tunc
842 3907 930 3972 sama
952 3908 1024 3971 fuit.
1070 3905 1167 3970 Unde

57 4005 292 4071 Pammachius
316 4015 447 4071 senator
469 4005 501 4072 S.
525 4006 728 4092 Hieronymo
751 4005 968 4070 amicissimus
992 4011 1024 4066 et
1045 3999 1169 4068 Paulae

132 4219 221 4289 ¹)Ad
241 4235 266 4274 s.
285 4218 346 4274 385.
