2924 4818
231 521 282 574 170
469 517 508 571 De
526 517 601 572 Rom.
621 515 700 572 Pom.
718 516 818 571 munli
835 516 915 584 primi
933 522 962 572 et
979 518 1096 572 mmm

230 659 354 748 Syriae,
382 657 512 726 Oilioioe
536 670 566 724 et
589 659 835 746 Mesopotmatae
853 658 970 746 populi
1000 661 1086 726 circa
1100 662 1184 747 fasti
1210 661 1352 728 metm-

230 760 344 822 eonem
366 755 636 842 obedientem)

318 855 371 922 82.
397 854 496 934 Quod
519 875 598 918 vero
622 854 664 919 ad
688 853 722 919 S.
741 855 916 919 henaeum
940 866 1068 941 spectat
1088 857 1234 943 aliosque
1249 857 1353 923 Prae

230 953 325 1035 cules,
350 955 407 1039 qui
431 955 680 1018 intervenerunt
708 953 798 1038 apud
822 951 1027 1034 Pontificem,
1052 975 1095 1017 ne
1119 964 1167 1018 tot
1188 951 1353 1020 ecclesias

230 1049 393 1134 denegata
423 1051 655 1115 communione
687 1050 729 1114 ab
762 1051 887 1114 unitate
911 1052 1125 1135 praecideret,
1156 1053 1258 1116 etiam
1282 1055 1351 1140 ipsi
1458 1049 1459 1080 ³

228 1147 388 1212 laudabili
413 1149 559 1212 caritatis
590 1149 713 1212 motivo
743 1146 975 1213 incitabantur.
1021 1148 1075 1212 Ex
1099 1169 1166 1213 una
1188 1157 1284 1235 parte
1310 1173 1352 1216 ea

229 1243 386 1330 pericula,
411 1266 496 1330 quae
526 1244 650 1310 Romae
674 1243 913 1326 sentiebantur,
938 1243 1002 1310 illis
1026 1245 1116 1310 haud
1138 1255 1207 1311 tem
1230 1259 1352 1332 aperta

229 1352 332 1408 erant.
384 1343 584 1408 Persuasum
613 1343 694 1427 ipsis
724 1353 804 1422 erat,
836 1341 1045 1426 Polycratem
1072 1353 1171 1430 atque
1201 1344 1353 1410 Asianos

229 1440 370 1505 nimium
402 1437 537 1525 quidem
570 1460 649 1505 auae
673 1440 904 1504 consuetudini
937 1440 1122 1523 inhaerere,
1146 1461 1209 1506 nec
1233 1451 1351 1506 tamen

229 1545 266 1602 ut
297 1535 374 1602 fidei
408 1539 576 1620 negotium
609 1538 651 1602 ab
689 1537 808 1602 iisdem
845 1538 932 1602 hanc
969 1541 1196 1625 quaestionem
1229 1559 1352 1626 reapse

229 1633 358 1714 haberi,
383 1657 423 1702 ac
451 1635 552 1700 verba
577 1637 665 1700 senis
686 1637 842 1721 episcopi,
863 1635 996 1702 duriora
1020 1637 1155 1723 quidem
1178 1647 1211 1700 et
1235 1639 1353 1702 minus

228 1733 429 1812 reverentia,
460 1731 550 1796 haud
574 1741 743 1818 tantopere
773 1755 844 1798 esse
873 1734 1031 1818 urgenda.
1078 1733 1169 1798 Hinc
1197 1735 1352 1800 modera-
1459 1761 1460 1810 l

229 1830 318 1894 tione
341 1829 485 1916 quadam
515 1839 548 1894 et
570 1831 730 1914 patientia
752 1831 861 1915 potius
891 1830 1061 1912 utendum,
1085 1841 1122 1895 ut
1144 1829 1221 1896 illae
1244 1833 1351 1898 eccle

230 1929 298 1992 siae
322 1929 356 1992 in
381 1929 612 1993 communione
635 1929 863 1992 retinerentur.
910 1927 1042 1992 Etenim
1067 1949 1170 2014 quum
1194 1929 1351 1994 hominen

229 2027 279 2090 ira
301 2025 424 2092 turbati
449 2034 481 2090 et
504 2026 625 2110 injuste
649 2047 683 2088 se
710 2027 872 2109 exagitari
903 2025 1129 2091 existimantes
1150 2025 1251 2090 facile
1275 2047 1351 2113 pro·

229 2121 383 2188 labantur
405 2122 491 2187 ultra
504 2122 627 2188 limites
640 2125 731 2205 recti,
747 2123 932 2188 timendum
946 2133 1025 2203 erat,
1051 2145 1092 2186 ne
1101 2121 1219 2188 Asiani
1244 2127 1349 2190 etiam

229 2218 286 2284 illa
317 2241 424 2304 poena
456 2241 522 2284 non
555 2229 775 2300 moverentur,
810 2229 846 2284 ut
877 2243 897 2284 a
926 2221 1092 2306 proposito
1125 2220 1349 2304 discederent,

230 2316 287 2382 sed
311 2316 489 2384 schismate
511 2317 701 2382 foedissimo
724 2317 983 2403 implicarentur.
1029 2318 1105 2404 Ipse
1129 2317 1162 2384 S.
1186 2317 1350 2385 Irenaeus

229 2437 269 2480 ao
292 2415 375 2479 forte
397 2414 453 2480 alii
469 2436 599 2502 quoque
613 2416 781 2480 amicitiae
794 2413 937 2480 vinculis
951 2415 1087 2480 Asianis
1105 2415 1215 2501 juncti
1240 2429 1348 2500 erant,

229 2512 378 2598 adeoque
401 2513 601 2578 intervenire
633 2521 784 2598 poterant
811 2511 900 2596 apud
923 2511 1128 2577 Pontificem.
1175 2513 1242 2577 Hic
1265 2535 1349 2580 vere

229 2611 374 2696 acceptis
396 2609 513 2676 litteris
535 2631 648 2676 eorum
674 2612 894 2696 suspicionem
919 2609 961 2674 de
983 2631 1090 2674 errore
1114 2609 1191 2674 fidei
1208 2611 1352 2691 Quarto-

231 2706 477 2774 decimanorum
506 2707 683 2794 deponere,
708 2708 837 2794 illisque
860 2707 1157 2772 intervenientibus
1186 2711 1351 2794 patientia

231 2807 278 2869 uti
301 2807 418 2890 potuit,
442 2806 530 2892 quod
546 2807 656 2870 minus
670 2807 843 2888 decuisset,
859 2803 1018 2891 quamdiu
1034 2815 1161 2870 tantum
1186 2807 1352 2891 agebatur
1460 2839 1461 2880 i

230 2903 272 2967 de
294 2902 438 2986 Asianis,
463 2905 520 2989 qui
543 2905 711 2990 rescriptis
740 2906 808 2968 suis
838 2903 1067 2968 auctoritatem
1090 2903 1262 2968 Pontihcis
1283 2904 1352 2970 ise-
1460 2919 1461 2926 ’

229 3011 348 3066 serant

319 3098 372 3164 83.
396 3099 451 3164 Ex
474 3121 512 3164 eo
535 3109 647 3164 autem
669 3100 760 3186 quod
783 3098 828 3163 illi
854 3097 999 3183 episcopi
1023 3107 1222 3162 monuerunt
1237 3097 1350 3164 Victo-

230 3217 309 3277 rem,
334 3206 371 3260 ut
392 3219 508 3282 pacem
533 3217 598 3262 non
620 3197 770 3278 solveret,
785 3218 851 3261 non
868 3196 1024 3281 sequitur,
1049 3217 1105 3258 eos
1128 3197 1349 3273 existimasse,

231 3293 316 3360 male
347 3296 453 3378 egisse
485 3295 696 3376 Pontificem
729 3293 787 3358 sed
819 3301 997 3379 penserunt
1028 3313 1181 3374 censere,
1214 3304 1351 3380 propter

230 3393 348 3476 grania
371 3391 557 3457 schismatis
581 3391 778 3456 detrimenta
801 3390 918 3455 melius
933 3412 1003 3455 esse
1026 3399 1059 3454 et
1082 3393 1348 3473 convenientius,

230 3489 356 3576 aliquid
394 3490 582 3556 condonare
618 3489 684 3554 illis
715 3488 873 3553 fratribus
909 3487 1052 3553 Asianis.
1108 3486 1284 3552 Caeterum
1320 3491 1347 3553 si

230 3588 314 3652 lorte
337 3589 462 3673 opinati
486 3598 572 3668 sunt,
597 3588 765 3651 Victorem
789 3587 894 3670 egisse
918 3586 1159 3672 imprudenter,
1183 3584 1245 3672 (uti
1274 3585 1349 3652 Bel·

229 3687 389 3752 larminus
413 3685 455 3750 de
478 3687 519 3750 iis
542 3682 683 3770 scribit),
699 3683 859 3748 iudanon
883 3682 1057 3768 colligitur,
1081 3704 1197 3748 revera
1220 3683 1347 3750 lactum

230 3784 374 3848 Victoris
398 3782 589 3869 imprudens
611 3783 728 3864 fuisse,
752 3780 810 3846 sed
837 3790 966 3846 tantum
989 3779 1062 3846 illos
1083 3779 1256 3846 Ptaesules
1278 3799 1347 3846 non

229 3883 436 3968 perspexisse
464 3882 542 3946 satis
566 3881 701 3962 motiva,
725 3887 858 3965 propter
881 3899 966 3966 quae
988 3879 1144 3944 Pontifex
1167 3878 1344 3942 severitate

230 3981 266 4044 in
289 3979 430 4044 Asianos
459 4001 537 4043 ausus
567 3987 625 4044 est.
671 3977 912 4043 Auctoritatem
941 3986 1053 4041 auten
1076 3975 1219 4042 Victoris
1248 3975 1346 4040 Pras

230 4076 316 4142 eules
330 4099 397 4142 non
420 4085 592 4162 negarunt,
613 4097 674 4142 nec
693 4085 807 4140 contra
829 4075 1008 4161 primatum
1032 4073 1159 4162 aliquid
1173 4095 1216 4139 ex
1230 4093 1343 4138 eorum

306 4278 673 4354 umummns
