2936 4814
304 1757 666 1881 Dissertatio
715 1758 988 1906 praevia.

93 2037 153 2118 lte
170 2031 397 2117 Historiae
420 2029 747 2116 ecclesiasticae
763 2033 866 2116 ortu
884 2051 937 2115 ac
954 2053 1206 2136 progressu.

567 2223 730 2234 ιιι-..μι-

183 2399 211 2458 1.
253 2377 414 2478 dogitcnti
439 2393 522 2457 mihi
551 2395 586 2458 in
614 2393 722 2458 lucem
753 2393 850 2458 edere
877 2393 1135 2458 Dissertationes
1165 2394 1207 2459 de
1249 2394 1342 2496 liff-

96 2493 290 2578 praecipuis,
305 2513 390 2578 quae
408 2493 444 2556 in
458 2491 595 2556 historia
609 2492 833 2556 ecclesiastica
856 2501 1032 2556 occurrunt
1046 2493 1207 2577 quaestio·
1251 2469 1275 2499 ω
1289 2466 1341 2498 Μ

97 2591 202 2672 uibus,
226 2599 259 2652 et
281 2588 502 2656 consideranti
528 2611 672 2675 quanam
687 2589 729 2654 de
751 2611 787 2652 re
809 2589 853 2653 ad
877 2589 1012 2654 modum
1035 2589 1208 2675 praefatio-

98 2690 148 2751 nis
170 2689 204 2750 in
227 2686 315 2751 hanc
337 2689 651 2752 commentationem
678 2688 887 2772 potissimum
919 2709 1061 2772 agerem,
1086 2709 1207 2771 magna

98 2807 203 2848 rerum
233 2786 329 2870 copia
358 2807 393 2848 se
423 2784 591 2850 offerebat.
644 2785 731 2848 Nam
755 2794 787 2848 et
817 2784 859 2848 de
888 2787 1022 2849 notione
1051 2783 1207 2848 historiae

99 2881 336 2946 ecclesiasticae
355 2881 463 2969 deque
477 2883 626 2969 ejusdcm
640 2905 704 2947 usu
718 2893 751 2946 ct
764 2881 916 2964 utilitate,
941 2893 974 2946 ot
996 2882 1038 2947 de
1061 2882 1208 2946 lontibus

100 3002 140 3043 ex
168 2981 287 3066 quibus
317 3003 356 3044 ea
386 2981 571 3045 haurienda
600 2991 659 3063 ost,
691 2991 723 3045 ct
752 2980 794 3044 de
825 2981 1032 3045 connexione
1059 2978 1208 3066 ejusdem

100 3099 172 3142 cnm
193 3078 329 3164 reliquis
352 3077 521 3164 diciplinis
535 3079 737 3164 theologicis,
757 3088 828 3142 tum
843 3087 876 3141 et
898 3077 940 3141 de
963 3076 1116 3141 method›
1143 3098 1209 3162 qua

102 3196 139 3236 ea
167 3175 335 3240 tractanda
366 3177 417 3258 sit,
449 3187 481 3240 et
511 3176 553 3240 de
581 3176 655 3240 aliis
685 3177 770 3241 hene
800 3175 912 3240 multis
935 3197 1020 3262 quoe
1049 3174 1093 3239 ad
1121 3174 1209 3238 hanc

103 3273 266 3336 scientiam
289 3275 467 3359 pertinent,
492 3274 714 3360 amplissimus
738 3283 808 3337 erat
831 3273 964 3338 dicendi
988 3273 1089 3337 locus.
1118 3272 1208 3336 Post-

104 3391 196 3454 quam
218 3381 329 3434 autem
353 3374 388 3436 in
412 3371 580 3456 seligendo
604 3395 647 3436 ox
665 3371 717 3436 his
739 3393 843 3436 unum
866 3370 993 3457 aliquid
1017 3369 1075 3434 diu
1098 3370 1209 3434 animo

105 3466 317 3552 fluctuassem,
349 3469 482 3534 decrevi
516 3470 663 3533 breviter
698 3489 874 3554 exponere,
909 3489 1053 3554 quanam
1082 3469 1210 3531 ratione

106 3563 176 3628 inde
197 3565 239 3630 ab
263 3568 359 3630 initio
384 3566 619 3632 christianismi
643 3589 683 3632 ac
713 3567 870 3653 deinceps
899 3588 1004 3652 usque
1032 3566 1074 3630 ad
1098 3575 1210 3628 nostra

106 3673 242 3748 tempora
265 3663 403 3728 historia
427 3665 650 3730 ecclesiastica
667 3665 768 3730 luerit
786 3664 928 3746 exculta,
952 3685 1033 3750 quas
1056 3663 1211 3727 habuerit

107 3757 237 3824 decursu
260 3759 468 3827 saeculorum
498 3763 762 3846 vicissitudines,
793 3764 930 3849 quinam
964 3764 1028 3824 viri
1059 3759 1148 3824 docti
1178 3769 1211 3824 et

107 3857 276 3923 venerandi
301 3858 381 3922 huic
404 3859 600 3948 disciplinae
623 3864 658 3926 in
681 3859 856 3926 utilitatem
880 3859 1050 3924 Ecclesiae
1079 3857 1210 3922 adlabo-

108 3958 251 4037 raverint,
276 3966 309 4018 et
332 3977 397 4042 quo
421 3959 544 4044 singuli
571 3959 669 4023 modo
699 3979 738 4024 ao
761 3957 931 4023 methodo:
962 3967 999 4020 ut
1021 3956 1099 4021 inde
1123 3956 1209 4021 colli-

108 4063 201 4134 gatur,
231 4055 368 4139 quinam
398 4055 499 4120 fuerit
525 4067 629 4122 status
665 4057 764 4144 hujus
787 4055 983 4142 disciplinae
1012 4055 1210 4138 antegressis

110 4151 276 4234 aetatibus,
306 4153 442 4238 quinam
466 4156 509 4220 sit
538 4153 742 4241 temporibus
776 4155 906 4220 nostris.
948 4191 992 4200 —
1028 4151 1211 4216 Historiam

112 4255 209 4310 cutem
222 4247 417 4334 disciplinae
431 4261 561 4318 nostrae
576 4256 610 4319 in
622 4263 688 4318 tres
703 4252 885 4318 dividimus
892 4251 1055 4338 Epochas,
1069 4271 1213 4334 quarum

156 4355 279 4408 sug-n,
294 4358 470 4404 mcum.
1088 4355 1104 4408 l
