2936 4814
244 439 284 504 '72
601 440 643 498 Dc
660 440 726 498 sate
743 440 865 498 munna
881 441 906 498 S.
923 441 1008 501 Patri

248 584 377 650 Marcus
400 584 497 650 dicit:
527 586 696 672 desumpto
726 587 832 671 itaque
862 587 1034 675 Eoonpclc'o
1064 593 1148 678 quod
1168 595 1236 681 ipae
1259 599 1367 686 conse.

247 693 333 747 cerat
358 683 505 769 perrexit
535 683 720 770 Aegyptum.
766 682 812 746 Et
844 682 877 750 S.
909 684 1119 772 Epiphanius
1151 692 1240 758 idem
1263 696 1368 763 refert

247 780 287 842 iis
311 777 430 860 verbis,
461 778 582 865 quibus
611 781 721 844 innuit
751 781 906 844 continuo
937 791 1011 867 post
1039 789 1198 873 scriptum
1222 813 1367 880 evange-

245 874 327 940 lium
351 875 384 942 S.
408 876 559 942 Marcum
581 879 617 940 in
640 878 832 962 Aegyptum
855 880 991 944 missum
1015 903 1094 949 csse.
1140 888 1262 969 Marco,
1286 893 1365 956 scri-

245 972 304 1056 bit,
328 976 383 1060 qui
405 976 524 1038 Romae
555 973 588 1038 S.
614 975 702 1040 Petri
730 997 829 1038 cornea
850 975 975 1061 flerat,
1005 981 1164 1046 scribendi
1193 986 1367 1075 Idrmsyels‘i

239 1072 409 1158 prooiacio
435 1071 659 1152 medear,
692 1094 752 1158 quo
782 1074 898 1158 compto
927 1075 1064 1142 mittitur
1093 1103 1114 1142 a
1147 1078 1180 1145 S.
1210 1083 1304 1150 Petro
1328 1090 1363 1152 ia

243 1171 399 1256 regionem
422 1168 646 1255 Acqypto'cmm
668 1165 732 1252 (καὶ
755 1166 883 1256 γράψας
913 1168 1197 1265 seorstanum.
1243 1180 1364 1268 Itaque

243 1268 271 1330 si
295 1267 328 1332 S.
351 1267 468 1331 Petrus
491 1267 623 1330 nonnisi
647 1288 676 1330 a.
700 1266 743 1329 43
758 1265 897 1331 Romam
921 1273 1074 1355 venisset,
1099 1274 1169 1359 ejus
1192 1277 1263 1361 iter,
1287 1281 1364 1347 fuu-

245 1363 333 1428 datio
348 1362 518 1428 Ecclesiae
532 1363 701 1428 Romanae
724 1372 757 1428 et
780 1365 912 1451 scriptio
937 1369 1101 1454 evangelii
1124 1394 1184 1458 per
1197 1374 1363 1462 Marcum,

244 1461 320 1526 dein
344 1459 443 1546 hujus
466 1461 578 1526 missio
609 1469 641 1524 et
670 1460 834 1526 adventus
866 1464 902 1527 in
931 1463 1124 1552 Aegyptum
1155 1474 1271 1554 paucis
1295 1473 1363 1540 illis

243 1558 410 1624 mensibus
434 1580 454 1621 a
472 1556 633 1622 Paschate
656 1580 760 1644 usque
783 1559 826 1624 ad
849 1570 1066 1628 auctumnum
1089 1588 1118 1631 a.
1142 1567 1186 1632 43
1209 1569 1282 1644 fieri
1307 1573 1364 1638 de-

241 1655 399 1721 buissent.
445 1654 512 1720 Sed
544 1653 755 1719 intervallum
788 1654 851 1720 boc
883 1660 1057 1726 manifeste
1087 1685 1146 1749 pro
1180 1663 1232 1731 his
1259 1669 1363 1736 rebus

240 1755 341 1838 gestis
364 1753 463 1818 nimis
493 1753 652 1837 exiguum
682 1761 740 1836 est,
771 1753 919 1840 adeoque
950 1759 1069 1824 iterum
1092 1761 1292 1830 adducimur
1316 1769 1361 1834 ad

241 1875 271 1918 a.
295 1853 338 1916 42
362 1873 420 1937 pro
445 1851 562 1914 itinere
584 1850 624 1915 Β.
647 1850 738 1914 Petri
761 1851 897 1937 ejusque
919 1853 1068 1920 adventu
1091 1859 1126 1922 in
1149 1859 1277 1929 urbem.

329 1950 382 2014 49.
407 1948 485 2016 Jam
509 1947 548 2012 de
571 1969 655 2012 onoc
678 1949 827 2035 martyrii
839 1947 873 2013 S.
898 1951 987 2016 Petri
1008 1955 1172 2040 quaedam
1196 1959 1362 2030 dicamus.

240 2047 297 2114 SS.
332 2045 506 2133 Apostolos
537 2044 672 2109 Petrum
705 2055 738 2108 et
759 2045 900 2112 Paulum
933 2050 1048 2116 eodem
1081 2052 1136 2118 die
1159 2061 1361 2142 martyrium

238 2145 387 2225 subiisse,
410 2140 601 2228 etquidem
624 2139 679 2206 die
697 2142 740 2206 29
764 2142 869 2226 Junii,
889 2147 1119 2233 antiquissima
1142 2168 1361 2223 monumenta
1454 2147 1455 2158 ¹

238 2251 408 2308 testantur.
453 2239 506 2304 Ita
542 2261 570 2305 e.
607 2261 638 2322 g.
676 2241 711 2304 iu
749 2238 905 2326 Catalogo
943 2243 1122 2312 Liberiano
1160 2249 1284 2318 dicitur
1315 2254 1358 2320 de
1454 2245 1455 2300 ἶ

237 2341 350 2406 Petro:
382 2338 499 2402 Poaarrs
527 2346 664 2400 osteum
696 2337 795 2402 Paulo
819 2339 870 2404 dic
892 2341 952 2406 ΙΙΙ.
976 2343 1041 2408 kal.
1064 2345 1185 2412 Julius.
1232 2350 1358 2436 Marty-
1454 2425 1455 2428 Ἴ

236 2439 324 2502 rium
348 2457 413 2501 non
437 2443 544 2520 potest
573 2433 717 2499 adscribi
741 2456 828 2500 anno
853 2437 913 2521 683
951 2442 1073 2506 etenim
1096 2464 1211 2510 omnes
1235 2469 1356 2514 conve·
1454 2469 1455 2510 1

238 2536 342 2616 niunt,
367 2531 428 2596 sub
451 2531 582 2596 Nerone
598 2531 773 2618 Apostolos
797 2544 934 2600 mortem
958 2536 1106 2623 subiisse,
1130 2541 1217 2606 Nero
1241 2556 1356 2612 autem

237 2642 313 2698 ante
337 2630 483 2696 medium
506 2628 647 2696 Junium
675 2653 706 2695 a.
737 2630 779 2694 68
811 2633 937 2710 occisus
967 2645 1025 2702 est.
1070 2637 1172 2704 Porro
1195 2652 1273 2706 sunt
1296 2647 1356 2730 qui
1454 2653 1455 2668 ¹

237 2751 312 2794 cum
335 2729 493 2813 Prospero
518 2738 655 2792 mortem
678 2727 768 2792 Petri
792 2731 961 2814 assignant
984 2754 1070 2798 anno
1086 2735 1228 2804 Neronis
1249 2739 1354 2826 XIH3

236 2825 303 2908 alii,
328 2835 364 2890 ut
386 2823 560 2907 Eusebius,
577 2825 809 2910 Hieronymus,
831 2826 1053 2914 Cassiodorus,
1078 2855 1152 2898 eam
1175 2835 1356 2922 adsignant

235 2945 322 2988 anno
350 2923 492 2988 Neronis
520 2922 614 3004 XIV,
646 2921 702 2987 vel
729 2945 816 2990 anno
848 2923 988 2992 Neronis
1017 2929 1142 3015 ultimo,
1181 2935 1229 2998 nti
1259 2935 1355 3004 Beda

236 3033 268 3086 et
300 3023 419 3086 iterum
453 3020 486 3085 S.
519 3019 753 3104 Hieronymus.
801 3021 867 3088 Sed
898 3025 980 3090 istae
1012 3030 1194 3094 sententiae
1227 3035 1355 3118 optime

236 3121 439 3184 conveniunt
462 3120 496 3182 in
519 3139 644 3182 annum
676 3119 728 3183 67.
774 3119 908 3186 Etenim
937 3145 1045 3190 annus
1074 3147 1170 3192 aerae
1193 3129 1284 3215 vulg.
1309 3134 1353 3198 67

235 3216 445 3282 fuitNeronis
452 3215 548 3298 XIII,
564 3216 591 3282 si
607 3237 761 3281 numeras
784 3217 827 3282 ab
851 3218 922 3304 ejus
939 3222 1089 3306 ingressu
1105 3224 1137 3291 d.
1154 3227 1195 3290 13
1215 3227 1353 3298 Octobr.

235 3337 264 3380 a.
288 3314 349 3397 543
381 3314 446 3377 fuit
476 3313 570 3396 XIV,
604 3315 632 3376 si
655 3334 713 3399 pro
737 3335 827 3379 more
859 3329 990 3403 recepto
1014 3331 1249 3407 computantur
1270 3331 1354 3392 anni

233 3412 370 3499 Imperii
393 3433 436 3476 ex
457 3409 611 3476 kalendis
633 3411 786 3476 Januarii
816 3414 1057 3502 antecedentiss3
1094 3420 1158 3486 fuit
1181 3425 1281 3488 etiam
1304 3425 1353 3490 ul·

233 3513 333 3574 timus
362 3517 433 3574 tum
463 3531 506 3574 ex
534 3509 685 3596 eoquod
714 3531 838 3576 anccc
860 3512 949 3578 Petri
979 3535 1083 3601 usque
1114 3517 1158 3583 ad
1180 3520 1351 3587 interitum

233 3607 373 3672 Neronis
405 3627 512 3672 annus
544 3608 672 3691 integer
707 3629 775 3673 non
807 3610 979 3695 superfuit,
1012 3621 1083 3678 tum
1116 3637 1159 3679 ex
1190 3639 1228 3680 eo
1261 3621 1352 3704 quod

233 3727 340 3770 annus
377 3705 420 3768 68
452 3705 524 3790 jam
562 3714 610 3768 est
644 3702 774 3769 Galbae
808 3727 915 3772 annus
951 3707 977 3774 I.
1016 3709 1072 3775 Sic
1108 3715 1225 3778 merito
1263 3736 1352 3782 mors

232 3805 265 3870 S.
289 3805 378 3869 Petri
402 3825 490 3868 anno
514 3803 556 3866 67
579 3801 746 3886 tribuitur,
777 3813 877 3890 atque
908 3807 993 3870 inter
1016 3808 1086 3893 ejus
1109 3809 1290 3876 adventum
1315 3815 1349 3878 in

233 3901 358 3968 Urbem
390 3924 430 3964 ac
462 3909 600 3966 mortem
633 3901 840 3987 episcopatus
873 3903 973 3968 XXV
1006 3907 1087 3972 anni
1120 3929 1196 3973 cum
1224 3908 1351 3997 aliquot

232 3999 400 4064 mensibus
423 4005 666 4084 computantur.
