2900 4800
266 457 320 512 394
646 455 686 510 De
704 470 787 510 musa
804 455 901 512 Horrii
919 455 952 510 R
971 455 1001 513 P.

258 597 550 664 -Moaothelctarum
572 619 606 662 se
630 601 800 664 constituit
823 597 877 662 vel
905 610 1074 664 auctorem
1098 598 1151 662 vel
1175 599 1292 664 saltem
1316 623 1381 687 pro·

267 705 426 760 motorem
438 699 664 782 praecipuum.
688 697 709 762 J
712 717 766 759 am
784 696 826 761 de
844 698 948 761 initiis
964 697 1063 784 hujus
1075 698 1221 762 haeresis
1238 721 1380 784 mamus.

358 795 408 860 15.
433 792 741 879 Menophysitarum
766 795 879 858 variae
908 805 1016 860 sectae
1040 798 1187 860 maxima
1211 819 1271 881 per
1294 797 1383 884 plura

267 892 398 957 saecula
412 891 563 956 orientali
589 891 731 977 Imperio
757 892 916 955 creabant
938 894 1095 978 pericula.
1135 893 1270 958 Etenim
1286 917 1380 982 quum

268 993 340 1055 istis
350 991 570 1054 divisionibus
594 991 762 1054 variarum
786 992 1034 1076 provinciarum
1058 994 1148 1055 cives
1171 994 1380 1076 agitarentur.

267 1089 383 1152 turbae
416 1087 629 1152 vehementes
659 1088 848 1173 frequenter
880 1089 1090 1172 oriebantur,
1120 1100 1152 1153 et
1185 1091 1381 1155 irruentibus

267 1186 417 1251 hostibus
440 1187 596 1267 externis,
620 1187 814 1272 praesertim
836 1187 945 1251 Persis
969 1196 1002 1250 et
1025 1185 1203 1270 Arabibus,
1229 1189 1381 1253 haeretiei

269 1283 315 1348 illi
338 1284 469 1347 facilius
493 1283 727 1365 adhaerebant,
752 1294 916 1348 uteorum
941 1285 1072 1350 influxu
1096 1286 1315 1352 subsisterent
1336 1287 1381 1350 rel

269 1381 527 1446 dominarentur.
574 1381 625 1446 Ita
649 1381 773 1446 malum
798 1383 965 1468 quoddam
990 1385 1182 1450 intestinum
1206 1394 1309 1470 atque
1333 1387 1383 1448 inr-

269 1481 359 1568 perio
383 1480 548 1544 funestum
574 1503 615 1543 ex
639 1479 703 1546 illis
736 1483 832 1546 sectis
861 1481 938 1544 oriri
963 1484 1073 1546 visum
1097 1491 1155 1546 est.
1202 1481 1306 1547 Unde
1328 1482 1383 1546 Im·

269 1587 434 1664 peratores
452 1585 551 1664 atque
571 1579 716 1665 episcopi
733 1581 817 1642 varii
833 1577 1031 1643 divisionem
1056 1581 1152 1643 istam
1176 1581 1383 1665 exstinguere

269 1677 439 1756 studuere,
465 1675 523 1740 sed
547 1675 637 1740 haud
662 1698 791 1762 semper
819 1679 945 1742 ratione
969 1679 1190 1742 convenienti.
1240 1679 1383 1742 Fuerunt

270 1775 439 1851 videlieet,
457 1775 513 1860 qui
531 1775 618 1859 ipsos
629 1796 753 1838 errores
768 1774 1007 1840 haeretieorum
1022 1775 1181 1861 amplexi,
1205 1797 1262 1840 eos
1281 1777 1383 1841 catho-

269 1874 341 1938 licis
356 1872 531 1937 obtrudere
543 1874 605 1936 nisi
621 1883 712 1952 sunt3
736 1875 857 1958 passim
874 1875 971 1937 etiam
985 1873 1067 1938 tales
1077 1875 1320 1941 transactiones
1332 1899 1382 1939 sen

270 1971 517 2036 ‹eonciliationes
531 1972 717 2057 propositae
729 1979 815 2053 sunt,
830 1971 950 2057 quibus
962 1972 1082 2056 dogma
1090 1971 1292 2036 catholicum
1306 1977 1383 2058 peri·

270 2069 454 2134 clitabatur.
472 2069 526 2133 Ex
536 2069 697 2154 ejusmodi
708 2069 879 2134 tendentia
889 2068 932 2132 ad
942 2071 1198 2134 transactionem
1207 2071 1382 2156 quamdam

270 2167 420 2232 fallacem
440 2169 601 2250 originem
619 2165 737 2230 habuit
757 2165 1017 2230 llloaotleelitiomi
1035 2166 1185 2230 doctrina
1209 2167 1380 2231 haeretica.

118 2287 248 2328 unnotaue-
362 2267 411 2329 16.
437 2263 688 2350 Menophysitae
721 2263 878 2329 videlicet
919 2263 1137 2328 admittebant
1169 2263 1255 2328 duas
1291 2265 1387 2328 fuisse

12 2395 13 2450 ι
114 2349 252 2450 ὼωῖθξῗᾱψ
270 2373 404 2427 naturas
440 2373 512 2426 onte
547 2365 718 2444 unionem,
753 2385 809 2427 seu
840 2387 879 2426 aa·
908 2361 1037 2426 duabus
1071 2364 1199 2426 naturis
1223 2361 1385 2426 Christum

271 2484 350 2544 esse,
376 2461 433 2524 sed
451 2472 528 2547 post
551 2462 722 2534 unionem,
741 2460 985 2524 contendebant
1008 2483 1078 2524 esse
1101 2481 1202 2524 unam
1227 2471 1385 2525 naturam.

272 2559 443 2645 Ejusmodi
468 2559 614 2642 ineptam
638 2560 834 2622 sententiam
849 2559 950 2622 variis
974 2557 1081 2622 modis
1104 2556 1327 2644 explicabant.
1347 2595 1385 2604 -

272 2658 433 2721 Auctores
472 2655 573 2738 igitur
602 2655 872 2720 llonothelitismi
911 2655 1077 2720 adducere
1112 2677 1150 2720 eo
1193 2656 1386 2721 studuerunt

272 2753 535 2838 llonophysitas,
560 2763 597 2817 ut
619 2753 831 2818 admitterent
859 2753 1105 2842 (verbotenus),
1135 2754 1219 2818 duas
1255 2778 1324 2820 esse
1354 2756 1383 2816 ia

272 2853 402 2917 Christo
428 2858 579 2928 naturus,
609 2873 666 2914 seu
697 2861 849 2916 naturam
879 2852 1061 2916 humanam
1091 2853 1201 2938 quoad
1225 2855 1385 2918 essentiam

271 2973 337 3015 non
361 2971 432 3013 esse
464 2959 616 3013 naturam
650 2949 812 3014 divinam.
860 2949 944 3016 Cum
978 2947 1043 3015 illis
1065 2971 1143 3014 vero
1169 2949 1249 3015 dein
1274 2971 1384 3016 conre-

271 3049 408 3112 niebant
439 3055 629 3124 statuentes,
665 3047 812 3112 Verbum
847 3049 1029 3113 seeundum
1062 3058 1214 3112 naturam
1241 3049 1385 3114 divinum

271 3168 341 3210 esse
365 3146 566 3232 principium
599 3144 827 3210 immediatum
862 3148 1009 3210 omnium
1043 3145 1239 3212 volitionum
1264 3159 1296 3210 et
1318 3169 1385 3231 opr-

270 3246 435 3308 rationum
461 3241 593 3323 Christi,
619 3242 799 3306 humanam
812 3263 891 3307 vero
907 3253 1059 3308 naturam
1081 3245 1221 3308 inertem
1245 3246 1386 3330 recipere

270 3345 432 3406 actionem
469 3341 620 3404 divinam
650 3339 763 3405 Verbi.
822 3340 981 3427 Adeoque
1019 3351 1170 3405 naturam
1211 3343 1385 3408 humanam

271 3463 337 3504 non
361 3437 586 3523 agnoscebant
610 3448 646 3502 ut
668 3439 871 3523 principium
887 3439 1065 3519 actionum,
1090 3439 1147 3504 sed
1172 3441 1234 3504 sub
1259 3441 1321 3504 hoc
1345 3463 1386 3502 re·

271 3548 383 3624 speetu
409 3558 481 3601 eam
506 3535 608 3600 veluti
634 3537 772 3600 inertem
794 3535 971 3618 habebant,
996 3540 1042 3601 ita
1065 3547 1102 3600 ut
1124 3559 1186 3601 nec
1209 3539 1385 3623 potentiam

270 3635 391 3720 agendi
416 3645 447 3698 et
471 3633 615 3712 volendi,
641 3637 939 3718 recuperationem
958 3645 990 3698 et
1014 3635 1204 3700 volitiouem
1228 3635 1385 3700 actualem

271 3734 448 3798 videantur
472 3731 654 3796 admisisse.
702 3728 820 3796 Omnis
844 3735 1039 3818 operationis
1056 3734 1254 3818 principium
1276 3753 1384 3796 seeun-

270 3834 350 3898 dum
374 3851 429 3894 eos
453 3829 516 3894 fuit
540 3829 656 3892 divina
679 3837 807 3907 natura,
832 3831 877 3892 ita
896 3841 932 3893 ut
954 3833 1144 3917 reciperetur
1166 3831 1252 3894 actio
1276 3831 1310 3892 in
1332 3847 1383 3890 ns·

269 3941 343 3994 tura
367 3929 513 3993 humana
537 3929 651 3990 inerte.
697 3927 742 3991 Et
764 3929 818 3991 hoe
842 3951 933 3992 seara
958 3929 1034 3994 dein
1058 3926 1246 3994 statuebant
1268 3924 1380 4012 prinei-

270 4031 362 4113 pium
386 4026 525 4090 aetionis
549 4047 619 4088 esse
643 4027 855 4112 compositam,
881 4047 941 4088 nee
968 4025 1115 4091 Verbum
1141 4047 1180 4088 ea
1203 4045 1283 4110 quae
1306 4020 1377 4084 fecit

269 4147 366 4210 agere
384 4135 416 4188 et
433 4125 503 4210 pati
519 4125 674 4208 potuisse,
697 4123 760 4188 nisi
777 4125 811 4188 in
836 4123 981 4188 humana
1007 4134 1133 4188 natura.
1158 4123 1251 4187 Illam
1272 4129 1374 4184 autem

270 4223 391 4287 Christi
425 4223 637 4309 operationem
666 4223 793 4285 rraicam
828 4221 1041 4307 appellabant
1080 4221 1285 4286 tlreaadricom
1321 4233 1372 4277 seu
