2790 4812
460 497 542 556 Ortus
560 497 714 562 Arianismi.
1120 500 1172 557 eet

63 639 116 704 lius
138 650 188 706 est
211 651 372 725 creatura,
395 643 528 708 Patrem
551 667 613 709 aec
632 643 728 732 plene
752 643 866 710 videre
889 664 952 708 nec
975 666 1171 731 cognoscere

62 749 173 825 potest3
198 742 226 804 si
250 751 301 806 est
324 750 488 824 creatura,
513 752 563 807 est
588 742 767 825 mutabilis,
791 742 940 828 adeoque
963 745 1034 830 ejus
1057 745 1170 814 volun·

61 849 102 900 tas
130 849 198 902 tam
233 839 277 904 ad
310 840 435 905 bonam
468 841 635 927 quemad
669 841 793 906 malum
817 839 978 906 inclinare
1000 844 1170 927 potuisset.

62 935 186 1022 Propter
208 947 337 1004 rectum
361 959 439 1002 vero
473 959 570 1004 usum
602 938 782 1004 voluntatis
814 947 846 1004 et
869 940 1008 1004 eximias
1031 941 1171 1006 virtutes

62 1032 155 1098 Filius
176 1034 308 1099 aPatre
331 1057 430 1121 super
452 1057 567 1102 omnes
581 1045 748 1102 creaturae
771 1034 919 1102 elevatus
942 1037 1014 1119 fuit,
1039 1046 1072 1102 et
1095 1037 1169 1102 ideo

62 1141 185 1196 vocatus
210 1141 261 1196 est
283 1133 387 1198 Dens.

135 1229 189 1296 56.
213 1229 441 1296 Alexandriae
479 1233 581 1317 igitur
616 1231 802 1318 complures
838 1251 916 1296 mox
948 1229 1022 1296 Arii
1059 1243 1337 1318 partcssermmeu.

60 1328 190 1414 amplexi
216 1339 304 1395 sunt
350 1329 400 1394 Ab
423 1335 491 1420 cpias
507 1330 659 1417 partibas
683 1331 820 1410 stabant,
844 1330 954 1416 inquit
967 1321 1168 1396 Son'omenus

62 1424 95 1490 ll.
115 1425 154 1491 E.
177 1424 200 1492 1.
224 1426 254 1492 1.
278 1448 306 1492 c.
332 1428 384 1510 14,
399 1449 440 1491 aa·
453 1427 681 1494 Alexandrina
695 1429 826 1494 ecclesia
842 1427 1023 1514 presbyteri
1044 1429 1169 1515 quidem

60 1523 210 1603 dothaim,
236 1524 390 1604 Ardalius,
418 1522 588 1611 Conponat,
613 1523 776 1591 damnatas
798 1537 828 1590 et
850 1526 950 1590 Arias
972 1526 1072 1607 altem·
1099 1527 1168 1592 dic·

59 1624 119 1684 wisi
145 1633 252 1688 mitem
276 1623 423 1702 Maias,
447 1624 623 1702 Macarius,
646 1623 767 1703 Julius,
791 1624 905 1688 Menas
932 1633 963 1686 ct
986 1623 1166 1689 Helladins.

61 1717 218 1798 Quosdam
253 1719 335 1785 alios
364 1719 558 1786 Alexander
584 1722 817 1808 episcopusin
850 1721 919 1785 suis
941 1718 1058 1786 litteris
1081 1743 1167 1786 com-

60 1827 217 1900 memorat,
244 1829 344 1904 atquc
367 1818 409 1892 8.,
425 1817 637 1906 Epiphanius
659 1819 773 1902 tradit,
798 1829 929 1904 septem¹
947 1818 1166 1904 presbyteros,

61 1913 226 1980 duodecim
251 1917 418 2000 diaconos,
447 1927 482 1980 et
512 1918 736 2002 septingentas
769 1918 916 2002 virgines
938 1917 1011 1982 Deo
1041 1917 1167 1983 dicatas

60 2011 120 2076 Arii
141 2015 246 2080 errori
269 2013 469 2080 adhaesisse.
516 2015 602 2080 Hinc
625 2016 721 2080 etium
745 2014 951 2101 factumest,
980 2015 1089 2101 pergit
1111 2015 1167 2082 So·

60 2132 210 2196 moronus,
236 2123 272 2178 at
293 2135 358 2178 non
380 2114 496 2200 wippa
513 2112 631 2200 populi
644 2135 725 2199 pars
748 2112 792 2176 ad
814 2133 919 2176 emam
933 2112 1112 2199 factionem
1134 2137 1167 2180 ae

61 2211 255 2296 transferrem·
276 2212 392 2298 quippe
414 2210 563 2276 manlii
584 2212 633 2276 ito
655 2210 774 2274 deDeo
798 2210 995 2274 stationarium
1017 2210 1169 2286 arbitrati

61 2319 137 2386 mam·
157 2308 230 2387 alii,
254 2308 338 2395 prod
360 2309 484 2395 quidem
505 2308 596 2396 oistpo
613 2309 735 2374 euenire
758 2307 846 2390 solet,
870 2329 923 2372 eos
946 2318 1096 2396 tanquam
1119 2310 1168 2397 af-

58 2404 147 2488 sectos
167 2407 294 2496 inparia
323 2416 354 2470 et
381 2406 506 2471 indicta
536 2429 634 2472 caasa
661 2406 791 2472 emlema
814 2411 927 2496 ejectos
949 2403 1167 2474 commiserati.

67 2502 118 2566 oet
135 2527 205 2569 vero
231 2527 284 2570 res
297 2503 517 2570 Ahaandmae
540 2516 642 2570 essent
664 2505 719 2568 loc
741 2503 808 2568 ioco
831 2505 1029 2586 emetitatoe,
1049 2506 1169 2572 Ariani

63 2598 293 2666 immolantium
315 2603 529 2690 episcoporum
547 2602 690 2689 ainpulas
712 2604 855 2666 ciuitates
877 2602 1168 2670 administrantium

63 2698 113 2761 s'di
131 2701 308 2765 mnaseas-io
332 2711 405 2766 ante
424 2699 634 2788 coiiipendam
647 2700 808 2779 arbitrati,
831 2701 959 2764 nsittunt
982 2700 1101 2787 lepatos
1123 2703 1168 2767 od

63 2817 105 2858 eos
130 2821 196 2863 mm
228 2797 346 2862 litteris
377 2798 416 2862 de
438 2798 508 2882 fide
539 2821 609 2878 sua,
632 2798 879 2884 contestdnruwe
911 2797 951 2862 ad
980 2797 1058 2878 illis,
1080 2811 1116 2864 ut
1138 2802 1168 2864 si

63 2905 162 2959 redum
182 2897 268 2982 ipsis
288 2895 448 2960 nideretem
470 2895 509 2960 dc
531 2897 601 2960 Deo
630 2896 835 2976 emtiendum,
858 2895 1070 2982 sipnijioarent
1092 2897 1166 2962 Ale-

63 2993 181 3073 mmm,
196 2996 249 3058 uti
268 2995 395 3058 minime
417 2995 499 3080 ipsis
513 3004 714 3072 mcenseret,
735 2994 787 3058 sin
807 2993 920 3073 nanas,
944 2993 1090 3060 maerent
1103 3017 1164 3077 eos,

63 3091 305 3172 memdmodm
339 3091 535 3156 mutiendum
565 3103 653 3156 osset.
703 3089 767 3164 Qui
799 3089 923 3177 quidem
950 3103 1080 3158 mnaso
1101 3117 1166 3159 non

59 3207 159 3269 pamm
190 3211 298 3254 eonem
328 3211 457 3254 cansam
489 3189 622 3279 adjacit.
671 3191 758 3254 Nam
788 3190 846 3252 leae
868 3188 996 3253 sitorum
1018 3192 1165 3277 opinione

63 3284 207 3352 mannes
222 3287 298 3373 fere
320 3286 477 3373 dispersa,
510 3286 550 3351 ab
582 3287 724 3352 omnibus
741 3287 865 3373 passim
888 3287 1043 3374 episcopis
1065 3289 1103 3354 de
1127 3313 1165 3354 aa

64 3380 210 3468 disputem
244 3395 385 3471 coeptum
416 3396 476 3450 est:
513 3407 644 3472 quorum
669 3407 753 3471 pars
775 3383 927 3468 scripsere
956 3385 1001 3449 ad
1023 3385 1162 3452 Alexan·

63 3477 147 3558 dmm,
168 3506 208 3546 ne
232 3481 413 3546 matter-et
435 3482 577 3548 Asianos
590 3484 626 3548 in
649 3482 819 3560 ecdesiom,
842 3473 909 3545 nisi
931 3505 1021 3548 scam
1042 3484 1082 3549 de
1099 3485 1163 3570 fide

64 3577 224 3660 opinimsem
248 3578 428 3669 abjicerent,
447 3603 530 3666 pars
562 3591 666 3646 antem
698 3579 819 3658 oravit,
851 3602 890 3642 ne
925 3581 1012 3646 istud
1026 3582 1161 3669 faceret.

64 3708 97 3719 -
116 3675 258 3742 llaxime
282 3686 393 3742 autem
416 3687 526 3763 partes
549 3677 623 3744 Arii
646 3677 795 3762 arripuit,
819 3675 955 3762 ejusque
978 3679 1162 3745 doen-inam

64 3775 276 3860 comprobavit
299 3784 332 3839 et
360 3776 558 3861 propagavit
587 3775 742 3840 &salias
765 3773 1018 3842 Nicomediensis
1040 3778 1162 3863 episco-

64 3889 121 3950 pus,
142 3874 208 3960 qui,
233 3894 336 3958 quum
369 3872 494 3940 ultimis
517 3875 614 3939 annis
636 3873 855 3958 Imperatores
876 3871 1092 3938 Nicomediae
1114 3897 1161 3938 re-

64 3967 214 4054 sedissent
239 3968 413 4056 splendere
436 3969 580 4057 quodam
604 3981 638 4036 et
660 3970 783 4034 honore
805 3970 1005 4056 praestabat.
1388 4039 1389 4046 χ

135 4069 185 4134 57.
207 4067 402 4133 Alexander
433 4079 608 4155 postquam
643 4067 928 4133 exhortationibus
965 4079 997 4132 et
1031 4071 1161 4156 scriptis
1186 4063 1316 4170 Ἓξ*

65 4164 190 4246 epistolis
212 4165 333 4230 frustra
367 4187 501 4252 operam
534 4166 636 4249 dedit,
669 4175 706 4229 ut
734 4187 877 4230 errorem
900 4177 1090 4232 nascentem
1113 4189 1160 4232 re

67 4260 208 4348 primeret,
241 4285 328 4328 anno
363 4264 430 4329 320
453 4262 521 4352 (vel
545 4263 625 4352 321)
649 4263 789 4330 concilio
813 4263 990 4328 multorum
1014 4262 1160 4352 (circiter
