2876 4814
224 402 277 457 290
661 403 702 458 Dc
719 405 745 458 S.
765 403 908 472 Cypriane.

224 545 404 610 constituit.
428 583 472 592 -
497 546 530 611 S.
556 545 744 631 Cyprianus
768 556 842 632 post
863 546 992 610 Pascha
1015 546 1094 609 anni
1115 545 1181 610 251
1209 545 1361 610 Cartha-

223 645 335 728 ginem
359 665 401 707 ex
424 661 555 707 secessu
580 665 637 707 suo
661 665 813 709 reversus
843 653 907 726 est,
932 641 1161 729 synodumque
1188 641 1233 707 42
1264 647 1360 730 epis-

225 763 381 826 coporum
407 740 596 822 celebravit,
621 743 732 827 inqua
748 741 973 806 Felicissimae
996 739 1225 804 schismaticus
1249 743 1361 829 eique

225 837 441 904 adhaerentes
465 838 612 923 quinque
634 839 819 924 presbyteri
842 839 1194 902 excommunicationis
1218 850 1359 905 senten·

225 940 272 1002 tia
304 937 467 1022 perstricti
501 946 586 1000 sunt.
637 937 678 1000 In
711 936 774 1000 hac
807 936 934 1020 synodo
967 937 1067 998 etiam
1100 936 1275 1019 negotium
1313 935 1359 1001 dc

225 1035 325 1120 lapsis
349 1034 544 1119 dispositum
569 1033 641 1098 fuit.
672 1033 846 1120 Scriptus-is
869 1033 927 1098 diu
941 1053 981 1096 ss
1002 1041 1134 1118 aumas
1153 1045 1253 1118 parte
1274 1059 1359 1121 pro-

226 1133 312 1211 latis,
345 1133 392 1194 ait
423 1131 456 1195 S.
482 1128 669 1215 Cyprianus
702 1153 753 1216 ep.
776 1131 820 1194 55
843 1130 887 1194 ad
910 1129 1149 1211 Antonianum,
1173 1142 1211 1194 ut
1232 1153 1295 1195 asc
1322 1135 1358 1196 in

228 1241 324 1294 totum
346 1249 417 1313 spes
440 1230 729 1292 communicationis
752 1239 782 1292 st
799 1230 895 1314 pacis
918 1227 1020 1312 lapsis
1042 1228 1268 1313 denegaretur,
1287 1279 1296 1292 .
1323 1279 1357 1292 ..

226 1351 282 1391 uec
314 1347 445 1389 censura
476 1323 656 1410 euangelica
688 1325 877 1402 solueretur,
910 1336 946 1389 ut
973 1325 1017 1388 cd
1039 1327 1359 1390 communicationem
1435 1363 1436 1410 y

229 1438 338 1489 temus
365 1424 570 1509 prosilirent,
602 1431 761 1488 statutum
794 1431 858 1504 est,
882 1431 919 1484 nt
952 1421 1155 1506 singulorum
1178 1421 1358 1506 lapsorum

228 1532 366 1603 causae,
397 1520 584 1584 voluntates
614 1529 646 1581 et
670 1522 880 1583 necessitates
904 1522 1191 1600 examinarentur,
1217 1527 1252 1582 et
1277 1539 1358 1582 cun·
1435 1511 1436 1520 ³

229 1620 349 1704 dignae
372 1618 473 1682 iidem
496 1612 993 1703 poenitentiaesubjicerentur.
1032 1615 1172 1698 Placuit,
1196 1625 1236 1679 ut
1259 1616 1359 1681 libel·
1435 1659 1436 1708 ,

228 1717 317 1782 latici
341 1715 433 1779 nulla
455 1716 609 1800 imposita
631 1735 738 1778 novae
770 1716 993 1799 poenitentiae
1025 1714 1233 1794 necessitate,
1264 1713 1360 1778 ultra
1435 1709 1436 1738 l

228 1835 301 1878 eam
330 1833 430 1898 quam
459 1811 598 1875 durante
633 1814 860 1896 persecutione
888 1814 951 1898 ipsi
983 1819 1098 1897 sponte
1122 1819 1280 1893 egerant,
1313 1813 1359 1875 ad

228 1932 345 1997 pacem
368 1919 400 1973 et
429 1910 695 1972 communionem
726 1904 895 1974 Ecclesiae
918 1911 1186 1990 admitterentur3
1226 1911 1358 1973 sacrifi-

230 2011 294 2073 cati
318 2029 396 2070 vero
421 2016 453 2070 et
471 2005 651 2070 thurificati
670 2003 801 2091 plenam
817 2007 1054 2092 poenitentiam
1072 2015 1217 2090 agerent,
1243 2009 1357 2091 prius-

230 2127 330 2193 quam
359 2124 476 2190 pacem
513 2113 545 2166 et
574 2106 840 2168 communionem
876 2102 1046 2168 Ecclesiae
1075 2102 1357 2188 adipiscerentur,

231 2206 293 2268 nisi
318 2204 407 2266 vitae
430 2199 614 2288 periculum
639 2200 726 2265 illius
747 2203 819 2266 sine
842 2221 934 2266 mora
958 2199 1189 2265 concedendae
1212 2218 1357 2264 causam

231 2303 372 2366 afferret.
419 2300 528 2362 Etiam
559 2301 692 2362 Romam
724 2299 839 2362 scribit
868 2299 901 2365 S.
927 2297 1115 2384 Cyprianus
1142 2296 1164 2360 l.
1190 2319 1230 2379 c.,
1257 2321 1358 2386 super

231 2401 288 2462 ltus
318 2421 352 2460 rc
385 2398 566 2482 scripsimus
598 2396 641 2458 ad
677 2391 855 2460 Cornelium
886 2391 1036 2482 collegam
1057 2405 1216 2474 noscam
1245 2399 1304 2482 pari
1328 2407 1358 2459 st

232 2498 299 2582 epae
333 2514 400 2558 cum
419 2493 570 2579 piurimis
608 2494 800 2579 coipiscopis
830 2493 936 2558 tacito
969 2491 1111 2570 concilis,
1144 2494 1179 2555 ia
1211 2494 1358 2557 eamdem

232 2593 390 2656 nobiscum
419 2591 605 2654 scatentium
631 2591 712 2675 pari
738 2591 894 2676 pronitate
924 2601 954 2654 st
986 2589 1108 2654 salubri
1135 2589 1359 2654 moderatione

233 2691 396 2754 comeum.
450 2687 608 2772 Episcopi
636 2687 762 2750 scilicet
789 2687 939 2751 Africani
968 2685 1140 2773 epistolam
1164 2705 1242 2748 eum
1260 2686 1359 2750 Actis

233 2786 352 2871 synodi
384 2785 523 2848 Romam
554 2784 715 2846 miserunt
741 2785 784 2848 ad
809 2783 998 2849 Cornelium
1021 2783 1227 2848 Pontificem.
1279 2783 1359 2848 Cor·

234 2884 339 2950 nelias
371 2903 449 2945 vero
481 2879 646 2964 synodum
679 2880 796 2945 habuit
835 2884 1008 2966 sexaginta
1039 2883 1290 2966 episcoporum,
1323 2883 1358 2946 in

234 3001 300 3068 qna
331 3001 389 3066 pro
420 2976 688 3042 reconciliatione
719 2977 886 3065 lapsorum
910 2979 1042 3043 easdem
1073 2980 1188 3042 statuit
1210 2977 1357 3062 regulas,

235 3080 276 3143 de
300 3077 421 3164 quibus
444 3074 594 3138 Africani
618 3085 851 3142 convenerant.

74 3187 170 3258 Sohisp·
184 3187 226 3228 Nc
324 3176 378 3239 33.
402 3175 479 3238 Jam
504 3171 545 3236 de
569 3172 747 3237 schismate
777 3174 866 3259 quod
891 3173 1095 3238 Nouationus
1117 3173 1243 3236 Romae
1268 3176 1358 3236 exci-

105 3248 192 3288 ”mi
236 3274 321 3338 tavit
343 3293 382 3336 ea
404 3271 519 3357 paucis
541 3269 732 3352 referamus,
748 3290 833 3356 quae
851 3293 894 3334 ex
917 3271 1132 3355 scriptoribus
1155 3269 1245 3334 illins
1270 3279 1358 3334 sets.-

236 3373 279 3434 tis
303 3369 511 3453 colliguntur.
544 3365 623 3430 Post
646 3376 783 3431 mortem
798 3369 831 3433 S.
856 3367 1008 3450 Fabiani,
1034 3371 1081 3431 uti
1100 3367 1171 3452 jam
1195 3365 1357 3437 vidimus.

237 3491 288 3533 res
311 3465 551 3531 ecclesiasticas
572 3464 697 3528 Romae
720 3465 967 3529 administravit
990 3463 1164 3549 collegium
1186 3463 1359 3549 presbyte-

237 3585 358 3646 rorum,
392 3566 477 3627 inter
509 3581 591 3644 quos
623 3572 695 3627 erat
726 3564 826 3627 etiam
860 3563 1077 3627 Novatianus.
1131 3559 1208 3624 lion
1235 3562 1359 3626 infimo

238 3686 314 3728 eum
336 3662 408 3726 loco
431 3660 532 3722 fnisse
556 3658 634 3723 inde
657 3657 837 3744 colligitur,
863 3659 951 3744 quod
975 3669 1090 3723 auctor
1112 3658 1175 3721 fuit
1195 3658 1358 3742 epistulas

240 3760 326 3826 Cleri
365 3757 506 3822 Romani
548 3755 591 3820 ad
631 3757 662 3823 S.
705 3756 911 3842 Cyprianum
951 3753 1140 3841 scriptael),
1173 3756 1223 3817 uti
1266 3763 1360 3840 patet

239 3881 281 3922 ex
304 3857 368 3922 illis
391 3854 502 3918 verbis
526 3852 558 3917 S.
584 3851 743 3940 Cypriani
772 3855 814 3919 ad
839 3855 1067 3918 Antonianum
1091 3854 1157 3940 (ep.
1180 3851 1225 3915 ῦὸ
1250 3875 1283 3918 n.
1308 3852 1357 3939 3):

240 3955 394 4020 Additum
417 3961 462 4028 est
485 3951 580 4014 etiam
604 3953 788 4016 Nouatiuco
820 3963 892 4016 tssuc
914 3951 1075 4032 scribente,
1100 3961 1132 4014 ct
1152 3949 1239 4034 prod
1260 3952 1357 4034 serap·
1435 3957 1436 3960 ’
