2900 4800
213 413 216 420 Ι
244 445 297 496 384
617 443 657 496 De
675 457 756 496 causa
774 443 886 498 Honorii
905 443 937 498 R.
958 445 987 497 P.

96 584 662 692 Ὁζζζζῗ1Ηο11011111>1111111110ΐῦῐῦ
688 584 935 650 Gallicanorum
964 586 1112 673 clypeus,
1141 611 1205 674 quo
1230 601 1381 676 possent·

257 685 458 748 serrantium
490 683 713 748 Romanorum
744 684 943 748 Pontificum
976 684 1121 771 aliquid,
1161 701 1197 750 ut
1231 687 1366 769 dicitur,

245 805 287 844 ex
311 781 468 845 cathedra
492 780 721 846 definientium
754 781 914 863 inficieri3
945 783 1138 869 nullumque
1169 784 1259 866 latet,
1285 799 1369 873 quot
1438 805 1439 866 j

245 889 433 965 quantaque
457 889 651 963 argumenta
681 881 904 962 congesserint
931 889 1001 944 tum
1025 903 1067 944 ex
1091 881 1236 967 epistolis
1260 885 1369 970 ipsius
1438 899 1439 960 ζ

248 977 384 1040 Honorii
415 977 458 1040 ad
490 976 641 1060 Sergium
666 973 836 1040 OPunum
871 977 1076 1060 Antistitom,
1109 990 1179 1044 tum
1203 1003 1246 1045 ex
1269 983 1369 1046 Actis
1438 968 1439 1036 l

247 1073 387 1138 Consilii
399 1073 463 1155 VI',
488 1084 559 1138 tum
583 1097 624 1138 ex
647 1072 720 1136 aliis
745 1073 966 1156 documentis,
992 1075 1201 1142 doctissimus
1224 1079 1368 1144 Bossuet

247 1173 280 1234 in
304 1172 506 1236 Defensione
530 1170 772 1234 Declarationis
793 1168 879 1236 Cleri
904 1169 1067 1238 Gallicani
1092 1179 1171 1240 anni
1198 1177 1297 1256 1682,
1322 1188 1367 1241 st-

246 1291 309 1353 que
334 1266 521 1332 Cardinalis
553 1269 593 1332 de
623 1269 655 1332 la
685 1265 883 1353 Luscino),
916 1280 954 1333 ut
983 1269 1063 1336 alios
1092 1276 1367 1357 pmetermittam.
1438 1335 1439 1354 ,

248 1367 370 1431 herum
395 1376 426 1429 et
450 1375 498 1430 est
521 1364 630 1430 adhuc
645 1365 813 1430 Honorius
832 1365 962 1432 illorum
986 1370 1283 1454 propugnaculum,
1310 1375 1367 1458 qui
1438 1411 1439 1416 ι

247 1463 474 1528 infallibilituti
504 1463 731 1528 Romanorum
761 1461 962 1529 Pontificum
994 1467 1093 1530 etism
1126 1489 1217 1532 nuno
1248 1469 1369 1534 adver·
1438 1501 1439 1528 1

246 1571 368 1641 santur,
392 1560 566 1646 nullusque
590 1563 711 1645 pariter
733 1561 876 1644 ignorat,
901 1584 986 1647 quae
1010 1573 1043 1628 et
1065 1576 1189 1650 quanta
1211 1565 1253 1630 de
1276 1566 1369 1632 hete-
1438 1547 1439 1616 l

246 1659 383 1723 rodoxia
410 1660 480 1744 ejus
504 1660 625 1745 scripta
648 1659 714 1722 sint
737 1669 770 1722 et
793 1659 979 1724 scribantur
1006 1663 1077 1725 sivo
1099 1662 1244 1748 puhlicis
1266 1666 1369 1751 ephe·
1438 1679 1439 1714 ³

248 1752 446 1838 meridibus,
466 1759 541 1821 sive
572 1755 709 1837 libellis,
734 1758 804 1820 sive
828 1757 982 1842 operibus
1006 1757 1159 1843 vulgetis.
1206 1761 1369 1850 Undique

246 1863 377 1919 resonat
400 1875 520 1919 nomen
543 1854 693 1936 Honorii,
717 1853 864 1940 undique
895 1854 937 1918 sd
962 1856 1147 1922 Honorium
1178 1859 1371 1944 appellatur
1438 1867 1439 1874 ’

247 1963 404 2038 tanquam
435 1952 480 2016 od
511 1952 673 2016 invictum
699 1961 934 2034 argumentum
964 1953 1171 2020 fullibilitstis
1194 1957 1369 2022 Βοιιιιιιιο
1438 1947 1439 1968 ³

247 2049 352 2130 Sedis,
385 2049 532 2134 undiquc
565 2049 635 2134 ejus
666 2047 834 2133 epistolae,
868 2049 955 2114 Acte
988 2049 1127 2116 Consilii
1161 2053 1212 2116 ΙΙΙ
1237 2053 1365 2119 urunt

247 2149 437 2227 afferuntur,
472 2145 688 2231 explicantur,
721 2155 948 2230 exponuntur,
981 2160 1019 2212 ut
1050 2149 1184 2214 tandem
1208 2151 1366 2217 concludi
1438 2165 1439 2188 ¹

248 2247 358 2329 possit,
384 2246 492 2329 ipsum
515 2246 549 2308 iu
574 2243 638 2308 tide
670 2239 880 2326 naufragium
907 2245 1055 2311 fecisse.“
1102 2247 1181 2312 Post
1204 2249 1368 2314 defiuitio-
1438 2229 1439 2314 1

248 2365 324 2406 nem
348 2342 512 2424 dogmatis
535 2342 576 2406 de
601 2342 779 2406 incruentis
800 2341 938 2406 Romani
962 2343 1143 2426 Pantilius,
1168 2347 1368 2433 interrupto

248 2463 311 2526 que
342 2441 480 2504 funestis
517 2439 691 2504 eventibus
723 2437 872 2504 Concilio
906 2439 1079 2522 Vaticano,
1120 2447 1368 2509 coutroversiae
1438 2483 1439 2486 =

249 2541 329 2602 istae
361 2537 598 2624 aliquantisper
626 2538 750 2620 sopitus
773 2546 860 2602 sunt.
897 2537 1053 2603 Attamen
1075 2539 1261 2605 adversarii
1282 2543 1366 2628 Apo
1438 2549 1439 2616 ζ

248 2635 382 2700 stoliooe
411 2635 507 2700 Sedis
539 2655 606 2698 nun
639 2634 816 2713 desierunt,
850 2655 948 2720 quem
982 2637 1202 2720 praetendunt
1225 2637 1365 2704 Honor-ii
1438 2647 1439 2656 ’

249 2736 284 2798 in
307 2733 372 2798 fide
395 2733 525 2817 lapsum
559 2753 684 2815 urgere,
709 2742 741 2796 et
773 2743 882 2798 nostro
906 2743 1053 2818 tempore
1076 2737 1224 2800 maxime
1249 2757 1366 2802 conve

249 2833 298 2896 nit
327 2829 504 2916 tranquillo
537 2831 656 2894 mentis
686 2831 808 2894 intuitu
840 2829 980 2894 Honorii
1018 2853 1151 2896 missam
1189 2833 1365 2900 dissuere

249 2939 347 3013 atque
371 2930 536 3014 aequitate
560 2937 690 2992 servata
713 2926 900 2992 defendere.
1438 2991 1439 3028 ᾖ

337 3028 368 3092 3.
393 3026 432 3090 ld
464 3047 542 3090 vero
575 3024 725 3088 utilitatis
756 3023 901 3088 habuere
938 3048 1025 3112 quac
1056 3027 1180 3091 recenti
1218 3039 1367 3114 tempore
1438 3035 1439 3074 Τ

250 3123 314 3188 heo
336 3124 378 3188 de
401 3126 591 3210 quaestione
605 3123 694 3188 edite
716 3123 849 3186 fuerunt
863 3121 1054 3208 multiplicis
1076 3127 1207 3209 generis
1233 3129 1366 3212 scripte,
1438 3113 1439 3164 l

251 3231 287 3284 ut
310 3243 394 3307 quae
418 3220 647 3286 difficultatem
670 3218 794 3286 habent
816 3220 936 3284 iterum
954 3220 998 3284 ab
1022 3221 1223 3284 adversariis
1247 3245 1290 3286 ex
1312 3241 1367 3288 un·
1438 3287 1439 3302 ,

251 3319 449 3404 tiquioribus
471 3317 673 3398 stratoribus,
698 3318 890 3402 praesertim
913 3315 1111 3400 Gaditanis,
1136 3318 1369 3403 colligemur

251 3426 283 3480 et
306 3425 581 3501 proponerentur3
606 3437 626 3478 a
639 3413 868 3480 defensoribus
883 3436 960 3479 vero
976 3415 1148 3480 doctrinae
1159 3415 1366 3482 orthodoxae
1438 3411 1439 3416 ’

252 3514 367 3580 eadem
391 3513 498 3578 denuo
523 3515 708 3578 accuratius
739 3511 983 3578 discuterentur
1006 3523 1038 3576 et
1061 3512 1274 3595 soluerentur,
1300 3537 1365 3578 non
1438 3527 1439 3540 ³

251 3611 356 3676 solum
380 3612 553 3696 propositis
576 3612 778 3693 argumentis
799 3631 913 3674 comm
937 3611 993 3696 qui
1017 3620 1093 3674 unte
1114 3612 1205 3696 ipsos
1227 3611 1365 3675 Honorii

251 3710 352 3774 fidem
376 3709 647 3786 vindicaverunt,
681 3706 738 3770 sed
774 3707 897 3772 additis
928 3708 1027 3772 etism
1060 3707 1365 3773 eluoubrutionibus
1438 3714 1439 3758 ἴ

253 3829 392 3890 magnae
416 3806 576 3870 utilitatis.
621 3803 709 3871 Illud
731 3806 821 3870 enim
838 3805 1009 3871 sciendum
1035 3815 1094 3886 est,
1116 3807 1153 3870 in
1176 3807 1366 3892 qusosfiuns

328 3977 346 4042 ¹)
366 3975 405 4026 Dc
423 3971 536 4026 Honorii
563 3973 577 4025 I
603 3971 716 4025 Romani
746 3972 885 4026 Pontificis
914 3987 994 4025 caiisa
1013 3971 1040 4026 in
1060 3972 1179 4026 Concilio
1197 3973 1235 4026 Vl
1262 3973 1366 4026 bisses

254 4054 324 4108 tutio
342 4054 452 4120 ¹Iosephi
471 4052 630 4116 Pennacohi,
649 4053 676 4105 in
704 4051 826 4108 Romans
849 4052 1001 4109 studiorum
1027 4052 1211 4107 Universitate
1229 4051 1366 4108 liuterius
1438 4045 1439 4130 l

255 4131 325 4185 Eccl.
344 4131 506 4186 Professoris
524 4131 676 4186 substituti.
697 4135 774 4186 Anno
795 4131 872 4186 1870.
1438 4131 1439 4149 ¹

330 4213 356 4279 ²)
374 4210 425 4264 Sur
442 4213 469 4264 la
487 4212 657 4266 Dtolsrstion
676 4212 711 4265 do
730 4213 827 4280 Clsrge
845 4212 878 4266 ds
896 4211 1005 4267 manu.
