2900 4800
429 457 470 512 De
489 458 606 514 Concilio
624 460 792 516 oecumenico
809 465 894 514 sexto.
1163 463 1217 518 449

101 597 324 684 negligentiae
356 610 485 664 tantum
508 623 584 668 eum
614 602 827 690 damnaviu).
866 602 1025 668 Attamen
1048 626 1123 668 cum
1148 603 1216 690 plu·

100 698 194 762 rimis
218 695 378 782 meologis
402 719 589 782 censemus,
605 701 705 764 etiam
720 700 792 766 illos
815 702 985 786 episcopos
1009 703 1043 766 in
1068 701 1216 768 Concilio

101 795 152 860 VI
174 793 264 860 haud
289 795 464 862 damnasse
479 796 665 862 Honorium
689 800 836 884 praecise
859 808 896 862 ut
918 798 1063 864 haeresis
1085 801 1217 885 proprie

101 892 210 958 dictae
233 913 337 958 reum.
382 891 423 958 Id
446 895 535 958 enim
558 917 601 960 ex
623 895 734 960 verbis
754 896 874 982 quibus
898 904 1035 962 utuntur
1057 918 1123 964 non
1146 919 1217 984 prc-

101 991 209 1056 batnr.
254 989 443 1078 Appellatio
465 993 615 1058 metiri
637 1013 675 1058 eo
694 1003 840 1080 tempore
864 1004 896 1058 et
918 993 1084 1079 prioribus
1107 1017 1217 1061 saccu-

100 1089 143 1154 lis
165 1111 231 1154 non
255 1110 383 1174 semper
402 1088 457 1154 illo
481 1111 580 1156 sensu
599 1092 710 1157 stricto
725 1091 965 1174 adhibebatur,
981 1094 1038 1178 qui
1061 1102 1175 1180 postea
1198 1116 1218 1157 a

101 1185 222 1252 Schola
246 1197 279 1250 et
301 1187 336 1252 in
352 1186 434 1252 Jurc
451 1189 610 1252 canonico
630 1199 784 1254 accurate
799 1189 955 1254 definitus
978 1199 1045 1272 est,
1070 1191 1128 1254 sed
1151 1211 1218 1256 non

100 1305 175 1350 raro
198 1283 306 1348 latiori
330 1305 428 1349 sensu
450 1284 656 1369 sumebatur,
680 1288 726 1352 ita
746 1295 782 1350 ut
805 1308 842 1351 eo
866 1289 1000 1352 nomine
1023 1309 1090 1352 non
1113 1287 1218 1354 solum

101 1381 368 1468 significarentur
404 1383 462 1468 qui
495 1381 594 1448 falsas
632 1383 798 1450 doctrinas
834 1385 1046 1471 pertinaciter
1083 1385 1217 1450 tueban-

101 1489 174 1562 tur,
210 1479 268 1544 sed
300 1480 400 1544 etiam
436 1479 654 1564 schismatici,
688 1482 831 1548 fautores
868 1482 1127 1566 haereticorum,
1167 1504 1217 1548 su·

101 1578 206 1664 specti
230 1577 271 1642 de
294 1575 441 1658 haeresi,
466 1576 519 1642 vel
544 1579 567 1643 ii
591 1581 648 1665 qui
672 1601 730 1644 suo
753 1579 875 1664 agendi
899 1580 1016 1663 modo,
1041 1581 1218 1646 conniveri·
1329 1571 1331 1576 ¹

101 1679 149 1740 tia
178 1674 232 1740 vel
258 1675 460 1760 negligentia
488 1675 651 1742 haeresim
675 1675 955 1764 promovebant¹).
998 1716 1041 1726 —-
1079 1677 1219 1764 Reliqua

102 1795 182 1839 vero
201 1795 290 1860 ,quae
313 1795 334 1836 a
356 1769 505 1839 Concilio
538 1774 579 1840 de
602 1775 750 1841 Honorio
783 1775 952 1858 dicuntur,
980 1776 1149 1862 aptissime
1173 1777 1219 1840 ita

101 1872 210 1958 accipi
234 1880 387 1957 possunt,
412 1880 449 1934 ut
477 1893 543 1936 non
566 1871 737 1936 formalem
765 1893 908 1936 errorem
932 1875 967 1939 in
991 1873 1141 1938 doctrina
1164 1895 1218 1938 ex-

101 1971 268 2056 primant,
293 1989 330 2033 eo
355 1967 409 2032 vel
432 1971 547 2054 magis,
581 1970 670 2055 quod
692 1971 816 2056 pluries
846 1994 866 2037 a
889 1971 1024 2057 reliquis
1047 1973 1104 2058 qui
1128 1971 1217 2036 dam·

102 2077 225 2134 uantur
253 2065 421 2132 Honorius
453 2077 658 2150 secernatur,
687 2079 720 2134 et
749 2069 969 2154 significetur,
993 2092 1069 2134 eum
1092 2069 1217 2135 coades-

102 2166 242 2232 cersdc'sse
265 2163 440 2230 haereticis
464 2174 496 2228 et
518 2166 564 2230 ita
588 2187 644 2230 eos
657 2165 814 2232 firmasse.
838 2167 1029 2234 Dicendum
1052 2189 1122 2234 esse
1145 2189 1218 2232 cen-

176 2387 199 2453 ⁴)
218 2385 292 2440 Haec
310 2390 352 2440 est
370 2386 508 2440 sententia
534 2401 614 2454 quam
631 2387 817 2456 propugnavit
843 2387 899 2442 Joa
918 2387 1054 2442 Pennachi
1072 2387 1101 2442 in
1119 2387 1219 2442 ommia

102 2481 153 2522 sua
170 2465 380 2520 Dissertatione:
399 2466 443 2520 De
460 2467 580 2522 Honor-ii
596 2466 618 2520 Ι
632 2481 725 2522 causa.
762 2467 976 2532 Animadvertit,
995 2467 1080 2524 latam
1098 2467 1132 2522 ab
1150 2467 1219 2536 epis·

102 2545 175 2616 copis
193 2543 369 2600 orientalibus
387 2544 551 2600 sententiam
568 2546 686 2602 valorem
703 2562 789 2614 nequa
801 2563 835 2602 ex
853 2547 1048 2614 subscriptione
1066 2547 1219 2616 legatorum

102 2623 274 2693 spostolicae
291 2623 365 2680 Sedis
383 2624 517 2690 hausisse,
537 2641 617 2691 quum
636 2625 664 2679 hi
677 2633 800 2681 carerent
819 2626 995 2682 facultatibus
1013 2627 1171 2695 opportunis
1190 2633 1219 2681 at

101 2705 275 2770 necessariis,
293 2711 326 2759 ut
339 2705 411 2760 latae
429 2705 596 2760 damnationi
610 2705 814 2762 subscriberent.
835 2707 1035 2775 consequenter
1053 2706 1127 2762 illam
1146 2707 1218 2762 dam·

101 2785 240 2840 nationem
257 2800 352 2853 par-se
370 2785 470 2840 nullius
489 2801 547 2841 asse
566 2786 673 2842 saleru.

66 2934 71 2942 ,
176 2877 199 2940 ’)
217 2873 275 2930 Hoc
292 2874 389 2928 summi
405 2876 535 2930 momenti
558 2882 601 2930 est
619 2875 653 2930 sd
675 2875 836 2930 solutionem
854 2874 1019 2941 quaestionis
1037 2875 1071 2930 de
1088 2889 1143 2942 qua
1160 2874 1218 2944 agr·-

101 2963 157 3012 tur.
193 2955 291 3010 Fusius
309 2970 373 3010 vero
392 2961 420 3010 et
439 2970 473 3010 ex
490 2954 611 3024 professo
638 2959 770 3012 assertum
792 2955 993 3009 demonstratur
1010 2953 1155 3022 propositis
1174 2969 1218 3008 ax·

101 3035 196 3104 amplis
214 3052 232 3088 a
248 3035 374 3104 Belgeni
393 3035 422 3089 in
441 3037 612 3104 opereFatti
630 3035 784 3090 commatici
801 3033 832 3088 T.
851 3034 873 3090 L
893 3050 914 3088 e.
933 3033 980 3087 IV.
998 3033 1067 3086 Rern
1084 3031 1141 3102 ipse
1159 3048 1219 3100 pre

99 3113 150 3250 ppt
168 3129 190 3168 e.
210 3130 237 3183 g.
257 3130 290 3169 ax
312 3113 426 3168 historia
444 3115 744 3182 Quartodecimanorum
762 3113 791 3170 in
814 3113 998 3170 controversia
1021 3113 1053 3166 tle
1078 3111 1219 3178 Paschate,

149 3209 183 3248 ex
201 3193 277 3248 modo
295 3194 435 3260 loquendi,
455 3195 613 3262 qucPatres
631 3193 702 3250 rarii
713 3194 741 3248 in
755 3193 902 3248 Concilium
914 3193 1084 3248 Arimineuse
1102 3197 1131 3247 et
1149 3192 1218 3260 epis-

100 3289 180 3342 copos
199 3275 245 3342 qni
264 3273 301 3328 ibi
321 3273 467 3330 adfuerunt
485 3275 625 3328 invehunt.
645 3275 678 3328 In
697 3274 814 3329 concido
833 3273 943 3328 CPtano
961 3275 975 3327 Ι
993 3273 1106 3328 dicitur:
1132 3273 1219 3340 ,Hae-

99 3355 200 3412 reticos
223 3360 315 3410 antem
342 3355 453 3408 dicimus
476 3359 505 3409 et
523 3355 569 3421 qui
597 3355 660 3410 olim
685 3354 719 3408 ab
746 3353 867 3410 Ecclesia
893 3353 1011 3408 abdicati
1034 3359 1107 3418 sunt,
1125 3357 1154 3408 et
1173 3353 1218 3419 qui

2 3439 5 3449 ‘
100 3443 237 3506 posteaa
266 3435 342 3490 nobis
366 3442 431 3490 sunt
456 3435 689 3490 anathematizati.
726 3435 768 3490 Ad
792 3434 858 3488 haec
883 3440 974 3488 autem
1001 3439 1030 3488 et
1048 3448 1106 3498 eos,
1126 3433 1171 3500 qni
1190 3449 1219 3488 se

101 3531 195 3572 sanam
211 3516 319 3583 quidem
339 3515 418 3570 fidem
436 3514 558 3570 confiteri
576 3529 642 3582 prae
660 3513 808 3577 scierunt,
827 3513 915 3568 avulsi
933 3517 1024 3566 autem
1043 3517 1107 3566 sunt
1126 3518 1154 3566 et
1172 3513 1219 3566 ad-

101 3611 195 3650 versus
223 3595 363 3648 canonicos
388 3600 493 3649 nostros
519 3595 654 3664 episcopos
682 3593 921 3663 congregationem
939 3591 1069 3646 faciunt.“
1090 3593 1218 3647 —Idem

101 3673 242 3730 confirmat
261 3691 294 3729 ex
311 3675 398 3744 gestis
417 3675 527 3729 Concihi
546 3673 693 3742 Epheeini,
713 3682 741 3729 et
753 3673 853 3742 Synodi
871 3673 1099 3738 Chalcedonensis,
1118 3673 1147 3726 in
1165 3689 1220 3741 qna

100 3756 145 3810 vel
164 3754 221 3824 ipse
238 3755 437 3820 Theodoram,
456 3771 538 3822 quum
555 3755 691 3810 haesitare
709 3754 849 3808 videratur
866 3753 1021 3808 Nestorium
1039 3752 1218 3808 anathemati·

101 3851 173 3900 zara,
192 3835 226 3890 ab
243 3835 375 3904 episcopis
393 3835 611 3890 conclamabatur
629 3834 787 3890 haereticus.
825 3833 859 3888 In
877 3831 993 3888 materia
1014 3832 1076 3888 fidei
1094 3831 1161 3886 illud
1178 3833 1219 3888 vi-

100 3913 186 3986 gebat
203 3913 364 3984 prinoipium
382 3915 479 3972 Felicis
497 3915 546 3982 111,
566 3915 635 3982 quod
654 3915 737 3969 etiam
755 3914 785 3968 iu
802 3913 869 3968 Jure
887 3929 945 3967 can.
965 3913 1065 3982 (Error,
1082 3913 1152 3968 Dist.
1171 3914 1219 3979 83)

100 3996 217 4050 citatur:
244 3995 343 4062 „Error
368 3995 411 4050 cui
439 4012 493 4050 nou
510 3995 650 4050 resistitur
667 3993 839 4063 approbatur,
864 3998 892 4048 et
910 3992 1013 4048 veritas
1032 4008 1092 4047 cum
1110 3991 1220 4046 minime

100 4075 259 4130 defensatur
277 4074 462 4144 opprimitur.“
483 4077 523 4130 Ac
544 4075 643 4145 passim
663 4075 814 4141 quicunque
833 4073 951 4141 positiva
969 4071 1156 4138 cooperatione
1174 4072 1218 4126 vel

99 4155 291 4220 conniventia,
310 4172 357 4210 eeu
373 4155 486 4225 ignaria
504 4163 533 4210 et
545 4155 730 4224 negligentia,
749 4153 962 4222 cooperabantur
973 4151 1070 4216 emori,
1089 4150 1218 4206 haeretici

99 4233 266 4292 dicebantur.
287 4265 320 4276 -

166 4346 294 4398 longincus,
312 4347 487 4388 vimaranense-
517 4347 576 4388 Tom.
594 4345 618 4388 il.
1078 4322 1112 4375 29
