2936 4814
234 445 270 495 32
589 447 629 500 De
647 447 714 501 Sede
733 449 853 502 Romana
870 449 896 503 S.
915 450 1001 505 Petri.

235 585 398 651 thicorum
421 599 606 654 commenta
629 590 740 676 plures
763 593 828 654 viri
852 591 995 676 theologi
1013 591 1172 658 Germani
1195 595 1243 656 uti
1261 594 1354 657 Win-

235 682 443 767 dischmann,
476 687 608 771 Herbst,
638 688 849 775 Stanglein1),
883 689 1122 777 Hagemannv),
1146 691 1249 754 variis
1279 691 1355 754 Dis·

235 782 466 847 sertationibus
502 786 696 852 refutarunt.
744 785 866 852 Contra
898 787 1113 872 Anonymum
1139 787 1354 852 Waldensem

235 881 366 964 scripsit
397 881 554 966 Aloysius
586 883 661 948 Ado
694 884 816 948 librum
849 887 903 948 cui
934 884 1066 948 titulus:
1117 886 1149 948 lt
1168 887 1304 971 oiappio,
1329 885 1356 948 il

234 981 389 1056 martirio,
414 979 616 1067 l'episcopato
640 983 675 1046 di
697 981 730 1046 S.
756 983 863 1047 Pietro
886 984 922 1046 in
945 985 1048 1046 Roma
1071 983 1253 1046 dimersas
1276 981 1355 1068 (Na-

234 1073 300 1159 poli
327 1074 443 1160 1861);
476 1087 509 1141 et
530 1079 566 1144 P.
591 1081 734 1144 Perrone
758 1080 791 1146 S.
815 1081 847 1146 J.
872 1079 1067 1165 opusculum
1092 1080 1181 1165 quod
1203 1079 1356 1144 inscribi-

235 1181 303 1235 tur:
337 1171 369 1236 Β.
405 1175 511 1240 Pietro
543 1179 580 1240 ia
611 1181 715 1242 Roma
747 1177 866 1265 (Roma
901 1175 1010 1263 1864).
1057 1177 1096 1240 In
1129 1177 1357 1262 disputatione

235 1279 345 1334 autem
369 1270 425 1334 illa
439 1273 589 1338 Romana
613 1274 655 1362 (a.
683 1274 783 1361 1872)
798 1296 898 1360 quam
922 1275 1145 1340 indicavimus
1160 1285 1226 1338 tres
1249 1297 1357 1338 saeer-

236 1367 328 1432 dotes
352 1369 491 1435 Romani
515 1373 663 1452 Fabiani,
683 1371 809 1458 Cipolia
832 1382 865 1436 et
889 1371 990 1436 &eidi
1013 1372 1126 1436 solidis
1150 1373 1356 1456 argumentis

235 1465 474 1532 haereticorum
498 1481 684 1535 commenta
707 1470 935 1556 rejecerunt³).
965 1509 1008 1518 -—
1031 1471 1123 1534 Inter
1144 1470 1358 1532 Dissertatio-

236 1585 294 1628 nes
317 1565 355 1630 R.
379 1567 416 1631 P.
431 1567 484 1630 De
499 1568 614 1632 Smedt
635 1570 743 1654 prims
773 1579 822 1632 est
845 1569 886 1632 de
915 1567 979 1632 hoc
1003 1568 1119 1632 eodem
1142 1576 1356 1650 argument03

235 1665 366 1748 egregie
390 1666 453 1728 iter
475 1675 507 1728 et
529 1668 757 1751 episcopatum
771 1667 957 1730 Romanum
980 1666 1018 1731 B.
1043 1666 1132 1730 Petri
1156 1666 1258 1728 etiam
1281 1665 1356 1728 vin·

235 1761 362 1826 dicavit
375 1763 418 1827 D.
435 1763 666 1828 Hundhausen
690 1766 724 1827 in
743 1762 988 1848 Prolegomenis
1011 1763 1055 1827 ad
1070 1762 1355 1828 Commentarium

235 1861 271 1923 in
294 1860 466 1944 epistolam
489 1863 630 1947 primam
654 1885 679 1927 s.
703 1864 803 1927 Petri.
837 1861 902 1928 Sed
926 1864 1071 1925 maxime
1095 1880 1354 1926 commemoran-

236 1958 315 2023 dum
347 1958 410 2022 hoc
442 1958 512 2024 loco
545 1971 594 2024 est
626 1981 717 2045 opus,
752 1960 840 2046 quod
872 1982 902 2024 a.
930 1960 1013 2024 1867
1039 1980 1141 2044 quum
1169 1957 1355 2022 saecularia

236 2057 381 2120 redirent
403 2056 561 2120 solemnia
584 2060 732 2142 martyrii
756 2059 824 2122 BB.
841 2057 1073 2143 Apostolorum
1087 2057 1176 2120 Petri
1199 2065 1232 2118 et
1245 2055 1353 2138 Pauli,

236 2152 341 2216 edidit
364 2154 398 2216 P.
414 2153 621 2218 Sebastianus
642 2154 844 2242 Sanquinetti
865 2155 897 2218 S.
918 2155 952 2220 J.
978 2154 1039 2218 sub
1063 2153 1174 2218 titulo:
1199 2153 1248 2216 De
1271 2152 1354 2218 Sede

238 2253 383 2314 Romana
406 2250 443 2313 B.
474 2252 562 2316 Petri
584 2253 744 2339 Principis
773 2253 997 2338 Apostolorum
1023 2249 1269 2316 Commentarius
1292 2253 1354 2315 nis-

236 2349 353 2411 torious
381 2346 549 2434 mamad)
599 2350 673 2414 Hoc
710 2352 798 2414 enim
831 2371 929 2434 opere
960 2350 1084 2413 factum
1115 2347 1199 2412 illud
1222 2347 1353 2411 histori·
1456 2399 1457 2408 ,

237 2467 312 2508 oum
335 2445 407 2509 fuse
431 2455 463 2509 et
486 2447 652 2532 praeclare
676 2448 920 2512 demonstratur
942 2457 975 2510 et
997 2447 1195 2511 vindicatur.

762 2628 822 2691 11.

482 2826 487 2836 Ι
532 2742 894 2806 Demonstratto
918 2739 1053 2819 faeti.

108 2851 225 2952 ωηιξη
325 2855 355 2919 8.
380 2853 569 2941 Antequam
601 2854 829 2940 probationem
863 2855 990 2918 itineris
1022 2853 1163 2916 Romani
1196 2851 1229 2917 S.
1262 2852 1352 2915 Petri

182 2939 189 2952 ’
237 2953 374 3038 ejusque
424 2954 631 3038 episcopatus
688 2951 892 3032 evolvimus,
945 2950 987 3014 de
1037 2952 1164 3013 ratione
1223 2957 1353 3012 nostrae

236 3049 439 3134 probationis
485 3049 548 3114 hoc
588 3050 761 3114 advertere
807 3051 972 3113 convenit.
1032 3048 1180 3111 Primum
1228 3045 1353 3108 indica·
1456 3121 1457 3132 χ

236 3147 345 3210 bimus
375 3149 484 3232 potius
515 3169 614 3232 quam
645 3147 837 3210 evolvamus
867 3147 1162 3210 demonstrationem
1185 3142 1354 3229 quandam
1456 3195 1457 3232 5

235 3244 420 3330 penerolem,
445 3267 530 3330 quae
554 3267 596 3307 ex
619 3245 756 3330 probato
787 3254 819 3307 et
847 3245 960 3327 agnito
983 3245 1127 3328 primatu
1150 3239 1218 3304 RR.
1242 3239 1354 3302 Ponti·
1456 3237 1457 3298 f

236 3342 336 3405 ficum
367 3343 503 3427 ejusque
535 3367 620 3406 meu
652 3343 762 3408 intimo
797 3363 873 3404 eum
905 3341 992 3404 facto
1025 3339 1080 3403 illo
1115 3337 1293 3422 originario
1317 3337 1352 3400 S.

236 3439 334 3520 Petri,
350 3459 479 3502 necnon
494 3461 536 3502 ex
559 3437 739 3502 universali
749 3440 957 3524 persuasione
972 3437 1137 3500 societatis
1151 3435 1354 3498 christianae

236 3535 435 3618 desumitur;
467 3535 544 3599 dein
568 3559 607 3599 ese
631 3537 823 3600 decrementis
851 3537 1009 3598 historicis
1032 3534 1234 3620 antiquitatis
1256 3551 1354 3594 aceu-
1456 3615 1457 3618 Ἴ

236 3635 339 3696 ratius
362 3633 581 3716 ostendemus,
607 3634 789 3696 certissima
812 3633 900 3718 facta
923 3653 994 3695 esse
1018 3633 1080 3694 iter
1101 3631 1288 3694 Romanum
1311 3627 1353 3692 B.

236 3731 324 3793 Petri
339 3731 476 3815 ejusque
495 3733 529 3794 in
549 3731 611 3794 hae
626 3729 764 3794 ecclesia
783 3731 1009 3814 episcopatum
1024 3727 1187 3813 usquead
1202 3735 1353 3790 mortem.
1456 3729 1457 3742 ¹

241 3851 271 3857 -i
285 3851 354 3858 t-—ae

312 3891 332 3956 ¹)
350 3851 492 3943 V.*Tlieol.
512 3887 693 3955 Quartalsehr.
713 3903 736 3942 a
758 3889 826 3941 1820
845 3892 873 3941 et
892 3889 969 3940 1840.

311 3970 332 4036 ¹)
350 3968 402 4022 Die
426 3967 566 4022 Rttmisohe
593 3968 693 4022 Kirche
711 3973 761 4022 etc
790 3967 818 4020 in
843 3967 894 4020 den
920 3969 1012 4020 ersten
1041 3965 1099 4020 drei
1124 3961 1354 4020 Jahrhuuderten.
1456 4011 1457 4040 p

237 4047 381 4114 (Freiburg
402 4049 490 4115 1863.)

310 4127 333 4193 ³)
352 4126 394 4179 Ex
412 4127 555 4181 haereticis
573 4127 748 4194 disputarunt
766 4125 895 4189 Sciarelli‚
913 4124 1020 4178 Ribetti
1038 4129 1068 4178 et
1086 4122 1215 4178 Govaszi.

311 4206 333 4271 ⁴)
353 4206 460 4270 Romae,
480 4221 514 4260 ex
532 4206 641 4260 officina
659 4205 771 4260 libraria
788 4205 897 4258 Mensae
915 4204 1086 4272 Apostolioae
1106 4206 1181 4256 1867.
