2874 4812
475 1219 835 1342 Dissertatio
881 1217 1121 1366 quinta.

259 1455 321 1534 De
347 1458 450 1533 ortu
478 1449 724 1532 arianismi
752 1437 804 1531 a'e
830 1449 884 1530 de
911 1445 1110 1532 Concilio
1140 1449 1345 1532 Nicaeae.
1426 1517 1427 1520 κ

718 1639 880 1648 -ι--ι

79 1792 215 1832 Dissonare
333 1780 361 1842 1.
387 1776 498 1856 Quum
531 1776 566 1839 id
590 1778 734 1839 maximo
764 1773 859 1838 nobis
883 1776 1085 1860 propositum
1116 1775 1167 1855 sit,
1192 1784 1231 1837 ut
1255 1775 1299 1838 de
1323 1775 1364 1837 iis

80 1853 113 1893 nia
129 1852 209 1892 indoles

212 1883 217 1892 ’
243 1875 441 1939 disseramus
469 1873 624 1936 historias
646 1873 889 1936 ecclesiasticae
913 1871 1102 1953 eventibus,
1126 1873 1183 1956 qui
1207 1872 1265 1936 vel
1289 1893 1365 1936 con-

243 1973 410 2038 troversiis
433 1972 615 2035 acrioribus
639 1971 846 2034 occasionem
877 1969 1013 2050 dedere,
1038 1969 1092 2033 vel
1115 1971 1148 2034 in
1172 1970 1365 2034 evolutione

243 2094 282 2135 ac
315 2071 384 2133 vita
414 2071 518 2154 ipsius
550 2069 720 2133 Ecclesiae
752 2068 887 2131 fuerunt
909 2068 1043 2154 majoris
1067 2069 1241 2131 momenti:
1267 2089 1365 2132 nemo

244 2169 373 2253 estqui
397 2189 462 2231 non
486 2166 609 2248 videat,
625 2188 667 2229 ex
682 2165 856 2230 eventibus
871 2164 992 2230 saeculi
1008 2165 1057 2230 IV
1082 2166 1197 2229 merito
1220 2187 1243 2228 a
1268 2165 1365 2228 nobis

244 2265 320 2349 eligi
353 2263 532 2328 Arianismi
568 2273 674 2327 ortum
708 2272 740 2328 et
771 2263 957 2328 Nicaenum
982 2261 1183 2343 Concilium,
1207 2271 1246 2325 ut
1271 2285 1366 2326 accu-

243 2363 346 2424 ratius
370 2361 411 2424 de
435 2361 525 2424 hisce
540 2370 726 2426 tractemus.
762 2360 905 2425 Immani
928 2361 1017 2426 enim
1042 2361 1114 2424 Arii
1139 2359 1269 2425 haeresi
1295 2363 1365 2446 ipss

243 2458 460 2522 fundamenta
493 2458 570 2522 fidei
604 2468 636 2521 et
669 2458 835 2541 religionis
868 2457 1068 2522 christianae
1092 2479 1254 2522 concussa
1279 2467 1365 2535 sunt,

244 2568 342 2643 atque
366 2555 535 2620 Ecclesiae
567 2578 649 2641 pace
677 2557 748 2641 jam
780 2554 939 2642 fruenti¹)
973 2555 1014 2620 ab
1049 2556 1192 2620 inimicis
1225 2556 1367 2619 internis

245 2657 362 2718 iterum
394 2674 522 2717 summa
553 2655 748 2716 imminuere
779 2651 936 2737 pericula.
982 2654 1047 2717 Per
1076 2655 1218 2738 primum
1253 2664 1366 2718 autem

247 2750 327 2816 illud
353 2750 539 2814 Concilium
572 2752 822 2814 oecumenicum
856 2749 1044 2816 solemniter
1076 2773 1154 2814 vera
1186 2749 1273 2814 fides
1298 2773 1367 2836 pro-

246 2849 385 2913 clamata
409 2859 467 2930 est,
491 2870 530 2912 ac
553 2848 657 2912 firmis
681 2848 853 2912 moenibus
876 2847 1044 2932 religionis
1073 2847 1130 2914 ar'a
1154 2857 1273 2912 eontra
1297 2847 1368 2912 hos-

246 2949 328 3010 tium
352 2948 495 3031 impetus
517 2948 747 3031 circumsepta.
795 2945 892 3010 Unde
925 2947 1025 3010 etiam
1057 2947 1265 3031 insurgentes
1294 2946 1368 3010 hae-

245 3066 333 3108 reses
357 3042 554 3128 multiplices
587 3041 858 3128 subsequentium
892 3041 1108 3124 saeculorum,
1135 3042 1279 3108 Consilii
1313 3045 1369 3108 Ni·
1426 3103 1427 3126 g

247 3143 340 3205 caeni
378 3140 626 3205 definitionibus
663 3149 762 3225 atque
802 3140 942 3204 decretis
974 3140 1047 3226 jam
1089 3141 1228 3226 rejectas
1270 3152 1370 3228 atquo

246 3239 342 3303 elisas
372 3239 482 3320 fuisse,
513 3237 683 3302 Ecclesiae
706 3238 867 3302 Doctores
897 3237 1219 3319 animadverterunt3
1250 3261 1292 3303 ac
1316 3261 1369 3324 po·

247 3337 397 3400 steriores
431 3335 557 3420 Synodi
597 3333 640 3397 ad
680 3337 792 3419 magni
834 3335 922 3400 illius
958 3333 1097 3399 Concilii
1137 3339 1368 3401 auctoritatem

247 3444 345 3521 alque
370 3433 553 3498 doctrinam
570 3453 750 3516 provocare
775 3433 933 3498 solebant.
957 3431 1060 3498 Plane
1084 3433 1245 3518 singulari
1270 3437 1369 3498 etiam

246 3533 391 3612 ratione,
426 3531 541 3594 divina
563 3529 780 3594 Providentia
805 3531 1020 3615 disponente,
1052 3529 1224 3596 Ecclesiae
1248 3535 1369 3608 unitas,

247 3631 420 3710 sanctitas,
454 3637 552 3713 atque
586 3627 756 3713 majestas,
790 3629 824 3692 in
859 3627 1078 3693 celebratione
1110 3627 1210 3714 hujus
1243 3629 1368 3713 Synodi

247 3727 375 3804 enituit,
409 3728 454 3789 ita
486 3734 522 3788 ut
552 3725 587 3786 in
617 3723 732 3787 eadem
767 3724 883 3789 videas
914 3723 1016 3790 veluti
1049 3724 1153 3790 oculis
1182 3747 1370 3812 repraesen-

247 3836 352 3890 tatum
386 3826 505 3888 mirum
537 3821 630 3885 illum
663 3822 882 3908 triumphum,
921 3844 1020 3908 quem
1057 3833 1130 3909 post
1166 3825 1270 3888 trium
1305 3845 1370 3888 sae

323 4035 342 4105 ¹)
360 4035 400 4089 De
419 4033 554 4102 triumpho
573 4033 714 4104 religionis
732 4031 895 4088 christanae
922 4049 1065 4101 rerumque
1092 4033 1162 4088 mira
1179 4033 1371 4088 immutatione

249 4130 297 4182 par
309 4115 483 4169 Constantini
502 4114 708 4179 conversionem,
727 4113 858 4181 peculiari
877 4112 983 4180 quidem
996 4113 1195 4168 Dissertationa
1214 4129 1301 4183 agera
1312 4130 1370 4168 coa·

249 4193 369 4262 veniret;
400 4195 447 4248 sed
477 4194 605 4262 temporis
634 4193 780 4264 angustiae
808 4193 836 4248 id
854 4193 914 4248 fieri
933 4193 1010 4248 modo
1037 4209 1091 4248 non
1110 4194 1212 4248 sinant
1249 4194 1325 4262 Quae
1343 4209 1372 4247 eo

253 4273 393 4342 pertinent
411 4273 440 4326 in
457 4272 508 4326 hae
526 4278 620 4327 nostra
636 4272 832 4340 Disquisitione
850 4272 970 4327 breviter
988 4273 1163 4343 attingemus.
