2766 4836
400 471 441 529 De
458 474 685 530 semiarianorum
703 473 847 528 antenus
1145 477 1181 532 13

150 619 205 682 19.
228 617 343 682 Tertia
365 617 466 682 factio
499 627 570 681 erat
593 616 871 696 Seniensium-am,
900 619 956 702 qui
978 613 1181 684 vocabulum
1201 662 1333 704 emm,

62 713 234 798 ὁμοοὺσιος
265 724 465 798 recusantes,
498 714 621 779 Filium
659 715 799 778 similem
832 711 922 778 Patri
961 715 995 778 in
1028 716 1182 780 omnibus

61 811 187 898 (lippam
205 811 290 876 κατὰ
306 811 438 900 πάντα),
452 815 551 877 etiam
569 813 752 877 secundum
773 813 960 894 essentiam,
985 809 1180 895 ὃμοιούσιον,

61 911 288 997 profitebatur.
311 911 385 976 Non
409 933 513 975 unum
537 921 587 974 est
609 919 781 974 auctorum
805 909 846 973 de
861 908 1075 975 Semiarianis
1093 912 1181 997 judi·

61 1013 165 1090 cium3
191 1008 299 1090 multi,
323 1010 515 1093 pracsertim
538 1009 737 1072 recentiores
767 1008 884 1088 critici,
908 1027 964 1071 cos
987 1007 1029 1072 ab
1052 1007 1181 1073 haeresi

61 1107 249 1188 absolvunt,
274 1115 306 1170 et
329 1108 417 1171 circa
441 1106 561 1190 dogma
593 1106 634 1170 de
667 1105 842 1169 divinitate
866 1105 969 1168 Verbi
1000 1115 1089 1170 reete
1112 1127 1182 1170 sen-

60 1207 137 1268 sisse
162 1205 368 1270 existimant
415 1204 606 1268 Dicendum
638 1203 781 1284 videtur,
814 1202 943 1287 aliquos
969 1204 1104 1288 quidem
1128 1203 1182 1269 Se

62 1305 241 1368 miamanos
264 1301 443 1388 quamdam
467 1299 772 1365 subordinationem
796 1300 874 1364 Filii
898 1301 959 1365 sub
974 1301 1081 1384 Patre,
1105 1323 1181 1366 cum

60 1401 221 1465 doctrinis
253 1409 419 1464 caeterum
451 1399 654 1480 orthodoxis,
686 1399 770 1462 forte
794 1420 836 1462 ex
860 1399 1052 1464 confusione
1080 1409 1113 1464 et
1136 1402 1182 1465 in·

61 1499 298 1586 consequentia
323 1497 467 1583 quadam
500 1498 700 1581 concepisse,
734 1496 792 1560 sed
820 1494 991 1582 plerosque
1014 1497 1112 1582 plene
1135 1518 1183 1562 or-

60 1598 209 1662 thodoxe
232 1597 383 1660 sensisse.
429 1594 594 1659 Videlicet
621 1593 656 1658 hi
681 1593 878 1659 semiariani
902 1615 961 1679 per
983 1594 1182 1660 vocabulum

58 1694 248 1778 ὁμοιηίσιος
263 1693 491 1777 intelligebant
509 1691 759 1758 similitudinem
774 1691 954 1777 perfectam
969 1693 1003 1756 in
1018 1693 1181 1777 omnibus,

60 1797 90 1857 in
113 1803 240 1857 natura
263 1801 295 1855 et
327 1791 521 1873 substantia,
556 1801 589 1854 et
621 1789 875 1872 contendebant,
900 1811 959 1874 per
981 1789 1063 1852 illud
1087 1813 1182 1856 voca-

60 1891 174 1956 bulum
200 1891 282 1954 satis
305 1890 446 1974 exprimi
481 1888 665 1952 doctrinam
698 1889 733 1951 in
757 1885 905 1952 Concilio
933 1887 1082 1952 Nicaeno
1105 1889 1182 1953 deii

61 1993 173 2072 uitam,
200 1989 256 2052 cni
281 1987 449 2050 doctrinae
473 2007 508 2049 se
531 1985 711 2049 adhaerere
735 1985 984 2070 profitebantur.
1031 1987 1181 2051 Vocabu-

63 2085 127 2151 lum
151 2105 237 2150 vero
261 2081 433 2166 ὁμοοὺσιος
456 2084 548 2168 pacis
562 2105 602 2146 ac
617 2081 813 2146 concordiae
837 2105 937 2146 causa
961 2083 1089 2147 silentio
1113 2107 1182 2170 pre-

61 2183 221 2248 mendum
245 2180 412 2263 volebant,
437 2181 582 2244 maxime
596 2179 685 2266 quod
706 2181 740 2244 in
755 2178 812 2244 88.
837 2178 1016 2265 Scripmris
1038 2203 1105 2246 non
1129 2205 1182 2248 ex-
1208 2171 1210 2174 ¹

60 2292 170 2362 staret,
195 2291 232 2344 et
254 2279 342 2366 quod
366 2280 598 2363 opinarentur,
629 2277 745 2342 eodem
769 2275 904 2340 Sebellii
929 2277 1090 2344 haeresim
1113 2301 1182 2366 per-

62 2401 158 2443 sonas
182 2377 442 2442 confundentem
457 2377 523 2459 tegi
538 2397 643 2460 posse.
680 2375 734 2438 Ex
749 2373 964 2440 semiarianis
982 2387 1077 2441 erant
1098 2380 1184 2442 inter

61 2477 139 2541 alios
153 2474 304 2540 Basilius
318 2473 517 2557 Ancyranus
541 2493 654 2536 eorum
678 2472 757 2554 dux,
777 2471 929 2536 lieletius
943 2472 1182 2558 Antiochenus,

63 2574 229 2638 Eusebius
265 2569 514 2653 Samosatenns,
552 2569 708 2634 Silvanus
744 2569 931 2650 Tarsensis,
969 2570 1002 2636 S.
1041 2570 1183 2656 Cyrillus

63 2670 393 2754 hierosolymitanus.
440 2669 484 2732 Hi
509 2669 656 2752 episcopi
678 2689 807 2732 summo
831 2667 901 2730 uelo
924 2666 1076 2750 Arianos,
1096 2671 1183 2734 Ano-

62 2791 171 2832 moeos
204 2779 239 2831 et
262 2765 448 2830 Acacianoe
480 2767 632 2829 insectati
667 2774 753 2846 sunt,
786 2775 824 2827 ut
855 2773 983 2828 constat
1005 2787 1023 2829 e
1047 2767 1183 2850 synodis

62 2867 245 2950 ancyrana
267 2887 298 2928 a.
322 2861 398 2944 358,
423 2862 625 2928 Seleuciensi
659 2885 689 2927 a.
713 2863 787 2944 359,
812 2861 1023 2927 Antiochena
1051 2885 1082 2928 e.
1105 2865 1181 2947 363,

63 2964 294 3049 Lampsacena
326 2971 358 3025 et
389 2961 559 3044 Tyanensi
592 2983 622 3024 a.
651 2960 726 3042 365,
761 2967 794 3022 et
817 2957 1182 3046 Constantinopolitana

62 3085 90 3125 a.
112 3063 192 3126 381.
367 3077 371 3082 ’

149 3160 205 3223 20.
230 3157 264 3223 S.
289 3155 493 3222 Athanasius
517 3167 550 3220 et
564 3155 597 3220 8.
622 3155 770 3220 Hilarius
794 3175 869 3218 cum
883 3153 1097 3220 Samiarianis
1120 3157 1303 3222 dis-fluenter
1319 3171 1343 3210 ¹¹2

64 3257 226 3342 putabant
259 3264 417 3340 tanquam
451 3275 526 3318 cum
558 3253 717 3318 fratribus
749 3261 781 3316 ct
805 3251 975 3317 catholicis
1004 3275 1079 3318 cum
1103 3257 1183 3340 ipsis
1229 3231 1314 3270 'mm'

64 3355 161 3420 dere
185 3356 259 3439 ipsa
283 3351 581 3432 consentientibus,
614 3363 647 3416 et
679 3351 720 3414 de
753 3349 820 3414 solo
844 3349 1005 3416 vocabulo
1033 3351 1078 3416 ab
1103 3354 1183 3437 ipsis

64 3451 313 3516 dissidentibus.
366 3449 526 3514 Adversas
558 3471 629 3528 eos,
662 3445 777 3512 scribit
808 3446 841 3510 S.
874 3446 1097 3534 Athanasius,
1129 3452 1185 3536 qui

65 3553 169 3614 omnia
202 3548 328 3635 ›Synoda'
361 3547 525 3611 Nicaeaae
558 3547 678 3634 scripta
708 3547 875 3632 recipiunt,
909 3545 947 3609 de
980 3547 1045 3611 solo
1080 3559 1184 3612 comm

65 3645 371 3724 „medecanam
405 3645 574 3732 ambigant,
607 3667 672 3708 aon
704 3653 738 3708 ut
771 3641 920 3706 adversus
950 3645 1096 3711 inimicos
1125 3668 1183 3710 noa

65 3871 144 3924 posse
160 3856 288 3925 acutat
313 3857 380 3925 meio
397 3855 483 3909 Pater
500 3855 627 3910 mitescet
653 3860 807 3911 creaturam
823 3855 978 3909 {alcanedi
996 3871 1096 3923 meare,
1115 3873 1184 3927 quae

67 3937 165 3989 mie
183 3936 229 3988 stoi
245 3935 336 3988 murt:
369 3939 394 3988 rt
411 3935 513 3988 ideireo
540 3935 651 3988 emam
670 3935 752 3988 Patri
777 3949 840 3999 esse,
867 3936 933 4003 prtia
952 3935 1100 3988 uoluntatis
1117 3943 1183 3990 esset

65 4017 158 4082 paene
175 4015 270 4069 Folius
288 4029 369 4082 mum
388 4013 559 4080 amaeam
577 4015 733 4068 dieamilem
751 4018 840 4066 uatem
854 4013 914 4068 Deo
933 4029 995 4080 rese,
1015 4016 1081 4084 quio
1098 4031 1183 4084 nepae

71 4093 144 4146 neue
161 4098 238 4158 esset,
258 4109 343 4162 nepte
360 4103 395 4146 eu
412 4093 488 4157 Deo,
529 4092 559 4144 id
577 4097 616 4144 eet
635 4092 667 4144 de
685 4091 840 4146 substantio
858 4093 913 4147 Dei
939 4099 1025 4146 natae
1041 4099 1115 4148 essa.
1148 4121 1182 4135 -—

71 4173 146 4226 Hace
163 4169 281 4225 ondam
297 4171 384 4238 aaut,
402 4185 488 4241 aeque
506 4171 617 4236 credidi,
630 4171 714 4224 donce
730 4185 791 4224 cam
804 4171 913 4240 publice
930 4188 964 4226 ea
982 4187 1112 4226 eonem
1129 4189 1182 4228 ota-

70 4253 144 4304 rn'en
159 4265 252 4305 roem
264 4251 479 4320 presentamus
495 4250 581 4318 aspa
597 4248 785 4303 enitescetis
801 4251 875 4304 ratio
886 4251 1104 4320 praedicaretur.
