2810 4846
327 1197 686 1322 Dissertatio
727 1238 910 1323 nona.

102 1437 157 1521 Ile
181 1437 393 1520 Romanis
419 1435 713 1521 Pontificibus
744 1443 944 1523 vertente
972 1441 1149 1525 soeculo

216 1569 456 1670 quartoue
482 1567 535 1651 de
562 1567 759 1654 Concilio
784 1569 1021 1672 nonesino.

162 1887 190 1952 l.
238 1884 525 1965 Quemadmodum
572 1885 727 1950 historiae
771 1887 1010 1952 ecclesiasticae
1050 1887 1174 1953 saeculi
1192 1922 1327 1965 mmm.

77 1985 173 2068 quarti
196 1980 411 2070 permagnam
434 1993 560 2070 partem
584 1983 646 2048 sibi
674 1983 848 2050 vindicant
870 1985 1050 2049 Arianismi
1075 1997 1174 2069 ortus,
1192 1985 1225 2026 ³²¹
1239 1985 1327 2026 ΝΟΜ

77 2081 245 2162 damnatio,
262 2083 465 2167 propagatio,
483 2081 737 2163 decrementum,
753 2092 954 2169 eventusque
978 2081 1175 2170 multiplices

76 2181 221 2265 quicum
246 2179 322 2244 fatis
346 2179 542 2244 Arianorum
567 2178 751 2262 cohaerent,
776 2181 823 2245 ita
845 2182 880 2245 in
903 2180 1175 2266 subsequentium

76 2277 271 2342 saeculorum
303 2275 439 2342 historia
470 2279 615 2363 insignes
648 2299 741 2360 sane,
766 2279 792 2342 si
815 2300 882 2343 non
906 2278 1029 2344 dixeris
1051 2280 1175 2365 primas

76 2385 176 2459 partes
198 2376 262 2440 sibi
286 2375 458 2440 vindicant
490 2377 730 2440 controversiae
753 2375 843 2458 illae,
868 2398 952 2462 quae
975 2375 1017 2440 de
1039 2377 1175 2440 Domini

75 2473 294 2538 incarnatione
317 2483 350 2538 et
372 2474 595 2559 redemptione
610 2483 812 2538 exarserunt.
857 2475 982 2539 Earum
1006 2475 1176 2539 occasione

75 2569 181 2636 habita
204 2580 281 2636 sunt
303 2573 396 2638 varia
419 2569 567 2636 Concilio
600 2573 820 2654 oecumenica,
845 2571 984 2636 Romani
1007 2571 1177 2636 Pontificio

77 2691 160 2734 suam
184 2671 414 2734 auctoritatem
437 2671 471 2734 in
496 2669 703 2735 defendenda
718 2669 867 2734 doctrina
891 2669 1051 2733 catholica
1074 2678 1106 2732 et
1129 2691 1176 2733 re-

76 2767 229 2852 pellendis
261 2767 424 2832 orroribus
456 2767 629 2853 multiplici
669 2767 766 2831 modo
800 2776 1038 2848 exercuerunt,
1071 2768 1177 2830 sancti

76 2887 146 2930 vero
170 2866 316 2952 episcopi
340 2875 372 2930 ot
395 2865 542 2930 doctores
556 2865 724 2929 Ecclesiae
748 2865 868 2950 dogma
891 2863 1089 2929 catholicum
1112 2885 1177 2928 ma-

75 2965 156 3028 xime
180 2962 290 3049 quoad
322 2962 378 3028 illa
410 2965 519 3049 capita
550 2965 624 3027 tuiti
655 2972 739 3044 sunt,
765 2961 971 3027 declararunt
994 2971 1026 3025 et
1048 2960 1177 3026 evolve·

75 3071 154 3126 runt.
201 3061 292 3126 Hinc
323 3082 425 3147 quum
457 3083 523 3125 non
555 3061 666 3125 omnia
695 3081 779 3146 quae
811 3063 846 3125 in
869 3059 966 3124 rebus
990 3058 1177 3124 christianis

75 3169 251 3224 evenerunt
274 3159 406 3246 majoris
434 3160 590 3224 momenti
622 3159 725 3223 fusius
757 3158 919 3224 discutere
942 3159 1114 3244 possimus,
1138 3179 1177 3221 ea

9 3297 10 3303 κ
74 3257 284 3322 tractabimus
312 3257 437 3343 aliquot
458 3255 762 3338 Dissertationibus,
793 3279 878 3343 quae
901 3256 944 3321 ad
966 3254 1038 3320 illas
1061 3253 1101 3319 de
1124 3255 1178 3320 In-

75 3359 259 3422 oarnatione
283 3355 434 3420 haereses
457 3364 623 3441 spectant3
657 3355 754 3419 simul
776 3365 887 3419 tamen
910 3353 1176 3418 commemorabi·

74 3477 143 3519 mus
166 3468 304 3519 eventus
335 3455 547 3540 praecipuos,
572 3474 712 3540 quorum
741 3454 829 3517 notio
854 3452 988 3535 confert,
1012 3459 1048 3516 ut
1071 3451 1177 3536 qualis

74 3554 170 3618 fuerit
207 3554 323 3638 quovis
353 3562 501 3638 tempore
536 3573 645 3616 rerum
685 3550 999 3615 ecclesicastioarum
1032 3548 1176 3614 conditio

73 3653 180 3716 animo
205 3651 418 3735 concipiatur.

159 3749 191 3813 2.
215 3748 446 3834 Opportunum
469 3769 546 3812 vero
563 3746 694 3812 videtur
709 3745 771 3810 hoc
788 3744 859 3809 loco
884 3746 918 3808 in
942 3754 1085 3809 mentem
1107 3743 1177 3810 bre·
1189 3769 1296 3874 paxu
1312 3771 1337 3814 u

1208 3844 1231 3873 ῦῐ
1272 3844 1345 3874 nom.

72 3851 157 3912 riter
179 3868 333 3912 revocare
356 3845 505 3912 haereses
528 3847 621 3928 istas,
645 3844 765 3932 quibus
787 3842 937 3928 pluribus
959 3843 1098 3908 saeculis
1116 3843 1177 3908 Ec·

13 4016 18 4027 ι
73 3947 171 4012 olesia
194 3945 324 4011 turbata
347 3945 419 4027 fuit,
443 3966 571 4009 necnon
593 3941 742 4007 Concilio
764 3961 848 4027 quae
872 3962 984 4006 eorum
1007 3943 1178 4007 occasione

73 4045 186 4110 habita
209 4053 293 4109 sunt.
316 4081 360 4090 -
383 4041 492 4130 Atque
511 4043 672 4127 imprimis
686 4062 750 4114 uno
766 4037 867 4103 verbo
891 4049 1064 4123 tangamus
1086 4040 1178 4104 Pela-

72 4145 276 4232 yconomum
319 4163 396 4206 nam
421 4143 519 4206 etiam
542 4141 604 4204 ista
628 4139 773 4203 haeresis
795 4136 1029 4222 redemptionis
1051 4137 1178 4202 fructus

73 4253 169 4330 atque
203 4241 338 4306 effectus
370 4240 502 4304 omnino
535 4235 779 4324 pessumdabat.
834 4234 899 4300 Sed
931 4233 1029 4324 hujus
1061 4238 1179 4302 erroris
1244 4261 1248 4269 ’
