2924 4818
242 503 295 556 182
583 502 622 554 De
641 501 726 569 Opere
745 499 1026 568 Philosophonmenou.

243 667 295 722 νος
323 643 419 709 αὐτὸν
442 643 527 724 oxonia
558 644 640 730 πρὸς
670 643 727 732 τὴν
758 640 956 706 κατάστασιν
978 647 1035 706 τοῦ
1058 641 1196 730 κλήρου),
1231 651 1266 706 et
1288 663 1365 727 pro·

242 747 312 830 prio
337 745 386 808 sui
411 744 514 828 ipsius
538 743 659 807 damno
689 742 752 807 hoo
781 742 905 806 honore
929 764 1005 806 eum
1034 743 1161 822 affecit3
1184 741 1290 805 Antio
1314 762 1366 804 re-

243 851 396 906 vocatum
412 843 606 905 coemeterio
622 841 780 927 praefecit
795 833 855 926 (εἷς
868 838 906 902 τὸ
921 838 1125 927 κοιμητήριον
1141 837 1366 926 κατέστησεν.)

243 940 397 1005 Callistus
420 962 520 1026 quum
555 961 684 1025 semper
715 938 904 1023 Zephyrino
928 938 1067 1020 adesset,
1100 939 1206 1023 eique,
1231 945 1270 999 ut
1288 937 1363 1022 jam

242 1049 317 1102 ante
354 1038 435 1119 dixi,
460 1037 597 1101 subdole
614 1035 810 1124 (ὑπόκρισει)
827 1038 974 1118 serviret,
996 1038 1042 1099 ita
1056 1057 1132 1100 eum
1156 1033 1200 1099 ad
1215 1034 1365 1100 nihilum

241 1136 377 1220 redegit,
411 1145 447 1198 ut
470 1157 509 1199 ea
541 1157 625 1220 quae
658 1135 791 1199 dicebat
825 1156 891 1198 non
920 1135 992 1221 jam
1024 1133 1222 1219 ponderaret
1256 1153 1365 1195 senex

242 1256 348 1319 neque
372 1232 508 1298 consilia
531 1235 732 1318 perspiceret
742 1231 879 1314 Callisti,
905 1234 1015 1296 omnia
1038 1231 1081 1296 ad
1105 1231 1366 1296 oblectationem

243 1334 345 1418 ipsius
368 1333 574 1396 annuentis.“
622 1331 700 1395 Post
723 1341 860 1394 mortem
880 1331 1061 1416 Zephyrini
1085 1353 1115 1394 a.
1140 1330 1204 1393 218
1228 1331 1263 1393 in
1289 1351 1366 1392 suc·

242 1451 402 1494 cessorem
427 1429 549 1493 electus
581 1440 630 1493 est
650 1428 819 1512 Callistus,
852 1432 909 1515 qui
932 1451 992 1514 per
1014 1437 1155 1515 quatuor
1177 1447 1282 1492 annos
1299 1424 1367 1490 Eo·

242 1527 375 1591 olesiam
407 1529 503 1592 rexit.
550 1527 676 1592 Auctor
706 1528 817 1591 lurore
850 1527 952 1590 veluti
977 1526 1134 1612 abreptus
1165 1547 1206 1589 ue
1230 1523 1366 1588 indicat

241 1625 376 1712 quidem
409 1646 562 1711 expresse
594 1625 681 1690 hano
714 1627 964 1707 successionem,
995 1625 1053 1688 sed
1077 1625 1125 1687 uti
1148 1633 1260 1687 notam
1284 1645 1367 1710 sup·

242 1726 344 1811 ponit.
394 1725 526 1808 ,Itaque
547 1733 624 1810 post
646 1733 785 1787 mortem
808 1723 999 1808 Zephyrini,
1024 1732 1114 1786 ratus
1137 1720 1199 1786 sibi
1223 1719 1258 1785 id
1283 1743 1366 1787 oon·

242 1824 353 1907 tigisse
378 1822 466 1907 quod
490 1831 673 1907 aucupatus
707 1822 823 1903 fuerat,
848 1820 1029 1887 Sabellium
1052 1831 1211 1907 tanquam
1233 1841 1255 1882 a
1278 1841 1366 1885 vera

242 1920 307 1985 fide
340 1919 571 1984 abhorrentem
604 1921 752 2002 extrusit,
785 1941 901 1984 revera
933 1919 1115 1984 formidans
1147 1939 1200 1982 me
1232 1927 1266 1982 et
1288 1941 1366 2004 spe

241 2043 328 2100 rans,
353 2020 398 2083 ita
421 2020 665 2082 accusationem
681 2018 771 2102 apud
787 2018 942 2082 ecelesias
958 2039 1027 2082 sese
1050 2017 1237 2101 abstergere
1251 2037 1364 2102 posse,

242 2118 334 2203 quasi
368 2139 434 2180 non
467 2115 576 2180 aliena
608 2116 752 2180 sentiret.
799 2115 1044 2180 Fraudulentus
1076 2115 1173 2180 homo
1196 2116 1258 2178 iste
1288 2127 1365 2181 erat

242 2214 466 2300 scelerumque
496 2215 644 2278 omnium
677 2215 806 2297 artifex,
831 2224 864 2277 et
886 2225 1032 2300 ternpore
1056 2235 1113 2277 suo
1147 2209 1217 2298 (ἐπὶ
1240 2211 1364 2301 χρόνῳ)

242 2314 400 2399 plurimos
423 2312 585 2398 decepit.“
633 2312 712 2378 Jam
736 2320 918 2399 sequuntur
940 2313 1108 2396 graviores
1131 2313 1364 2378 accusationes
1455 2353 1456 2390 3

243 2413 276 2476 in
302 2410 474 2476 Callistum
497 2410 703 2474 Pontificem.

73 2535 230 2578 sanationes.
333 2510 383 2573 ll.
410 2508 542 2592 „Quum
566 2517 677 2572 autem
710 2511 744 2573 in
769 2508 867 2572 corde
891 2510 982 2572 virus
1004 2507 1140 2591 gerens,
1164 2506 1248 2570 nihil
1273 2520 1364 2572 recte
1454 2551 1455 2574 t

241 2608 393 2688 sentiens,
416 2616 448 2669 et
464 2627 543 2670 vera
558 2607 667 2670 dicere
691 2609 861 2688 reveritus,
882 2627 992 2671 eoram
1016 2605 1170 2670 omnibus
1193 2617 1364 2671 contume-

241 2706 320 2770 liose
344 2703 440 2768 nobis
464 2705 617 2768 dixisset:
643 2699 762 2769 Aldsot
785 2707 871 2788 estis,
896 2715 994 2791 atque
1018 2705 1118 2768 etiam
1143 2724 1245 2789 quum
1270 2705 1363 2770 inde·

241 2806 387 2868 sinenter
404 2802 567 2867 sabellius
584 2825 659 2866 eum
674 2805 902 2889 insequeretur
917 2813 1075 2888 tanquam
1092 2805 1235 2888 priscam
1259 2803 1362 2868 fidem
1453 2861 1454 2892 ,

241 2900 403 2980 violasset,
428 2899 515 2965 hano
547 2901 708 2965 haeresim
743 2923 864 2966 novam
888 2901 1024 2965 excudit
1055 2899 1179 2981 dicens,
1211 2899 1362 2966 Verbum

241 3001 349 3085 ipsum
373 3021 442 3062 esse
467 2998 601 3082 Filium,
635 3001 743 3084 ipsum
768 3001 866 3063 etiam
890 3000 1032 3080 Patrem,
1066 3000 1199 3062 nomine
1223 2999 1361 3084 quidem

241 3097 295 3162 illo
312 3107 551 3182 nuncupatum,
576 3120 679 3162 unum
703 3107 814 3162 autem
829 3099 974 3162 existens
989 3097 1148 3182 Spiritum
1165 3096 1361 3178 indivisum,

241 3194 352 3284 (λέγων
388 3193 445 3257 τὸν
469 3193 582 3277 Λόγον
621 3193 717 3260 αἰτόν
754 3187 837 3259 εἶναι
872 3191 961 3274 idos,
1002 3192 1098 3258 αι’τὸν
1133 3192 1187 3258 καὶ
1215 3193 1360 3282 Πατέρα,

240 3289 374 3375 ὀνόματι
397 3291 455 3374 μὲν
477 3292 680 3375 καλούμενον,
704 3287 738 3356 ἓν
757 3291 792 3357 δὲ
807 3291 885 3356 ὄπα
900 3295 1032 3375 Πνεῦμα
1055 3287 1268 3378 ἅδιαι’ρατον);
1295 3316 1360 3359 uon

240 3391 331 3455 aliud
347 3392 479 3456 Patrem
503 3413 583 3474 esse,
608 3392 699 3456 aliud
724 3391 857 3470 Filium,
883 3392 939 3456 sed
972 3413 1075 3456 unum
1100 3391 1255 3477 idemque
1279 3415 1360 3476 esse,
1451 3473 1452 3484 ρ

241 3486 289 3577 (ἓν
311 3487 346 3553 δέ
370 3487 423 3552 καὶ
447 3487 485 3552 τὸ
514 3487 591 3552 αὐτὸ
627 3487 808 3576 ιῗπάρχεινῂ
838 3492 949 3554 omnia
973 3491 1098 3575 Spiritu
1122 3489 1236 3554 divino
1261 3492 1362 3577 plena

241 3609 310 3652 esse
343 3584 475 3674 (γέμειν)
508 3589 542 3651 in
577 3588 676 3653 coelis
709 3597 741 3652 et
765 3590 919 3665 interra,
954 3599 986 3652 et
1018 3587 1177 3673 Spiritum
1206 3590 1241 3653 in
1267 3599 1360 3655 utero

241 3685 388 3770 Virginis
421 3687 629 3751 incarnatum
663 3709 729 3750 non
753 3686 856 3750 alium
880 3709 949 3750 esse
982 3688 1132 3768 aPatre,
1167 3687 1224 3752 sed
1255 3711 1359 3754 unum

240 3793 272 3848 et
304 3784 467 3849 eumdem.
492 3782 637 3870 (Πνεῦμα
671 3835 677 3848 .
713 3833 720 3850 .
756 3835 762 3848 .
797 3780 853 3864 οὐχ
876 3781 984 3868 ἕτερον
1006 3782 1096 3868 παρὰ
1127 3783 1183 3848 τὸν
1215 3784 1358 3870 Πατέρα,

240 3878 321 3945 ἄλλα
343 3875 377 3944 ’ἓν
400 3879 453 3944 καὶ
477 3879 515 3946 τὸ
539 3878 640 3970 αὐτὸ).
686 3882 773 3948 Illud
797 3884 885 3946 enim
909 3883 1095 3969 significare
1120 3883 1207 3970 quod
1232 3885 1357 3950 dictum
1449 3929 1450 3942 2

241 3990 308 4043 est:
341 3979 460 4044 Nonne
494 3977 620 4063 eredis,
645 3981 724 4066 quia
757 4003 828 4044 sum
862 3983 896 4046 in
920 3982 1036 4062 Patre,
1070 3989 1103 4046 et
1125 3981 1224 4046 Pater
1247 3983 1281 4047 in
1307 4005 1358 4048 me

242 4076 312 4140 est?
337 4076 476 4140 Visibile
509 4078 597 4142 enim
630 4077 719 4163 quod
751 4077 849 4147 homo
873 4087 930 4162 est,
963 4079 1026 4143 hoo
1059 4101 1128 4144 esse
1152 4077 1286 4162 Filium,
1312 4082 1358 4145 in·

242 4173 368 4239 elusum
388 4183 498 4239 autem
521 4177 557 4240 in
574 4175 659 4240 Filio
681 4176 851 4264 Spiritum,
877 4199 946 4242 esse
969 4178 1111 4242 Patrem.
1157 4177 1233 4242 Non
1257 4180 1356 4260 enim,

241 4273 296 4354 ait,
322 4271 431 4338 dicam
455 4273 537 4338 duos
569 4295 638 4338 esse
672 4274 759 4358 deos,
783 4275 914 4340 Patrem
947 4285 979 4339 et
1003 4275 1136 4360 Filium,
1160 4275 1218 4339 sed
1243 4299 1356 4342 unum.
