2836 4804
484 408 633 464 Celebratio
652 407 773 464 Caecilii.
1132 403 1184 458 ast

71 551 106 616 id
130 549 259 636 placere
283 553 392 616 visum
415 561 463 616 est
485 554 650 618 maximae
682 553 768 638 parti
791 551 1019 638 episcoporum
1034 545 1185 612 Concilii.

70 649 206 714 Etenim
230 671 334 714 mones
354 651 606 716 reverendissimi
628 653 767 738 episcopi
789 648 1018 716 clamavesunt:
1047 646 1117 710 Nos
1138 645 1187 709 ito

68 745 228 810 credimus
251 751 299 829 (ut
320 743 414 832 Leo),
431 757 569 812 aestiuum
582 747 689 812 nullos
708 747 841 828 dubitat,
865 768 922 810 uos
938 749 1011 834 jam
1032 743 1187 828 subsuip·

69 845 180 908 simas.
227 843 532 931 Mepuificesstissimi
554 857 584 910 et
614 845 834 932 ploriosissimi
848 844 975 935 judices
1008 852 1037 905 et
1060 838 1187 925 amplis-

70 944 172 1006 simus
206 952 333 1007 senatus
367 943 535 1008 decerunt:
571 944 648 1008 Nou
682 954 727 1008 est
757 943 975 1019 necessarium,
1010 961 1114 1002 omues
1135 959 1189 1002 uos

70 1042 248 1104 cenosam,
294 1038 358 1104 Sed
391 1043 468 1126 quio
501 1043 684 1106 couveniens
720 1053 766 1106 est
802 1039 943 1104 omuibus
972 1035 1190 1102 dubitantibus

65 1137 276 1222 peruadere,
299 1137 470 1204 Anatolius
492 1140 589 1226 eliqat
618 1141 656 1204 de
678 1141 727 1204 lis
757 1141 812 1225 qai
833 1137 1092 1223 subscn'psesuut,
1115 1154 1191 1219 quos

66 1235 236 1320 putauerit
257 1235 387 1300 idoneos
410 1258 474 1300 esse
497 1237 541 1302 ad
564 1237 719 1302 domums
741 1259 793 1300 eos
815 1237 869 1320 qui
891 1230 1083 1318 debeam).

1 1493 2 1498 ,
168 1429 221 1492 39.
246 1429 292 1494 Ut
314 1430 355 1495 de
378 1430 468 1496 hisce
492 1442 579 1496 recte
605 1431 776 1518 judicetur
803 1441 836 1494 et
858 1429 1114 1516 praeveniantur
1136 1424 1191 1490 ad·
1215 1451 1356 1504 expensae.

1 1543 2 1590 ἕ
73 1527 301 1592 versariorum
324 1529 535 1613 sophismata,
559 1551 665 1616 pauca
679 1528 984 1594 animadvertimus.
1000 1563 1043 1574 -—
1057 1522 1193 1609 Duplex

1 1631 2 1712 g
74 1622 220 1688 dubium
253 1627 368 1690 merito
402 1627 560 1712 distingui
584 1636 707 1712 potest:
738 1625 831 1692 aliud
861 1635 909 1689 ast
932 1623 1060 1688 dubium
1077 1645 1139 1709 per
1162 1645 1193 1686 se

1 1767 2 1802 3
68 1719 229 1808 pudens,
249 1725 440 1790 sudewelle
455 1736 484 1790 et
498 1726 627 1804 licitum,
644 1723 791 1810 illudque
804 1723 913 1788 locum
927 1721 1037 1804 habet,
1061 1717 1193 1807 quando

1 1821 2 1828 ’
75 1821 183 1883 etiam
218 1822 298 1884 viris
333 1822 485 1905 cordatis,
521 1821 748 1910 prudentibus,
785 1823 819 1885 in
853 1843 888 1884 rc
911 1821 1024 1905 peritis
1047 1840 1087 1882 ac
1110 1817 1194 1882 bene

74 1917 259 2002 dispositis,
283 1923 429 2006 quaestio
452 1921 564 2008 aliqua
578 1943 685 2008 neque
703 1920 905 2003 argumentis
929 1918 1066 1982 internis
1090 1935 1195 2000 neque

72 2016 278 2080 auctoritato
301 2026 437 2084 externa
459 2029 596 2105 apparet
626 2017 844 2103 peremptorie
873 2013 1025 2080 resoluta.
1070 2012 1111 2076 In
1137 2011 1196 2076 tali

75 2134 164 2176 casu
188 2115 364 2199 suscipitur
392 2139 526 2180 ecamen
559 2140 626 2180 cum
645 2121 721 2204 jure
745 2117 914 2192 dissensus,
947 2123 980 2175 et
1002 2111 1197 2198 supponitur

76 2210 212 2294 reliqua
225 2209 335 2275 adhuc
347 2213 494 2296 libertas,
507 2216 656 2278 assentiri
671 2216 705 2278 in
718 2212 908 2278 alterutram
921 2220 1058 2297 partem,
1072 2211 1106 2272 in
1126 2229 1197 2271 eam

77 2305 1199 2397 videlicet,quaepostexamenobargumentavelauctoritatemcom·

77 2415 251 2493 petentem
272 2417 441 2475 externam
464 2411 651 2474 invenietur
669 2410 801 2474 veritati
819 2407 1005 2472 conformis.
1042 2403 1097 2472 Sic
1112 2403 1199 2468 theo-

77 2505 191 2589 logus,
211 2503 289 2570 dum
306 2507 423 2594 incipit
446 2507 633 2593 expendere
648 2506 780 2572 diversa
798 2513 975 2590 systemata
995 2503 1035 2568 de
1050 2502 1200 2566 efficacia

1 2613 2 2682 i
76 2601 223 2688 gratiae,
236 2603 397 2688 ejusmodi
407 2605 546 2671 dubium
556 2615 662 2692 potest
675 2603 807 2670 habere.
829 2642 872 2651 —-
893 2600 1034 2682 Quando
1052 2621 1129 2664 vero
1144 2598 1200 2662 ali·

1 2705 2 2776 J
80 2722 152 2786 qua
164 2703 310 2784 quaestio
321 2725 341 2766 a
356 2704 436 2769 viris
449 2703 601 2783 cordatis,
615 2701 843 2790 prudentibus,
858 2701 981 2787 peritis,
997 2697 1081 2762 bene
1096 2695 1200 2782 dispo·

77 2799 161 2862 sitis
182 2799 361 2866 universim
370 2800 656 2886 judicatursoluta
672 2801 714 2864 ob
727 2808 922 2884 argumenta
937 2798 1066 2860 interna
1080 2793 1133 2858 vel
1148 2815 1202 2858 ex-

82 2909 183 2960 terna
206 2900 418 2982 auctoritatis,
442 2922 508 2965 non
533 2900 629 2964 datur
649 2896 790 2984 amplius
814 2895 952 2962 dubium
976 2891 1065 2980 quod
1087 2914 1146 2978 per
1168 2913 1202 2958 se

81 2997 129 3058 sit
154 2995 350 3060 rationabile
374 3007 405 3062 et
426 2997 565 3080 licitum,
597 2997 637 3084 (si
670 2998 778 3081 agitur
805 2993 846 3058 de
868 3015 904 3056 re
927 2991 1005 3056 fidei
1028 3012 1070 3054 ex
1093 2991 1203 3054 officio

200 3173 299 3180 -.—-..

166 3297 187 3362 ¹)
205 3295 273 3350 Post
281 3296 347 3352 haec
356 3299 602 3366 sequiturindctis
615 3297 738 3354 Concilii:
760 3292 1001 3362 „Reverentiami
1019 3290 1135 3360 episcopi
1154 3291 1205 3346 cla-

2 3389 3 3398 *
84 3381 251 3430 naverunt:
271 3375 323 3431 Pro
342 3377 470 3433 Patribus
487 3379 613 3448 petimus,
622 3377 719 3432 Patres
738 3376 842 3444 Synodo
865 3374 977 3429 reddite.
997 3373 1206 3443 (Consentaneus

2 3485 3 3496 κ
85 3455 175 3510 Leoni
186 3455 298 3523 Spnoda
309 3458 406 3513 Patres
415 3457 527 3527 Synodo,
536 3459 612 3512 addit
622 3463 713 3511 textus
725 3455 910 3522 latinus,l1aud
923 3471 985 3508 vero
999 3455 1130 3522 graecus).
1149 3451 1206 3506 Has

2 3537 3 3540 ’
87 3551 170 3591 voces
180 3536 350 3605 Imperatori,
360 3539 409 3592 has
418 3555 508 3607 preces
519 3539 656 3602 catholico,
669 3537 717 3591 has
727 3551 817 3605 preces
828 3537 977 3603 Augustae.
1008 3533 1105 3587 Omnes
1118 3547 1206 3599 pecca·

87 3617 187 3682 riuus,
206 3617 329 3672 omnibus
352 3619 535 3688 indulgeatur.
573 3618 669 3673 Clerici
696 3615 800 3671 OPtani
828 3615 1025 3670 clamaverunt:
1053 3612 1136 3666 Pauci
1155 3610 1208 3665 cla·

87 3703 177 3762 mant,
196 3713 251 3752 non
269 3703 329 3754 tota
347 3699 414 3754 dicit
431 3701 575 3768 Synodua“
605 3729 638 3740 -
664 3697 776 3752 Erravit
794 3699 884 3750 antem
902 3695 1057 3758 Bossuetua
1076 3693 1140 3748 dum
1158 3692 1208 3746 De

89 3777 160 3834 fens.
190 3777 294 3832 Declar.
313 3779 385 3836 Clari
410 3781 479 3836 cal.
499 3781 529 3834 L.
558 3779 619 3836 VII.
639 3794 660 3832 c.
687 3779 728 3844 17,
752 3776 820 3830 illud
839 3777 927 3830 Pauci
953 3775 1071 3828 clament
1099 3780 1149 3826 etc
1169 3787 1209 3828 re·

91 3859 148 3912 fert
167 3859 202 3912 ad
231 3859 409 3928 receptionem
428 3861 558 3930 epistolae
575 3859 680 3914 Leonis.
718 3856 859 3925 Agebatur
885 3854 918 3908 de
937 3869 965 3907 re
983 3853 1063 3919 plane
1081 3851 1143 3905 alia.
1162 3851 1208 3905 Vi-

88 3937 192 3993 delicet
211 3939 328 4010 episcopi
346 3940 437 4010 plnres
456 3941 559 4008 lllyrici
578 3940 622 3994 vel
641 3937 812 3992 Palaestinae
840 3934 999 3997 clamabant,
1018 3937 1051 3986 ut
1068 3931 1209 3999 indulgen-

91 4019 134 4074 tia
157 4021 270 4075 daretur
287 4022 414 4077 Dioseoro
442 4027 471 4076 et
494 4021 581 4084 sociis,
600 4021 673 4086 iique
692 4017 796 4086 Synodo
824 4014 1040 4068 restituerentur.
1077 4011 1153 4065 Tunc
1170 4011 1210 4065 in·

92 4100 257 4170 dignatione
279 4103 393 4169 quadam
412 4101 478 4158 moti
506 4099 595 4156 cleriei
614 4097 718 4154 GPtsni
745 4096 902 4158 clamarunt,
921 4107 1018 4162 pausos
1037 4097 1144 4146 tautum
1162 4090 1212 4146 hoc

93 4199 196 4260 pem
215 4201 269 4240 non
288 4189 375 4240 totam
393 4183 535 4252 Synodum
