2852 4826
486 461 606 516 armen
624 459 755 516 criticum
1113 455 1164 510 tto

576 625 635 691 11.

111 749 304 814 Euomeu
327 751 560 815 criticum
583 751 711 814 tritae
732 749 800 815 SS.
825 747 1121 826 Pontificum

271 865 546 947 zephyrini
572 870 710 944 utque
734 863 936 929 Callisti.

147 997 191 1058 lt.
214 997 301 1060 llum
327 999 413 1062 mira
438 999 503 1060 ista
526 999 669 1062 narratio
703 997 744 1060 de
768 997 837 1061 vita
861 993 987 1060 Callisti
1016 1016 1059 1056 cx
1081 991 1165 1056 libro

79 1089 114 1154 IX
131 1091 469 1180 Philosophoumeuon
494 1097 716 1181 perpenditur,
741 1094 844 1158 veluti
868 1116 927 1178 per
949 1115 983 1156 sc
1006 1091 1048 1156 ab
1072 1093 1166 1155 initio

79 1213 101 1245 Ψ
119 1193 199 1254 ⁰ff0rt
220 1191 275 1256 illu
298 1194 468 1278 quaestio,
494 1201 602 1258 utrum
635 1204 723 1258 certo
748 1201 874 1256 constet
896 1214 978 1276 opus
1002 1199 1167 1275 repertum
1236 1218 1259 1276 ¹3³

79 1309 128 1350 ase
147 1311 254 1354 revera
276 1292 427 1355 auctoris
451 1293 566 1356 coaevi
582 1292 704 1356 saeculi
729 1291 790 1371 ΙΙΙ,
815 1313 857 1354 an
882 1312 948 1354 uon
972 1289 1054 1352 forto
1078 1289 1168 1352 fraus
1211 1279 1307 1307 ”⁰¹”²¹¹¹¹·

80 1386 209 1468 quaedam
240 1388 404 1454 litteraria
437 1387 562 1454 falsarii
585 1391 725 1476 supponi
758 1390 872 1476 possit.
918 1388 1054 1452 Recenti
1078 1387 1168 1450 enim

79 1498 193 1568 tenpore
215 1485 339 1571 pluries
363 1486 505 1565 accidit,
529 1497 565 1550 ut
596 1488 774 1574 suppositis
806 1485 977 1551 codicibus
1012 1484 1167 1570 antiquis,

79 1589 129 1642 ute
155 1583 317 1666 confectis,
352 1586 457 1650 etiam
480 1585 600 1650 eruditi
634 1586 875 1672 deciperentur.
922 1583 1078 1648 Attamen
1111 1583 1169 1646 du-

81 1675 148 1742 bium
161 1681 282 1746 nullum
307 1705 382 1748 esse
399 1691 517 1768 potest,
534 1705 616 1770 opus
631 1682 977 1769 Philosophoumenon
987 1682 1169 1766 genuinum

80 1795 138 1840 etse.
189 1777 326 1846 Constat
366 1780 535 1863 videlicet,
568 1783 718 1848 codicem
754 1781 845 1845 haud
881 1803 950 1844 esse
983 1779 1169 1843 confectum

81 1883 163 1938 nouo
183 1885 340 1964 tempore,
376 1878 437 1943 sed
469 1901 585 1944 revera
617 1882 879 1966 manuscriptum
902 1880 1076 1963 antiquum
1100 1897 1170 1938 esse

81 1972 174 2038 occuli
194 1975 293 2058 X1V;
319 1987 424 2089 atquc
448 1999 491 2041 ex
523 1979 661 2044 internis
693 1979 896 2062 argumentis
927 1978 992 2040 viri
1016 1974 1170 2039 historiae

82 2070 253 2156 antiquitatis
276 2076 430 2140 maxime
462 2077 615 2160 periti,u
617 2078 642 2140 ti
617 2077 715 2141 t.cl
743 2077 796 2140 De
818 2076 922 2156 Rossi,
947 2073 1170 2154 ostenderunt,

82 2179 214 2236 weuram
237 2175 353 2260 operis
376 2193 495 2236 revera
527 2196 596 2238 esse
620 2174 719 2238 talem
743 2174 874 2260 qualem
897 2195 931 2236 se
955 2170 1099 2253 exhibet,
1124 2173 1171 2234 vi·

84 2259 172 2330 delion
195 2269 406 2356 temporibus
429 2269 610 2356 Zephyrini
643 2283 675 2336 et
699 2270 825 2337 Callisti
850 2292 1024 2350 coaevum,
1049 2271 1105 2356 qui
1130 2270 1171 2334 de

84 2359 111 2421 iis
128 2365 237 2450 scribit,
261 2391 353 2481 quae
377 2369 450 2454 ipso
474 2367 597 2434 Romae
629 2379 801 2456 praesente
834 2369 1033 2434 acciderant.
1079 2369 1171 2433 Pate·

84 2455 140 2523 teir
158 2469 294 2530 autem'
284 2489 373 2552 ipse,
398 2488 433 2530 se
457 2489 527 2530 esse
552 2469 654 2552 partis
675 2467 810 2533 Callisto
835 2469 1003 2552 oppositae
1027 2489 1066 2532 ac
1089 2469 1171 2532 Pon-

83 2555 155 2620 tificio
174 2561 256 2628 illius
279 2563 516 2629 adversarium
531 2566 708 2648 infensum,
725 2576 757 2629 et
781 2565 1001 2630 consideranti
1025 2588 1064 2628 ea
1087 2587 1172 2650 quac

85 2667 168 2720 unat
184 2658 339 2748 liquebit,
364 2661 408 2726 ab
432 2671 566 2728 auctore
593 2664 638 2728 ad
666 2686 740 2728 suos
763 2685 879 2749 scopos
901 2663 969 2728 fact
956 2672 999 2742 ta,
1024 2671 1171 2742 eventus,

84 2747 226 2840 lvcuiuas,
258 2759 427 2844 singulari
461 2761 586 2826 ratione
619 2761 805 2847 detorqueri
839 2771 871 2824 et
898 2760 1084 2824 deformari.
1131 2759 1172 2823 Se

85 2851 165 2930 prodit
185 2869 299 2924 auctor
325 2860 400 2944 ipsa
432 2880 492 2921 sua
519 2858 729 2924 vehementia
761 2869 793 2924 et
816 2860 899 2943 stylo
923 2859 990 2922 acri
1016 2865 1051 2919 ut
1074 2865 1174 2920 secta·

85 2947 154 3030 tum,
168 2958 229 3039 qui,
244 2977 355 3044 quum
380 2955 554 3022 conatibus
577 2957 648 3042 ejus
657 2958 834 3024 Pontifices
857 2957 1059 3035 restitissent,
1085 2954 1175 3018 virus

86 3047 161 3150 sciui
181 3054 364 3120 exulcerati
389 3053 426 3116 in
449 3075 505 3118 eos
527 3057 661 3120 evomit.
707 3055 814 3120 Valde
838 3052 1008 3140 probabile
1033 3050 1191 3131 videtur,·

86 3162 165 3224 lpoum
187 3173 337 3238 sperasse
364 3151 435 3216 fore
463 3162 498 3216 ut
523 3153 566 3218 ad
586 3175 773 3240 supremam
798 3155 832 3218 in
854 3151 1004 3216 Ecclesia
1025 3149 1174 3212 Romana

86 3241 241 3316 “tltedram
265 3251 473 3338 perveniret.
521 3251 633 3332 Quum
657 3274 707 3316 res
731 3251 826 3315 aliter
848 3251 980 3330 accidit,
1005 3249 1040 3312 in
1063 3246 1175 3331 aliqua

85 3346 263 3414 uotorum
307 3348 409 3412 turba
447 3359 556 3434 partes
596 3351 768 3435 primarias
805 3351 885 3433 egit,
924 3365 1028 3432 eoque
1065 3344 1175 3407 furore

86 3455 180 3506 vaano
199 3447 362 3534 abreptus
385 3455 444 3528 est,
468 3457 505 3510 ut
523 3447 718 3512 Pontificem
735 3447 918 3526 Callistum,
942 3466 1040 3530 quem
1065 3450 1176 3506 coetus

87 3531 204 3608 fidelium
226 3545 467 3632 sequebantur,
492 3557 528 3610 ut
557 3546 760 3611 haereticum
784 3545 985 3630 depingeret
964 3540 1073 3606 tsibi
1096 3559 1175 3602 vero

87 3647 110 3694 “t
126 3643 239 3708 seclis
255 3644 412 3708 sectariis
427 3645 495 3707 suis
510 3665 579 3708 veri
571 3644 759 3728 dogmatis
775 3642 959 3706 custodiam
981 3638 1175 3704 vindicaret.

155 3739 199 3805 15.
220 3743 461 3828 Opportunum
485 3763 562 3806 vero
595 3744 657 3806 erit
680 3763 822 3852 mouere,
847 3738 1035 3805 nullatenus
1058 3737 1176 3799 miran-

89 3825 146 3898 Μ
164 3859 237 3923 csse,
260 3837 357 3927 quod
381 3837 480 3904 homo
503 3841 661 3904 sectarius
690 3839 851 3904 conviciis
873 3835 999 3900 afficiat
1020 3831 1177 3917 Zephyri·

90 3945 146 3996 tom
164 3947 255 4025 atque
281 3935 472 4020 Callistum,
505 3959 567 4002 neo
590 3937 668 4002 inde
700 3935 782 4023 quid
805 3943 919 3998 contra
942 3931 1071 3996 illorum
1093 3930 1176 3995 Pon-

91 4025 186 4100 ficum
194 4041 298 4104 vitam
308 4043 344 4098 ct
354 4055 463 4100 mores
472 4033 838 4122 essepraesumendum
849 4031 979 4098 Scimus
988 4049 1087 4112 enim,
1099 4030 1176 4094 mdc

90 4121 267 4234 dantque
290 4131 501 4218 temporibus
538 4134 710 4244 episcopos
741 4131 841 4196 etiam
871 4128 1012 4214 optimos
1035 4150 1055 4192 a
1078 4137 1177 4194 secta-

92 4223 133 4288 nis
150 4239 298 4304 conviciis
322 4245 359 4302 et
382 4229 559 4336 calumniis
575 4231 730 4294 maximis
752 4229 855 4292 fuisse
876 4228 1020 4294 affectos.
1066 4225 1104 4290 Id
1127 4246 1177 4292 ac-
