2836 4804
260 457 313 512 aso
639 452 680 506 De
698 450 786 508 tribus
805 453 944 522 Capitulis.

261 597 524 678 confirmaretur,
558 603 646 660 certa
682 598 844 679 pecuniae
875 619 1005 662 summa
1038 620 1097 684 pro
1129 599 1358 666 confirmatione
1397 560 1398 646 i

262 699 422 783 imperata
444 715 511 759 non
543 701 671 758 tantum
694 691 843 758 Romano
876 695 1046 778 Pontifici,
1070 697 1129 762 sed
1151 699 1248 762 etiam
1270 699 1357 761 omni-

261 795 324 860 bus
356 795 521 880 episcopis
553 793 610 877 qui
642 791 703 856 sub
727 789 911 858 Gothorum
946 794 1070 859 ditione
1094 797 1129 860 in
1152 794 1247 860 Italia
1267 817 1358 879 genre-

262 893 353 974 bant3
378 912 462 977 quae
486 911 615 954 summa
637 891 672 954 in
695 911 858 975 pauperes
872 901 1071 975 erogaretur,
1095 902 1132 956 nt
1154 891 1361 957 innuitAths·
1398 866 1399 946 l

261 989 363 1054 larius
392 987 589 1054 Theoderici
626 1007 728 1072 nepos
757 1009 798 1051 ac
830 1009 1000 1054 successor
1029 991 1066 1055 in
1099 1011 1159 1054 suo
1188 989 1291 1055 edicto
1315 987 1359 1054 ad-

263 1109 378 1154 versus
401 1085 606 1152 Simoniacos
628 1083 719 1170 apud
743 1083 976 1152 Cassiodorum
999 1088 1038 1154 L.
1062 1087 1124 1153 IX.
1147 1109 1201 1174 ep.
1223 1087 1295 1152 XV.
1319 1085 1360 1150 Es

264 1184 397 1252 creandi
421 1181 592 1250 Pontificis
615 1183 755 1248 Romani
782 1186 866 1248 ratio
897 1184 1049 1266 obtinuit,
1074 1185 1235 1273 quamdiu
1257 1183 1359 1250 Gotho
1399 1172 1400 1228 l

264 1305 337 1348 rum
361 1285 396 1347 in
414 1282 510 1347 Italia
533 1281 644 1346 floruit
667 1282 856 1366 imperium3
881 1283 947 1346 imo
971 1283 1103 1368 quando
1127 1283 1212 1348 illud
1235 1283 1360 1349 deletum

265 1392 331 1463 est,
359 1381 568 1447 Justinianus
600 1379 784 1466 Imperator
807 1380 864 1466 jus
895 1379 1101 1466 approbandi
1126 1381 1294 1446 Pontificis
1313 1381 1362 1444 Ro·

265 1479 354 1545 mani
379 1476 441 1544 sibi
464 1479 610 1542 retinuit.
657 1476 779 1542 Felicis
806 1498 859 1542 res
880 1489 989 1563 gestas
1012 1478 1054 1544 ob
1078 1479 1237 1566 injuriam
1258 1487 1363 1564 tempo-

264 1598 339 1640 rum
357 1575 490 1662 jejunas
513 1575 692 1640 admodum
717 1573 821 1664 nobis„
844 1597 914 1640 esse
938 1575 1078 1658 relictas,
1102 1579 1248 1642 maxime
1270 1577 1364 1642 dolen·

265 1675 345 1740 dum
368 1683 427 1738 est,
473 1673 505 1736 A
536 1671 569 1738 S.
595 1671 749 1738 Caesario
782 1674 936 1759 episcopo
969 1673 1155 1741 Arelatensi
1188 1685 1296 1741 contm
1320 1673 1364 1738 se-

266 1772 502 1858 mipelagianos
534 1770 768 1856 interpellatus,
802 1771 960 1836 nonnulla
992 1771 1137 1858 capitula
1171 1771 1246 1838 eS.
1268 1772 1365 1858 Augu·
1401 1782 1402 1828 l

266 1873 343 1936 atini
368 1871 538 1934 sententiis
562 1878 718 1953 excerpta
746 1868 789 1932 ad
816 1868 1043 1934 Arelatensem
1067 1869 1257 1936 Praesrrlem
1280 1871 1363 1933 misit

266 1969 455 2036 Secundum
480 1968 562 2032 haec
585 1965 731 2052 capitula
753 1989 840 2032 anno
868 1968 934 2032 529
957 1969 993 2032 in
1016 1967 1231 2034 celeberrima
1255 1967 1365 2055 synai

267 2069 471 2132 Arawicoaa
501 2067 540 2130 ΙΙ
562 2065 687 2129 conditi
718 2074 795 2129 sunt
827 2064 873 2130 illi
906 2066 1024 2150 viginti
1055 2069 1205 2154 quinque
1228 2087 1363 2133 canones.
1402 2105 1403 2108 =

269 2165 390 2252 quibus
412 2162 758 2249 Semipelagianismns
781 2163 958 2228 damnatus
979 2165 1052 2229 fnit.

100 2274 221 2321 nouit-tiu
232 2273 259 2315 1¹·
358 2263 410 2326 26.
434 2261 534 2326 Anno
562 2261 629 2326 430
662 2260 772 2325 Felice
802 2261 975 2344 defuncto,
1009 2263 1044 2326 in
1072 2263 1164 2327 Petri
1193 2263 1363 2328 cathedram

147 2339 174 2380 ι
189 2341 213 2381 Ρ·
267 2361 412 2446 legitime
447 2368 581 2424 evectus
615 2367 664 2422 est
696 2358 883 2444 Bonifatium
916 2361 957 2423 II
983 2359 1162 2427 Romanus.
1211 2361 1364 2442 Quaedam
1403 2393 1404 2408 κ

272 2459 350 2524 cleri
382 2458 482 2523 factio
515 2458 550 2522 in
584 2457 666 2521 aede
690 2455 965 2523 Constantiniana
997 2457 1194 2524 Pontificem
1230 2459 1365 2523 salutarit

270 2557 485 2636 Dioscorum3
510 2555 568 2618 sed
591 2575 628 2618 eo
643 2557 758 2639 paneis
772 2563 845 2640 post
859 2555 976 2620 diebus
999 2557 1069 2620 vita
1091 2557 1217 2640 functo,
1241 2557 1365 2622 schisma

270 2657 469 2720 exstinctum
502 2663 561 2718 est.
606 2653 794 2718 Bonifatius
825 2655 1018 2718 auctoritate
1047 2652 1240 2740 Apostolica
1268 2651 1364 2716 confir-

272 2755 380 2818 mavit
405 2751 538 2816 decreta
561 2749 687 2835 Synodi
710 2750 936 2816 Arausicanae
962 2751 1011 2833 Π,
1035 2762 1147 2816 conus
1173 2751 1365 2837 Semipelsgi·

270 2875 350 2918 anos
382 2850 598 2937 praecedente
628 2869 714 2912 anno
748 2847 890 2914 habitae.
922 2887 965 2898 --
992 2849 1116 2914 Romae
1139 2851 1319 2915 Bonifatius
1339 2846 1364 2910 ll

271 2951 433 3034 synodum
457 2949 573 3032 coegit,
598 2949 632 3010 in
656 2968 732 3032 qua,
756 2955 792 3010 ut
814 2945 998 3012 Gothorum
1021 2969 1135 3033 regum
1160 2951 1196 3012 in
1220 2947 1284 3012 RB.
1296 2945 1364 3009 Pon-

271 3049 398 3114 tificum
431 3045 590 3110 electione
622 3044 776 3108 licentiae
798 3053 992 3124 occurreret,
1009 3045 1092 3130 feeit
1114 3047 1318 3119 mauritarum,
1339 3053 1366 3104 ot

272 3148 333 3212 sihi
355 3167 557 3210 successorem
592 3143 769 3220 ordinaret,
802 3165 861 3228 queo
890 3145 1057 3206 constituto
1081 3165 1147 3206 mm
1172 3141 1366 3227 clriroyraplis

272 3246 467 3310 sacerdotum
483 3241 730 3330 etjnrejuraado
756 3251 828 3304 oute
852 3234 1078 3326 confessionem
1098 3239 1183 3305 beati
1198 3241 1283 3304 Petri
1295 3238 1362 3324 Apo-

271 3343 346 3408 stoli
369 3343 535 3405 diaconum
565 3338 712 3424 Viqiliam
739 3339 898 3402 constituit
920 3337 1039 3402 scilicet
1060 3335 1300 3418 messorem).
1329 3329 1364 3394 At

272 3441 370 3529 paulo
393 3449 468 3525 post
489 3461 524 3504 re
540 3457 710 3522 perpensa,
730 3435 819 3522 quod
830 3434 1014 3500 canonibus
1042 3444 1074 3499 et
1097 3433 1264 3499 electionis
1285 3427 1363 3494 liber·

272 3541 333 3604 tati
367 3539 516 3623 opposita
549 3542 641 3612 esset,
666 3556 705 3598 ac
728 3533 811 3598 forte
834 3535 913 3620 qnia
936 3531 1118 3598 Gothorum
1143 3553 1253 3616 regem
1277 3529 1363 3592 irrite·

273 3638 339 3716 hat,
364 3656 485 3702 novam
509 3631 673 3717 synodum
695 3632 881 3696 Bonifatius
903 3630 1031 3696 hahuit.
1076 3631 1177 3694 Facta
1199 3631 1306 3692 iterum
1325 3647 1363 3708 sy·

272 3737 354 3800 nodo
385 3733 445 3820 (ita
475 3731 577 3796 Liber
607 3728 824 3815 Pontificalis)
846 3731 901 3793 hoc
924 3739 1107 3792 ommno
1129 3722 1363 3814 (cassaveruntl.

273 3833 449 3900 sacedotes
472 3851 576 3894 amaea
593 3838 727 3914 propter
748 3829 953 3892 reverentiam
980 3835 1107 3890 sanctae
1129 3824 1231 3903 Sedis,
1254 3833 1283 3886 et
1303 3818 1364 3905 quio

273 3941 383 3996 eontra
405 3949 540 3994 canones
562 3926 616 3988 froc
631 3925 745 4010 fetant
755 3925 904 4009 foetum
927 3933 956 3988 st
979 3925 1054 4008 asia
1076 3923 1169 4010 eulpa
1191 3945 1258 3986 enm
1270 3915 1364 4004 (Boni-

273 4025 405 4112 fatium)
428 4023 625 4110 respiciebat,
650 4033 682 4086 ut
705 4044 907 4086 successorem
929 4020 991 4084 sihi
1012 4021 1218 4096 constitueret,
1241 4013 1362 4104 ipseBe

350 4239 368 4311 ¹)
387 4237 445 4292 Lib.
465 4235 613 4290 Pontifical.
