<?xml version="1.0" encoding="UTF-8"?>
<!DOCTYPE html PUBLIC "-//W3C//DTD XHTML 1.0 Transitional//EN"
    "http://www.w3.org/TR/xhtml1/DTD/xhtml1-transitional.dtd">
<html xmlns="http://www.w3.org/1999/xhtml" xml:lang="en" lang="en">
 <head>
  <title>
</title>
<meta http-equiv="Content-Type" content="text/html;charset=utf-8" />
  <meta name='ocr-system' content='tesseract 3.04.00' />
  <meta name='ocr-capabilities' content='ocr_page ocr_carea ocr_par ocr_line ocrx_word'/>
</head>
<body>
  <div class='ocr_page' id='page_1' title='image "./dissertationess02junggoog_0883.png"; bbox 0 0 2900 4800; ppageno 0'>
   <div class='ocr_carea' id='block_1_1' title="bbox 234 441 980 501">
    <p class='ocr_par' dir='ltr' id='par_1_1' title="bbox 234 441 980 501">
     <span class='ocr_line' id='line_1_1' title="bbox 234 441 980 501; baseline 0.005 -5"><span class='ocrx_word' id='word_1_1' title='bbox 234 443 289 497; x_wconf 73' lang='lat'><strong>410</strong></span> <span class='ocrx_word' id='word_1_2' title='bbox 611 443 750 499; x_wconf 81' lang='lat' dir='ltr'><strong>Because</strong></span> <span class='ocrx_word' id='word_1_3' title='bbox 767 441 880 498; x_wconf 82' lang='lat' dir='ltr'><strong>Honoril</strong></span> <span class='ocrx_word' id='word_1_4' title='bbox 898 443 931 500; x_wconf 84' lang='lat' dir='ltr'><strong>R.</strong></span> <span class='ocrx_word' id='word_1_5' title='bbox 949 443 980 501; x_wconf 85' lang='lat' dir='ltr'><strong>P.</strong></span> 
     </span>
    </p>
   </div>
   <div class='ocr_carea' id='block_1_2' title="bbox 73 585 1439 4003">
    <p class='ocr_par' dir='ltr' id='par_1_2' title="bbox 235 585 1349 946">
     <span class='ocr_line' id='line_1_2' title="bbox 235 585 1348 682; baseline 0.007 -31"><span class='ocrx_word' id='word_1_6' title='bbox 235 609 295 674; x_wconf 88' lang='lat' dir='ltr'><strong>per</strong></span> <span class='ocrx_word' id='word_1_7' title='bbox 316 586 558 674; x_wconf 76' lang='lat' dir='ltr'><strong>philosophiam</strong></span> <span class='ocrx_word' id='word_1_8' title='bbox 591 597 624 651; x_wconf 90' lang='lat' dir='ltr'><strong>et</strong></span> <span class='ocrx_word' id='word_1_9' title='bbox 653 588 786 652; x_wconf 89' lang='lat' dir='ltr'><strong>inanem</strong></span> <span class='ocrx_word' id='word_1_10' title='bbox 815 585 982 653; x_wconf 74' lang='lat' dir='ltr'><strong>induciam</strong></span> <span class='ocrx_word' id='word_1_11' title='bbox 1013 589 1192 678; x_wconf 87' lang='lat' dir='ltr'><strong>discipulos</strong></span> <span class='ocrx_word' id='word_1_12' title='bbox 1214 595 1348 682; x_wconf 88' lang='lat' dir='ltr'><strong>piscato-</strong></span> 
     </span>
     <span class='ocr_line' id='line_1_3' title="bbox 237 683 1349 778; baseline 0.006 -28"><span class='ocrx_word' id='word_1_13' title='bbox 237 705 319 766; x_wconf 86' lang='lat' dir='ltr'><strong>rum,</strong></span> <span class='ocrx_word' id='word_1_14' title='bbox 344 705 456 748; x_wconf 89' lang='lat' dir='ltr'><strong>eorum</strong></span> <span class='ocrx_word' id='word_1_15' title='bbox 481 683 666 749; x_wconf 84' lang='lat' dir='ltr'><strong>doctrinam</strong></span> <span class='ocrx_word' id='word_1_16' title='bbox 689 693 882 771; x_wconf 56' lang='lat' dir='ltr'><strong>sequentem</strong></span> <span class='ocrx_word' id='word_1_17' title='bbox 910 686 1022 752; x_wconf 89' lang='lat' dir='ltr'><strong>omnia</strong></span> <span class='ocrx_word' id='word_1_18' title='bbox 1045 691 1135 756; x_wconf 91' lang='lat' dir='ltr'><strong>enim</strong></span> <span class='ocrx_word' id='word_1_19' title='bbox 1158 703 1349 778; x_wconf 84' lang='lat' dir='ltr'><strong>argumenta</strong></span> 
     </span>
     <span class='ocr_line' id='line_1_4' title="bbox 237 781 1348 874; baseline 0.006 -26"><span class='ocrx_word' id='word_1_20' title='bbox 237 783 407 869; x_wconf 81' lang='lat' dir='ltr'><strong>scopulosa</strong></span> <span class='ocrx_word' id='word_1_21' title='bbox 431 782 662 868; x_wconf 75' lang='lat' dir='ltr'><strong>disputationis</strong></span> <span class='ocrx_word' id='word_1_22' title='bbox 686 781 827 847; x_wconf 75' lang='lat' dir='ltr'><strong>callidae</strong></span> <span class='ocrx_word' id='word_1_23' title='bbox 849 793 948 870; x_wconf 90' lang='lat' dir='ltr'><strong>atque</strong></span> <span class='ocrx_word' id='word_1_24' title='bbox 977 785 1158 874; x_wconf 84' lang='lat' dir='ltr'><strong>fluctivaga</strong></span> <span class='ocrx_word' id='word_1_25' title='bbox 1181 791 1216 854; x_wconf 92' lang='lat' dir='ltr'><strong>in</strong></span> <span class='ocrx_word' id='word_1_26' title='bbox 1240 809 1348 854; x_wconf 81' lang='lat' dir='ltr'><strong>comm</strong></span> 
     </span>
     <span class='ocr_line' id='line_1_5' title="bbox 236 879 584 946; baseline 0 0"><span class='ocrx_word' id='word_1_27' title='bbox 236 883 318 946; x_wconf 88' lang='lat' dir='ltr'><strong>retia</strong></span> <span class='ocrx_word' id='word_1_28' title='bbox 341 891 418 946; x_wconf 88' lang='lat' dir='ltr'><strong>sunt</strong></span> <span class='ocrx_word' id='word_1_29' title='bbox 441 879 584 946; x_wconf 81' lang='lat' dir='ltr'><strong>collisa.“</strong></span> 
     </span>
    </p>

    <p class='ocr_par' dir='ltr' id='par_1_3' title="bbox 236 977 1352 1754">
     <span class='ocr_line' id='line_1_6' title="bbox 325 977 1349 1067; baseline 0.004 -23"><span class='ocrx_word' id='word_1_30' title='bbox 325 980 378 1045; x_wconf 87' lang='lat'><strong>36.</strong></span> <span class='ocrx_word' id='word_1_31' title='bbox 405 979 518 1062; x_wconf 79' lang='lat' dir='ltr'><strong>„Haec</strong></span> <span class='ocrx_word' id='word_1_32' title='bbox 541 978 713 1043; x_wconf 88' lang='lat' dir='ltr'><strong>nobiscum</strong></span> <span class='ocrx_word' id='word_1_33' title='bbox 729 977 917 1044; x_wconf 66' lang='lat' dir='ltr'><strong>fraternitas</strong></span> <span class='ocrx_word' id='word_1_34' title='bbox 932 989 1042 1046; x_wconf 88' lang='lat' dir='ltr'><strong>vestra</strong></span> <span class='ocrx_word' id='word_1_35' title='bbox 1064 981 1244 1067; x_wconf 88' lang='lat' dir='ltr'><strong>praedicet,</strong></span> <span class='ocrx_word' id='word_1_36' title='bbox 1269 986 1349 1050; x_wconf 88' lang='lat' dir='ltr'><strong>sicut</strong></span> 
     </span>
     <span class='ocr_line' id='line_1_7' title="bbox 236 1074 1350 1164; baseline 0.003 -21"><span class='ocrx_word' id='word_1_37' title='bbox 236 1100 295 1144; x_wconf 88' lang='lat' dir='ltr'><strong>nos</strong></span> <span class='ocrx_word' id='word_1_38' title='bbox 319 1098 358 1141; x_wconf 89' lang='lat' dir='ltr'><strong>ea</strong></span> <span class='ocrx_word' id='word_1_39' title='bbox 381 1074 554 1140; x_wconf 80' lang='lat' dir='ltr'><strong>vobiscum</strong></span> <span class='ocrx_word' id='word_1_40' title='bbox 577 1077 779 1142; x_wconf 89' lang='lat' dir='ltr'><strong>unanimiter</strong></span> <span class='ocrx_word' id='word_1_41' title='bbox 805 1077 1054 1162; x_wconf 78' lang='lat' dir='ltr'><strong>praedicamus3</strong></span> <span class='ocrx_word' id='word_1_42' title='bbox 1091 1078 1262 1146; x_wconf 71' lang='lat' dir='ltr'><strong>hortantes</strong></span> <span class='ocrx_word' id='word_1_43' title='bbox 1284 1103 1350 1164; x_wconf 79' lang='lat' dir='ltr'><strong>vos,</strong></span> 
     </span>
     <span class='ocr_line' id='line_1_8' title="bbox 236 1173 1351 1264; baseline 0.004 -23"><span class='ocrx_word' id='word_1_44' title='bbox 236 1185 273 1241; x_wconf 92' lang='lat' dir='ltr'><strong>ut</strong></span> <span class='ocrx_word' id='word_1_45' title='bbox 296 1176 394 1240; x_wconf 91' lang='lat' dir='ltr'><strong>unius</strong></span> <span class='ocrx_word' id='word_1_46' title='bbox 427 1173 481 1238; x_wconf 82' lang='lat' dir='ltr'><strong>vel</strong></span> <span class='ocrx_word' id='word_1_47' title='bbox 511 1175 663 1258; x_wconf 84' lang='lat' dir='ltr'><strong>geminae</strong></span> <span class='ocrx_word' id='word_1_48' title='bbox 693 1194 800 1239; x_wconf 86' lang='lat' dir='ltr'><strong>novae</strong></span> <span class='ocrx_word' id='word_1_49' title='bbox 830 1176 923 1240; x_wconf 86' lang='lat' dir='ltr'><strong>vocis</strong></span> <span class='ocrx_word' id='word_1_50' title='bbox 950 1175 1124 1242; x_wconf 90' lang='lat' dir='ltr'><strong>inductum</strong></span> <span class='ocrx_word' id='word_1_51' title='bbox 1153 1181 1351 1264; x_wconf 73' lang='lat' dir='ltr'><strong>operationis</strong></span> 
     </span>
     <span class='ocr_line' id='line_1_9' title="bbox 236 1271 1350 1356; baseline 0.004 -18"><span class='ocrx_word' id='word_1_52' title='bbox 236 1271 433 1340; x_wconf 81' lang='lat' dir='ltr'><strong>vocaoulum</strong></span> <span class='ocrx_word' id='word_1_53' title='bbox 456 1271 679 1356; x_wconf 77' lang='lat' dir='ltr'><strong>aufugientes,</strong></span> <span class='ocrx_word' id='word_1_54' title='bbox 703 1293 806 1336; x_wconf 90' lang='lat' dir='ltr'><strong>unum</strong></span> <span class='ocrx_word' id='word_1_55' title='bbox 836 1271 1009 1338; x_wconf 87' lang='lat' dir='ltr'><strong>nobiscum</strong></span> <span class='ocrx_word' id='word_1_56' title='bbox 1032 1273 1216 1342; x_wconf 90' lang='lat' dir='ltr'><strong>Dominum</strong></span> <span class='ocrx_word' id='word_1_57' title='bbox 1240 1277 1350 1344; x_wconf 88' lang='lat' dir='ltr'><strong>Jesum</strong></span> 
     </span>
     <span class='ocr_line' id='line_1_10' title="bbox 238 1369 1352 1462; baseline 0.004 -26"><span class='ocrx_word' id='word_1_58' title='bbox 238 1371 406 1436; x_wconf 79' lang='lat' dir='ltr'><strong>Christum</strong></span> <span class='ocrx_word' id='word_1_59' title='bbox 430 1369 553 1434; x_wconf 84' lang='lat' dir='ltr'><strong>Filium</strong></span> <span class='ocrx_word' id='word_1_60' title='bbox 575 1369 640 1434; x_wconf 91' lang='lat' dir='ltr'><strong>Dei</strong></span> <span class='ocrx_word' id='word_1_61' title='bbox 669 1371 760 1450; x_wconf 81' lang='lat' dir='ltr'><strong>vivi,</strong></span> <span class='ocrx_word' id='word_1_62' title='bbox 784 1371 894 1435; x_wconf 90' lang='lat' dir='ltr'><strong>Deum</strong></span> <span class='ocrx_word' id='word_1_63' title='bbox 918 1371 1142 1462; x_wconf 68' lang='lat' dir='ltr'><strong>verissimum,</strong></span> <span class='ocrx_word' id='word_1_64' title='bbox 1167 1375 1203 1438; x_wconf 92' lang='lat' dir='ltr'><strong>in</strong></span> <span class='ocrx_word' id='word_1_65' title='bbox 1227 1375 1352 1442; x_wconf 82' lang='lat' dir='ltr'><strong>duabus</strong></span> 
     </span>
     <span class='ocr_line' id='line_1_11' title="bbox 239 1467 1352 1554; baseline 0.004 -19"><span class='ocrx_word' id='word_1_66' title='bbox 239 1470 365 1535; x_wconf 88' lang='lat' dir='ltr'><strong>naturis</strong></span> <span class='ocrx_word' id='word_1_67' title='bbox 397 1475 568 1554; x_wconf 85' lang='lat' dir='ltr'><strong>operatum</strong></span> <span class='ocrx_word' id='word_1_68' title='bbox 600 1467 763 1532; x_wconf 87' lang='lat' dir='ltr'><strong>divinitus</strong></span> <span class='ocrx_word' id='word_1_69' title='bbox 785 1477 885 1554; x_wconf 89' lang='lat' dir='ltr'><strong>etque</strong></span> <span class='ocrx_word' id='word_1_70' title='bbox 919 1467 1126 1554; x_wconf 82' lang='lat' dir='ltr'><strong>humanitus,</strong></span> <span class='ocrx_word' id='word_1_71' title='bbox 1160 1472 1228 1538; x_wconf 86' lang='lat' dir='ltr'><strong>lide</strong></span> <span class='ocrx_word' id='word_1_72' title='bbox 1252 1473 1352 1538; x_wconf 89' lang='lat' dir='ltr'><strong>ortho·</strong></span> 
     </span>
     <span class='ocr_line' id='line_1_12' title="bbox 239 1563 1352 1652; baseline 0.004 -21"><span class='ocrx_word' id='word_1_73' title='bbox 239 1567 326 1632; x_wconf 90' lang='lat' dir='ltr'><strong>doxa</strong></span> <span class='ocrx_word' id='word_1_74' title='bbox 349 1575 448 1652; x_wconf 88' lang='lat' dir='ltr'><strong>atque</strong></span> <span class='ocrx_word' id='word_1_75' title='bbox 472 1566 598 1630; x_wconf 90' lang='lat' dir='ltr'><strong>unitate</strong></span> <span class='ocrx_word' id='word_1_76' title='bbox 622 1564 784 1630; x_wconf 88' lang='lat' dir='ltr'><strong>catholica</strong></span> <span class='ocrx_word' id='word_1_77' title='bbox 806 1563 1014 1652; x_wconf 89' lang='lat' dir='ltr'><strong>praedicetis.</strong></span> <span class='ocrx_word' id='word_1_78' title='bbox 1060 1567 1153 1633; x_wconf 91' lang='lat' dir='ltr'><strong>Deus</strong></span> <span class='ocrx_word' id='word_1_79' title='bbox 1176 1581 1210 1634; x_wconf 90' lang='lat' dir='ltr'><strong>te</strong></span> <span class='ocrx_word' id='word_1_80' title='bbox 1233 1571 1352 1636; x_wconf 89' lang='lat' dir='ltr'><strong>incoln-</strong></span> 
     </span>
     <span class='ocr_line' id='line_1_13' title="bbox 240 1661 1303 1754; baseline 0.003 -24"><span class='ocrx_word' id='word_1_81' title='bbox 240 1685 326 1730; x_wconf 86' lang='lat' dir='ltr'><strong>mem</strong></span> <span class='ocrx_word' id='word_1_82' title='bbox 350 1662 524 1745; x_wconf 88' lang='lat' dir='ltr'><strong>custodiat‚</strong></span> <span class='ocrx_word' id='word_1_83' title='bbox 549 1661 761 1727; x_wconf 89' lang='lat' dir='ltr'><strong>dilectissime</strong></span> <span class='ocrx_word' id='word_1_84' title='bbox 784 1671 883 1750; x_wconf 87' lang='lat' dir='ltr'><strong>atque</strong></span> <span class='ocrx_word' id='word_1_85' title='bbox 907 1666 1112 1730; x_wconf 88' lang='lat' dir='ltr'><strong>sanctissime</strong></span> <span class='ocrx_word' id='word_1_86' title='bbox 1134 1665 1303 1754; x_wconf 75' lang='lat' dir='ltr'><strong>frater“¹).</strong></span> 
     </span>
    </p>

    <p class='ocr_par' dir='ltr' id='par_1_4' title="bbox 74 1759 1353 1850">
     <span class='ocr_line' id='line_1_14' title="bbox 74 1759 1353 1850; baseline 0.005 -25"><span class='ocrx_word' id='word_1_87' title='bbox 74 1773 223 1846; x_wconf 64' lang='lat' dir='ltr'><strong>nonomen·</strong></span> <span class='ocrx_word' id='word_1_88' title='bbox 328 1763 381 1828; x_wconf 74' lang='lat'><strong>37.</strong></span> <span class='ocrx_word' id='word_1_89' title='bbox 404 1761 516 1825; x_wconf 86' lang='lat' dir='ltr'><strong>Etiam</strong></span> <span class='ocrx_word' id='word_1_90' title='bbox 539 1760 674 1824; x_wconf 87' lang='lat' dir='ltr'><strong>alterius</strong></span> <span class='ocrx_word' id='word_1_91' title='bbox 697 1761 854 1846; x_wconf 90' lang='lat' dir='ltr'><strong>epistolae</strong></span> <span class='ocrx_word' id='word_1_92' title='bbox 876 1759 982 1847; x_wconf 85' lang='lat' dir='ltr'><strong>Sergii</strong></span> <span class='ocrx_word' id='word_1_93' title='bbox 1006 1761 1049 1827; x_wconf 88' lang='lat' dir='ltr'><strong>ad</strong></span> <span class='ocrx_word' id='word_1_94' title='bbox 1064 1763 1252 1830; x_wconf 88' lang='lat' dir='ltr'><strong>Honorium</strong></span> <span class='ocrx_word' id='word_1_95' title='bbox 1273 1767 1353 1850; x_wconf 87' lang='lat' dir='ltr'><strong>frag·</strong></span> 
     </span>
    </p>

    <p class='ocr_par' dir='ltr' id='par_1_5' title="bbox 73 1835 1439 2535">
     <span class='ocr_line' id='line_1_15' title="bbox 73 1835 1354 1946; baseline 0.003 -21"><span class='ocrx_word' id='word_1_96' title='bbox 73 1835 216 1878; x_wconf 52' lang='lat' dir='ltr'><strong>‘mmm&#39;</strong></span> <span class='ocrx_word' id='word_1_97' title='bbox 241 1869 353 1925; x_wconf 87' lang='lat' dir='ltr'><strong>menta</strong></span> <span class='ocrx_word' id='word_1_98' title='bbox 385 1861 420 1924; x_wconf 94' lang='lat' dir='ltr'><strong>in</strong></span> <span class='ocrx_word' id='word_1_99' title='bbox 454 1857 601 1923; x_wconf 84' lang='lat' dir='ltr'><strong>Concilio</strong></span> <span class='ocrx_word' id='word_1_100' title='bbox 636 1859 847 1924; x_wconf 88' lang='lat' dir='ltr'><strong>oecumenico</strong></span> <span class='ocrx_word' id='word_1_101' title='bbox 879 1859 928 1923; x_wconf 86' lang='lat' dir='ltr'><strong>VI</strong></span> <span class='ocrx_word' id='word_1_102' title='bbox 958 1861 1058 1926; x_wconf 83' lang='lat' dir='ltr'><strong>citata</strong></span> <span class='ocrx_word' id='word_1_103' title='bbox 1090 1861 1235 1929; x_wconf 80' lang='lat' dir='ltr'><strong>fuerunt</strong></span> <span class='ocrx_word' id='word_1_104' title='bbox 1282 1863 1354 1946; x_wconf 85' lang='lat' dir='ltr'><strong>Qua</strong></span> 
     </span>
     <span class='ocr_line' id='line_1_16' title="bbox 241 1955 1352 2044; baseline 0.004 -20"><span class='ocrx_word' id='word_1_105' title='bbox 241 1961 413 2024; x_wconf 87' lang='lat' dir='ltr'><strong>occasione</strong></span> <span class='ocrx_word' id='word_1_106' title='bbox 437 1955 552 2020; x_wconf 88' lang='lat' dir='ltr'><strong>eadem</strong></span> <span class='ocrx_word' id='word_1_107' title='bbox 576 1955 619 2020; x_wconf 89' lang='lat' dir='ltr'><strong>eh</strong></span> <span class='ocrx_word' id='word_1_108' title='bbox 635 1955 781 2020; x_wconf 91' lang='lat' dir='ltr'><strong>Honorio</strong></span> <span class='ocrx_word' id='word_1_109' title='bbox 802 1959 990 2044; x_wconf 85' lang='lat' dir='ltr'><strong>scriptasit,</strong></span> <span class='ocrx_word' id='word_1_110' title='bbox 1007 1957 1099 2024; x_wconf 90' lang='lat' dir='ltr'><strong>haud</strong></span> <span class='ocrx_word' id='word_1_111' title='bbox 1122 1963 1260 2026; x_wconf 92' lang='lat' dir='ltr'><strong>omnino</strong></span> <span class='ocrx_word' id='word_1_112' title='bbox 1283 1983 1352 2028; x_wconf 92' lang='lat' dir='ltr'><strong>con·</strong></span> 
     </span>
     <span class='ocr_line' id='line_1_17' title="bbox 240 2051 1439 2142; baseline 0.002 -21"><span class='ocrx_word' id='word_1_113' title='bbox 240 2065 323 2139; x_wconf 81' lang='lat' dir='ltr'><strong>stat3</strong></span> <span class='ocrx_word' id='word_1_114' title='bbox 346 2056 429 2120; x_wconf 84' lang='lat' dir='ltr'><strong>forte</strong></span> <span class='ocrx_word' id='word_1_115' title='bbox 452 2053 495 2118; x_wconf 90' lang='lat' dir='ltr'><strong>ad</strong></span> <span class='ocrx_word' id='word_1_116' title='bbox 519 2051 670 2137; x_wconf 87' lang='lat' dir='ltr'><strong>Sergium</strong></span> <span class='ocrx_word' id='word_1_117' title='bbox 695 2053 794 2118; x_wconf 87' lang='lat' dir='ltr'><strong>missa</strong></span> <span class='ocrx_word' id='word_1_118' title='bbox 817 2062 875 2136; x_wconf 88' lang='lat' dir='ltr'><strong>est,</strong></span> <span class='ocrx_word' id='word_1_119' title='bbox 899 2063 1072 2142; x_wconf 88' lang='lat' dir='ltr'><strong>postquam</strong></span> <span class='ocrx_word' id='word_1_120' title='bbox 1096 2057 1237 2124; x_wconf 80' lang='lat' dir='ltr'><strong>Romam</strong></span> <span class='ocrx_word' id='word_1_121' title='bbox 1261 2057 1353 2125; x_wconf 77' lang='lat' dir='ltr'><strong>adse·</strong></span> <span class='ocrx_word' id='word_1_122' title='bbox 1438 2069 1439 2138; x_wconf 70' lang='lat' dir='ltr'><strong>j</strong></span> 
     </span>
     <span class='ocr_line' id='line_1_18' title="bbox 237 2149 1352 2245; baseline 0.002 -27"><span class='ocrx_word' id='word_1_123' title='bbox 237 2163 357 2219; x_wconf 90' lang='lat' dir='ltr'><strong>nerunt</strong></span> <span class='ocrx_word' id='word_1_124' title='bbox 378 2153 478 2237; x_wconf 87' lang='lat' dir='ltr'><strong>legati</strong></span> <span class='ocrx_word' id='word_1_125' title='bbox 503 2149 697 2236; x_wconf 89' lang='lat' dir='ltr'><strong>Sophronii,</strong></span> <span class='ocrx_word' id='word_1_126' title='bbox 723 2150 777 2216; x_wconf 86' lang='lat' dir='ltr'><strong>vel</strong></span> <span class='ocrx_word' id='word_1_127' title='bbox 800 2161 973 2238; x_wconf 87' lang='lat' dir='ltr'><strong>postquam</strong></span> <span class='ocrx_word' id='word_1_128' title='bbox 989 2153 1156 2221; x_wconf 90' lang='lat' dir='ltr'><strong>Honorius</strong></span> <span class='ocrx_word' id='word_1_129' title='bbox 1179 2157 1352 2245; x_wconf 87' lang='lat' dir='ltr'><strong>Sophronii</strong></span> 
     </span>
     <span class='ocr_line' id='line_1_19' title="bbox 237 2247 1353 2339; baseline 0.001 -22"><span class='ocrx_word' id='word_1_130' title='bbox 237 2253 361 2318; x_wconf 85' lang='lat' dir='ltr'><strong>litteras</strong></span> <span class='ocrx_word' id='word_1_131' title='bbox 385 2247 561 2335; x_wconf 88' lang='lat' dir='ltr'><strong>synodicas</strong></span> <span class='ocrx_word' id='word_1_132' title='bbox 584 2252 722 2336; x_wconf 89' lang='lat' dir='ltr'><strong>accepit.</strong></span> <span class='ocrx_word' id='word_1_133' title='bbox 769 2249 808 2314; x_wconf 92' lang='lat' dir='ltr'><strong>In</strong></span> <span class='ocrx_word' id='word_1_134' title='bbox 840 2271 878 2314; x_wconf 89' lang='lat' dir='ltr'><strong>ea</strong></span> <span class='ocrx_word' id='word_1_135' title='bbox 906 2271 1037 2338; x_wconf 90' lang='lat' dir='ltr'><strong>quoque</strong></span> <span class='ocrx_word' id='word_1_136' title='bbox 1061 2254 1199 2339; x_wconf 89' lang='lat' dir='ltr'><strong>epistola</strong></span> <span class='ocrx_word' id='word_1_137' title='bbox 1224 2277 1353 2321; x_wconf 79' lang='lat' dir='ltr'><strong>oecono</strong></span> 
     </span>
     <span class='ocr_line' id='line_1_20' title="bbox 238 2345 1353 2434; baseline 0.002 -18"><span class='ocrx_word' id='word_1_138' title='bbox 238 2353 339 2416; x_wconf 87' lang='lat' dir='ltr'><strong>miam</strong></span> <span class='ocrx_word' id='word_1_139' title='bbox 363 2349 483 2415; x_wconf 90' lang='lat' dir='ltr'><strong>silentii</strong></span> <span class='ocrx_word' id='word_1_140' title='bbox 508 2345 670 2434; x_wconf 83' lang='lat' dir='ltr'><strong>approbat</strong></span> <span class='ocrx_word' id='word_1_141' title='bbox 692 2358 791 2432; x_wconf 88' lang='lat' dir='ltr'><strong>atque</strong></span> <span class='ocrx_word' id='word_1_142' title='bbox 814 2347 941 2413; x_wconf 84' lang='lat' dir='ltr'><strong>suadet.</strong></span> <span class='ocrx_word' id='word_1_143' title='bbox 985 2349 1077 2415; x_wconf 88' lang='lat' dir='ltr'><strong>Haeo</strong></span> <span class='ocrx_word' id='word_1_144' title='bbox 1100 2363 1213 2418; x_wconf 80' lang='lat' dir='ltr'><strong>autam</strong></span> <span class='ocrx_word' id='word_1_145' title='bbox 1238 2355 1279 2418; x_wconf 89' lang='lat' dir='ltr'><strong>de</strong></span> <span class='ocrx_word' id='word_1_146' title='bbox 1302 2352 1353 2417; x_wconf 89' lang='lat' dir='ltr'><strong>illa</strong></span> 
     </span>
     <span class='ocr_line' id='line_1_21' title="bbox 238 2443 1353 2535; baseline 0 -22"><span class='ocrx_word' id='word_1_147' title='bbox 238 2447 374 2535; x_wconf 88' lang='lat' dir='ltr'><strong>epistola</strong></span> <span class='ocrx_word' id='word_1_148' title='bbox 389 2448 422 2510; x_wconf 92' lang='lat' dir='ltr'><strong>in</strong></span> <span class='ocrx_word' id='word_1_149' title='bbox 431 2443 670 2510; x_wconf 82' lang='lat' dir='ltr'><strong>ActisOoncilii</strong></span> <span class='ocrx_word' id='word_1_150' title='bbox 681 2443 739 2524; x_wconf 90' lang='lat' dir='ltr'><strong>VI,</strong></span> <span class='ocrx_word' id='word_1_151' title='bbox 749 2443 889 2510; x_wconf 84' lang='lat' dir='ltr'><strong>Actione</strong></span> <span class='ocrx_word' id='word_1_152' title='bbox 897 2447 992 2530; x_wconf 85' lang='lat' dir='ltr'>XIII,</span> <span class='ocrx_word' id='word_1_153' title='bbox 1010 2449 1111 2514; x_wconf 83' lang='lat' dir='ltr'><strong>citata</strong></span> <span class='ocrx_word' id='word_1_154' title='bbox 1122 2453 1353 2516; x_wconf 88' lang='lat' dir='ltr'><strong>inveniuntur:</strong></span> 
     </span>
    </p>

    <p class='ocr_par' dir='ltr' id='par_1_6' title="bbox 238 2543 1438 4003">
     <span class='ocr_line' id='line_1_22' title="bbox 326 2543 1353 2635; baseline 0 -25"><span class='ocrx_word' id='word_1_155' title='bbox 326 2546 378 2610; x_wconf 82' lang='lat'><strong>38.</strong></span> <span class='ocrx_word' id='word_1_156' title='bbox 406 2543 649 2626; x_wconf 81' lang='lat' dir='ltr'><strong>„Dilectissimo</strong></span> <span class='ocrx_word' id='word_1_157' title='bbox 677 2543 770 2607; x_wconf 85' lang='lat' dir='ltr'><strong>fratri</strong></span> <span class='ocrx_word' id='word_1_158' title='bbox 795 2543 908 2628; x_wconf 89' lang='lat' dir='ltr'><strong>Sergio</strong></span> <span class='ocrx_word' id='word_1_159' title='bbox 933 2543 1109 2613; x_wconf 88' lang='lat' dir='ltr'><strong>Honorius.</strong></span> <span class='ocrx_word' id='word_1_160' title='bbox 1155 2546 1289 2635; x_wconf 83' lang='lat' dir='ltr'><strong>Scripta</strong></span> <span class='ocrx_word' id='word_1_161' title='bbox 1311 2548 1353 2612; x_wconf 90' lang='lat' dir='ltr'><strong>di·</strong></span> 
     </span>
     <span class='ocr_line' id='line_1_23' title="bbox 238 2641 1353 2725; baseline -0.002 -15"><span class='ocrx_word' id='word_1_162' title='bbox 238 2644 407 2710; x_wconf 87' lang='lat' dir='ltr'><strong>lectissimi</strong></span> <span class='ocrx_word' id='word_1_163' title='bbox 433 2641 491 2706; x_wconf 91' lang='lat' dir='ltr'><strong>lilii</strong></span> <span class='ocrx_word' id='word_1_164' title='bbox 516 2643 618 2705; x_wconf 89' lang='lat' dir='ltr'><strong>nostri</strong></span> <span class='ocrx_word' id='word_1_165' title='bbox 643 2641 763 2725; x_wconf 90' lang='lat' dir='ltr'><strong>Syricii</strong></span> <span class='ocrx_word' id='word_1_166' title='bbox 783 2641 937 2706; x_wconf 88' lang='lat' dir='ltr'><strong>Diaconi.</strong></span> <span class='ocrx_word' id='word_1_167' title='bbox 962 2691 970 2707; x_wconf 89' lang='lat'><strong>.</strong></span> <span class='ocrx_word' id='word_1_168' title='bbox 995 2643 1023 2708; x_wconf 84' lang='lat'><strong>.“</strong></span> <span class='ocrx_word' id='word_1_169' title='bbox 1051 2644 1157 2710; x_wconf 83' lang='lat' dir='ltr'><strong>Habet</strong></span> <span class='ocrx_word' id='word_1_170' title='bbox 1180 2658 1286 2710; x_wconf 81' lang='lat' dir='ltr'><strong>cutem</strong></span> <span class='ocrx_word' id='word_1_171' title='bbox 1308 2669 1353 2708; x_wconf 82' lang='lat' dir='ltr'><strong>ea·</strong></span> 
     </span>
     <span class='ocr_line' id='line_1_24' title="bbox 238 2739 1353 2829; baseline -0.002 -22"><span class='ocrx_word' id='word_1_172' title='bbox 238 2745 307 2807; x_wconf 82' lang='lat' dir='ltr'><strong>dem</strong></span> <span class='ocrx_word' id='word_1_173' title='bbox 339 2740 474 2828; x_wconf 84' lang='lat' dir='ltr'><strong>epistola</strong></span> <span class='ocrx_word' id='word_1_174' title='bbox 496 2751 573 2826; x_wconf 86' lang='lat' dir='ltr'><strong>post</strong></span> <span class='ocrx_word' id='word_1_175' title='bbox 597 2761 706 2825; x_wconf 85' lang='lat' dir='ltr'><strong>pauca</strong></span> <span class='ocrx_word' id='word_1_176' title='bbox 737 2739 833 2802; x_wconf 80' lang='lat' dir='ltr'><strong>haec:</strong></span> <span class='ocrx_word' id='word_1_177' title='bbox 880 2739 970 2822; x_wconf 81' lang='lat' dir='ltr'><strong>„Nec</strong></span> <span class='ocrx_word' id='word_1_178' title='bbox 1002 2762 1067 2806; x_wconf 93' lang='lat' dir='ltr'><strong>non</strong></span> <span class='ocrx_word' id='word_1_179' title='bbox 1096 2753 1129 2806; x_wconf 93' lang='lat' dir='ltr'><strong>et</strong></span> <span class='ocrx_word' id='word_1_180' title='bbox 1152 2741 1242 2829; x_wconf 79' lang='lat' dir='ltr'><strong>Cyro</strong></span> <span class='ocrx_word' id='word_1_181' title='bbox 1266 2743 1353 2808; x_wconf 83' lang='lat' dir='ltr'><strong>fratri</strong></span> 
     </span>
     <span class='ocr_line' id='line_1_25' title="bbox 238 2835 1354 2924; baseline -0.003 -19"><span class='ocrx_word' id='word_1_182' title='bbox 238 2849 347 2906; x_wconf 90' lang='lat' dir='ltr'><strong>nostro</strong></span> <span class='ocrx_word' id='word_1_183' title='bbox 364 2837 611 2903; x_wconf 85' lang='lat' dir='ltr'><strong>Alexandrinae</strong></span> <span class='ocrx_word' id='word_1_184' title='bbox 636 2836 780 2901; x_wconf 84' lang='lat' dir='ltr'><strong>civitatis</strong></span> <span class='ocrx_word' id='word_1_185' title='bbox 803 2835 961 2923; x_wconf 86' lang='lat' dir='ltr'><strong>praesuli,</strong></span> <span class='ocrx_word' id='word_1_186' title='bbox 986 2847 1148 2924; x_wconf 84' lang='lat' dir='ltr'><strong>quatenus</strong></span> <span class='ocrx_word' id='word_1_187' title='bbox 1170 2861 1281 2906; x_wconf 85' lang='lat' dir='ltr'><strong>novae</strong></span> <span class='ocrx_word' id='word_1_188' title='bbox 1302 2839 1354 2904; x_wconf 88' lang='lat' dir='ltr'><strong>ad-</strong></span> 
     </span>
     <span class='ocr_line' id='line_1_26' title="bbox 238 2934 1354 3021; baseline -0.002 -17"><span class='ocrx_word' id='word_1_189' title='bbox 238 2939 439 3005; x_wconf 85' lang='lat' dir='ltr'><strong>inventionis</strong></span> <span class='ocrx_word' id='word_1_190' title='bbox 463 2937 577 3016; x_wconf 85' lang='lat' dir='ltr'><strong>unius,</strong></span> <span class='ocrx_word' id='word_1_191' title='bbox 608 2934 662 3000; x_wconf 85' lang='lat' dir='ltr'><strong>vel</strong></span> <span class='ocrx_word' id='word_1_192' title='bbox 693 2935 834 3000; x_wconf 87' lang='lat' dir='ltr'><strong>duarum</strong></span> <span class='ocrx_word' id='word_1_193' title='bbox 866 2940 1094 3021; x_wconf 88' lang='lat' dir='ltr'><strong>operationum</strong></span> <span class='ocrx_word' id='word_1_194' title='bbox 1123 2936 1288 3002; x_wconf 86' lang='lat' dir='ltr'><strong>vocabulo</strong></span> <span class='ocrx_word' id='word_1_195' title='bbox 1311 2957 1354 3001; x_wconf 91' lang='lat' dir='ltr'><strong>re·</strong></span> 
     </span>
     <span class='ocr_line' id='line_1_27' title="bbox 239 3032 1353 3120; baseline -0.004 -19"><span class='ocrx_word' id='word_1_196' title='bbox 239 3037 354 3118; x_wconf 82' lang='lat' dir='ltr'><strong>futato,</strong></span> <span class='ocrx_word' id='word_1_197' title='bbox 380 3036 466 3100; x_wconf 88' lang='lat' dir='ltr'><strong>claro</strong></span> <span class='ocrx_word' id='word_1_198' title='bbox 481 3033 546 3098; x_wconf 91' lang='lat' dir='ltr'><strong>Dei</strong></span> <span class='ocrx_word' id='word_1_199' title='bbox 571 3032 785 3097; x_wconf 89' lang='lat' dir='ltr'><strong>ecclesiarum</strong></span> <span class='ocrx_word' id='word_1_200' title='bbox 808 3035 1001 3120; x_wconf 86' lang='lat' dir='ltr'><strong>praeconio,</strong></span> <span class='ocrx_word' id='word_1_201' title='bbox 1026 3033 1262 3100; x_wconf 89' lang='lat' dir='ltr'><strong>nebulosarum</strong></span> <span class='ocrx_word' id='word_1_202' title='bbox 1285 3057 1353 3099; x_wconf 92' lang='lat' dir='ltr'><strong>eon·</strong></span> 
     </span>
     <span class='ocr_line' id='line_1_28' title="bbox 239 3131 1438 3220; baseline -0.004 -21"><span class='ocrx_word' id='word_1_203' title='bbox 239 3135 456 3199; x_wconf 90' lang='lat' dir='ltr'><strong>certationum</strong></span> <span class='ocrx_word' id='word_1_204' title='bbox 482 3131 640 3216; x_wconf 87' lang='lat' dir='ltr'><strong>caligines</strong></span> <span class='ocrx_word' id='word_1_205' title='bbox 664 3131 792 3195; x_wconf 87' lang='lat' dir='ltr'><strong>offundi</strong></span> <span class='ocrx_word' id='word_1_206' title='bbox 817 3153 882 3196; x_wconf 92' lang='lat' dir='ltr'><strong>non</strong></span> <span class='ocrx_word' id='word_1_207' title='bbox 907 3132 1051 3198; x_wconf 88' lang='lat' dir='ltr'><strong>debeant</strong></span> <span class='ocrx_word' id='word_1_208' title='bbox 1073 3131 1126 3198; x_wconf 85' lang='lat' dir='ltr'><strong>vel</strong></span> <span class='ocrx_word' id='word_1_209' title='bbox 1149 3135 1297 3220; x_wconf 79' lang='lat' dir='ltr'><strong>aspergi3</strong></span> <span class='ocrx_word' id='word_1_210' title='bbox 1320 3141 1354 3194; x_wconf 88' lang='lat' dir='ltr'><strong>ut</strong></span> <span class='ocrx_word' id='word_1_211' title='bbox 1437 3191 1438 3218; x_wconf 16' lang='grc' dir='ltr'>ἶ</span> 
     </span>
     <span class='ocr_line' id='line_1_29' title="bbox 238 3223 1438 3319; baseline -0.003 -22"><span class='ocrx_word' id='word_1_212' title='bbox 238 3231 383 3319; x_wconf 83' lang='lat' dir='ltr'><strong>profecto</strong></span> <span class='ocrx_word' id='word_1_213' title='bbox 407 3231 506 3294; x_wconf 90' lang='lat' dir='ltr'><strong>unius</strong></span> <span class='ocrx_word' id='word_1_214' title='bbox 528 3228 582 3294; x_wconf 84' lang='lat' dir='ltr'><strong>vel</strong></span> <span class='ocrx_word' id='word_1_215' title='bbox 605 3231 758 3313; x_wconf 85' lang='lat' dir='ltr'><strong>geminae</strong></span> <span class='ocrx_word' id='word_1_216' title='bbox 781 3230 980 3315; x_wconf 86' lang='lat' dir='ltr'><strong>operationis</strong></span> <span class='ocrx_word' id='word_1_217' title='bbox 1003 3229 1203 3296; x_wconf 88' lang='lat' dir='ltr'><strong>vocabulum</strong></span> <span class='ocrx_word' id='word_1_218' title='bbox 1228 3231 1354 3294; x_wconf 86' lang='lat' dir='ltr'><strong>noviter</strong></span> <span class='ocrx_word' id='word_1_219' title='bbox 1437 3223 1438 3252; x_wconf 62' lang='lat'>¹</span> 
     </span>
     <span class='ocr_line' id='line_1_30' title="bbox 239 3325 1352 3414; baseline -0.005 -19"><span class='ocrx_word' id='word_1_220' title='bbox 239 3329 464 3395; x_wconf 88' lang='lat' dir='ltr'><strong>introductum</strong></span> <span class='ocrx_word' id='word_1_221' title='bbox 500 3349 541 3390; x_wconf 88' lang='lat' dir='ltr'><strong>ex</strong></span> <span class='ocrx_word' id='word_1_222' title='bbox 571 3326 818 3412; x_wconf 89' lang='lat' dir='ltr'><strong>praedicatione</strong></span> <span class='ocrx_word' id='word_1_223' title='bbox 852 3325 930 3392; x_wconf 90' lang='lat' dir='ltr'><strong>fidei</strong></span> <span class='ocrx_word' id='word_1_224' title='bbox 964 3329 1138 3393; x_wconf 87' lang='lat' dir='ltr'><strong>eximatur.</strong></span> <span class='ocrx_word' id='word_1_225' title='bbox 1184 3328 1273 3393; x_wconf 83' lang='lat' dir='ltr'><strong>Nem</strong></span> <span class='ocrx_word' id='word_1_226' title='bbox 1301 3329 1352 3414; x_wconf 89' lang='lat' dir='ltr'><strong>qui</strong></span> 
     </span>
     <span class='ocr_line' id='line_1_31' title="bbox 239 3423 1351 3511; baseline -0.005 -17"><span class='ocrx_word' id='word_1_227' title='bbox 239 3429 322 3494; x_wconf 89' lang='lat' dir='ltr'><strong>haec</strong></span> <span class='ocrx_word' id='word_1_228' title='bbox 346 3427 478 3507; x_wconf 89' lang='lat' dir='ltr'><strong>dicunt,</strong></span> <span class='ocrx_word' id='word_1_229' title='bbox 503 3423 584 3511; x_wconf 87' lang='lat' dir='ltr'><strong>quid</strong></span> <span class='ocrx_word' id='word_1_230' title='bbox 607 3423 698 3489; x_wconf 90' lang='lat' dir='ltr'><strong>aliud</strong></span> <span class='ocrx_word' id='word_1_231' title='bbox 721 3425 785 3488; x_wconf 90' lang='lat' dir='ltr'><strong>nisi</strong></span> <span class='ocrx_word' id='word_1_232' title='bbox 809 3425 904 3508; x_wconf 78' lang='lat' dir='ltr'><strong>juxta</strong></span> <span class='ocrx_word' id='word_1_233' title='bbox 927 3427 1025 3490; x_wconf 91' lang='lat' dir='ltr'><strong>unius</strong></span> <span class='ocrx_word' id='word_1_234' title='bbox 1049 3425 1102 3490; x_wconf 88' lang='lat' dir='ltr'><strong>vel</strong></span> <span class='ocrx_word' id='word_1_235' title='bbox 1124 3427 1279 3511; x_wconf 89' lang='lat' dir='ltr'><strong>geminae</strong></span> <span class='ocrx_word' id='word_1_236' title='bbox 1302 3447 1351 3488; x_wconf 87' lang='lat' dir='ltr'><strong>na·</strong></span> 
     </span>
     <span class='ocr_line' id='line_1_32' title="bbox 238 3521 1350 3610; baseline -0.005 -18"><span class='ocrx_word' id='word_1_237' title='bbox 238 3539 331 3592; x_wconf 88' lang='lat' dir='ltr'><strong>turae</strong></span> <span class='ocrx_word' id='word_1_238' title='bbox 365 3524 487 3590; x_wconf 88' lang='lat' dir='ltr'><strong>Christi</strong></span> <span class='ocrx_word' id='word_1_239' title='bbox 520 3523 584 3587; x_wconf 90' lang='lat' dir='ltr'><strong>Dei</strong></span> <span class='ocrx_word' id='word_1_240' title='bbox 615 3521 836 3605; x_wconf 86' lang='lat' dir='ltr'><strong>vocabulum,</strong></span> <span class='ocrx_word' id='word_1_241' title='bbox 869 3523 915 3590; x_wconf 89' lang='lat' dir='ltr'><strong>ita</strong></span> <span class='ocrx_word' id='word_1_242' title='bbox 946 3533 978 3589; x_wconf 94' lang='lat' dir='ltr'><strong>et</strong></span> <span class='ocrx_word' id='word_1_243' title='bbox 1005 3525 1231 3610; x_wconf 85' lang='lat' dir='ltr'><strong>operationem</strong></span> <span class='ocrx_word' id='word_1_244' title='bbox 1255 3543 1350 3587; x_wconf 87' lang='lat' dir='ltr'><strong>unam</strong></span> 
     </span>
     <span class='ocr_line' id='line_1_33' title="bbox 240 3618 1352 3708; baseline -0.005 -20"><span class='ocrx_word' id='word_1_245' title='bbox 240 3625 292 3690; x_wconf 89' lang='lat' dir='ltr'><strong>vel</strong></span> <span class='ocrx_word' id='word_1_246' title='bbox 325 3625 493 3708; x_wconf 88' lang='lat' dir='ltr'><strong>geminam</strong></span> <span class='ocrx_word' id='word_1_247' title='bbox 517 3621 751 3706; x_wconf 83' lang='lat' dir='ltr'><strong>suspicantur?</strong></span> <span class='ocrx_word' id='word_1_248' title='bbox 788 3619 896 3707; x_wconf 86' lang='lat' dir='ltr'><strong>Super</strong></span> <span class='ocrx_word' id='word_1_249' title='bbox 917 3622 1006 3708; x_wconf 91' lang='lat' dir='ltr'><strong>quod</strong></span> <span class='ocrx_word' id='word_1_250' title='bbox 1030 3621 1118 3686; x_wconf 89' lang='lat' dir='ltr'><strong>clera</strong></span> <span class='ocrx_word' id='word_1_251' title='bbox 1141 3629 1218 3684; x_wconf 90' lang='lat' dir='ltr'><strong>sunt</strong></span> <span class='ocrx_word' id='word_1_252' title='bbox 1241 3618 1352 3684; x_wconf 85' lang='lat' dir='ltr'><strong>divina</strong></span> 
     </span>
     <span class='ocr_line' id='line_1_34' title="bbox 240 3712 1352 3804; baseline -0.011 -16"><span class='ocrx_word' id='word_1_253' title='bbox 240 3723 439 3788; x_wconf 87' lang='lat' dir='ltr'><strong>testimonia.</strong></span> <span class='ocrx_word' id='word_1_254' title='bbox 485 3719 591 3786; x_wconf 88' lang='lat' dir='ltr'><strong>Unius</strong></span> <span class='ocrx_word' id='word_1_255' title='bbox 614 3729 723 3784; x_wconf 87' lang='lat' dir='ltr'><strong>antem</strong></span> <span class='ocrx_word' id='word_1_256' title='bbox 748 3721 947 3804; x_wconf 82' lang='lat' dir='ltr'><strong>operationis</strong></span> <span class='ocrx_word' id='word_1_257' title='bbox 971 3719 1023 3783; x_wconf 82' lang='lat' dir='ltr'><strong>val</strong></span> <span class='ocrx_word' id='word_1_258' title='bbox 1048 3717 1189 3783; x_wconf 85' lang='lat' dir='ltr'><strong>duarum</strong></span> <span class='ocrx_word' id='word_1_259' title='bbox 1212 3737 1282 3780; x_wconf 84' lang='lat' dir='ltr'><strong>esse</strong></span> <span class='ocrx_word' id='word_1_260' title='bbox 1304 3712 1352 3777; x_wconf 84' lang='lat' dir='ltr'><strong>vel</strong></span> 
     </span>
     <span class='ocr_line' id='line_1_35' title="bbox 238 3811 1345 3886; baseline -0.009 -1"><span class='ocrx_word' id='word_1_261' title='bbox 238 3821 339 3886; x_wconf 83' lang='lat' dir='ltr'><strong>fuisse</strong></span> <span class='ocrx_word' id='word_1_262' title='bbox 362 3819 576 3884; x_wconf 87' lang='lat' dir='ltr'><strong>mediatorem</strong></span> <span class='ocrx_word' id='word_1_263' title='bbox 590 3817 656 3881; x_wconf 89' lang='lat' dir='ltr'><strong>Dei</strong></span> <span class='ocrx_word' id='word_1_264' title='bbox 680 3827 712 3882; x_wconf 88' lang='lat' dir='ltr'><strong>et</strong></span> <span class='ocrx_word' id='word_1_265' title='bbox 734 3815 905 3881; x_wconf 93' lang='lat' dir='ltr'><strong>hominurn</strong></span> <span class='ocrx_word' id='word_1_266' title='bbox 920 3817 1102 3881; x_wconf 87' lang='lat' dir='ltr'><strong>Dominum</strong></span> <span class='ocrx_word' id='word_1_267' title='bbox 1125 3815 1241 3882; x_wconf 88' lang='lat' dir='ltr'><strong>Jesum</strong></span> <span class='ocrx_word' id='word_1_268' title='bbox 1258 3811 1345 3878; x_wconf 82' lang='lat' dir='ltr'><strong>Chri·</strong></span> 
     </span>
     <span class='ocr_line' id='line_1_36' title="bbox 239 3917 1218 4003; baseline -0.003 -22"><span class='ocrx_word' id='word_1_269' title='bbox 239 3927 334 3999; x_wconf 89' lang='lat' dir='ltr'><strong>stum,</strong></span> <span class='ocrx_word' id='word_1_270' title='bbox 360 3918 479 3980; x_wconf 87' lang='lat' dir='ltr'><strong>sentire</strong></span> <span class='ocrx_word' id='word_1_271' title='bbox 503 3923 536 3979; x_wconf 93' lang='lat' dir='ltr'><strong>et</strong></span> <span class='ocrx_word' id='word_1_272' title='bbox 558 3935 708 4002; x_wconf 89' lang='lat' dir='ltr'><strong>promere</strong></span> <span class='ocrx_word' id='word_1_273' title='bbox 731 3918 811 3980; x_wconf 88' lang='lat' dir='ltr'><strong>satis</strong></span> <span class='ocrx_word' id='word_1_274' title='bbox 834 3918 982 4003; x_wconf 88' lang='lat' dir='ltr'><strong>ineptum</strong></span> <span class='ocrx_word' id='word_1_275' title='bbox 1006 3925 1055 3979; x_wconf 86' lang='lat' dir='ltr'><strong>est</strong></span> <span class='ocrx_word' id='word_1_276' title='bbox 1056 3963 1197 3980; x_wconf 91' lang='grc'><strong>.....</strong></span> <span class='ocrx_word' id='word_1_277' title='bbox 1202 3917 1218 3950; x_wconf 72' lang='lat'><strong>‘⁴</strong></span> 
     </span>
    </p>
   </div>
   <div class='ocr_carea' id='block_1_3' title="bbox 312 4215 596 4285">
    <p class='ocr_par' dir='ltr' id='par_1_7' title="bbox 312 4215 596 4285">
     <span class='ocr_line' id='line_1_37' title="bbox 312 4215 596 4285; baseline -0.004 -15"><span class='ocrx_word' id='word_1_278' title='bbox 312 4217 332 4285; x_wconf 81' lang='grc'><strong>1)</strong></span> <span class='ocrx_word' id='word_1_279' title='bbox 351 4215 449 4281; x_wconf 69' lang='lat' dir='ltr'><strong>nasu,</strong></span> <span class='ocrx_word' id='word_1_280' title='bbox 467 4215 515 4271; x_wconf 75' lang='lat' dir='ltr'><strong>vi</strong></span> <span class='ocrx_word' id='word_1_281' title='bbox 534 4215 596 4270; x_wconf 83' lang='lat' dir='ltr'><strong>sss.</strong></span> 
     </span>
    </p>
   </div>
   <div class='ocr_carea' id='block_1_4' title="bbox 0 0 1463 4800">
    <p class='ocr_par' dir='ltr' id='par_1_8' title="bbox 0 0 1463 4800">
     <span class='ocr_line' id='line_1_38' title="bbox 0 0 1463 4800; baseline 0 0"><span class='ocrx_word' id='word_1_282' title='bbox 0 0 1463 4800; x_wconf 95' lang='lat' dir='ltr'><strong> </strong></span> 
     </span>
    </p>
   </div>
  </div>
 </body>
</html>
