<?xml version="1.0" encoding="UTF-8"?>
<!DOCTYPE html PUBLIC "-//W3C//DTD XHTML 1.0 Transitional//EN"
    "http://www.w3.org/TR/xhtml1/DTD/xhtml1-transitional.dtd">
<html xmlns="http://www.w3.org/1999/xhtml" xml:lang="en" lang="en">
 <head>
  <title>
</title>
<meta http-equiv="Content-Type" content="text/html;charset=utf-8" />
  <meta name='ocr-system' content='tesseract 3.04.00' />
  <meta name='ocr-capabilities' content='ocr_page ocr_carea ocr_par ocr_line ocrx_word'/>
</head>
<body>
  <div class='ocr_page' id='page_1' title='image "./dissertationess02junggoog_0248.png"; bbox 0 0 2876 4814; ppageno 0'>
   <div class='ocr_carea' id='block_1_1' title="bbox 458 465 1188 546">
    <p class='ocr_par' dir='ltr' id='par_1_1' title="bbox 458 465 1188 546">
     <span class='ocr_line' id='line_1_1' title="bbox 458 465 1188 546; baseline -0.005 -16"><span class='ocrx_word' id='word_1_1' title='bbox 458 475 501 530; x_wconf 76' lang='lat' dir='ltr'><strong>Au</strong></span> <span class='ocrx_word' id='word_1_2' title='bbox 519 471 682 546; x_wconf 76' lang='lat' dir='ltr'><strong>Hippolytus</strong></span> <span class='ocrx_word' id='word_1_3' title='bbox 700 479 803 533; x_wconf 82' lang='lat' dir='ltr'><strong>auctor.</strong></span> <span class='ocrx_word' id='word_1_4' title='bbox 1135 465 1188 526; x_wconf 63' lang='lat' dir='ltr'><strong>m</strong></span> 
     </span>
    </p>
   </div>
   <div class='ocr_carea' id='block_1_2' title="bbox 75 615 1227 4033">
    <p class='ocr_par' dir='ltr' id='par_1_2' title="bbox 75 615 1227 4033">
     <span class='ocr_line' id='line_1_2' title="bbox 76 615 1185 708; baseline -0.003 -24"><span class='ocrx_word' id='word_1_5' title='bbox 76 615 265 706; x_wconf 59' lang='lat' dir='ltr'><strong>Lampon).</strong></span> <span class='ocrx_word' id='word_1_6' title='bbox 288 653 334 666; x_wconf 90' lang='lat'>-</span> <span class='ocrx_word' id='word_1_7' title='bbox 355 618 455 686; x_wconf 51' lang='lat' dir='ltr'><strong>4⁰1s.</strong></span> <span class='ocrx_word' id='word_1_8' title='bbox 477 619 687 708; x_wconf 81' lang='lat' dir='ltr'>Epiphanius</span> <span class='ocrx_word' id='word_1_9' title='bbox 718 621 769 686; x_wconf 88' lang='lat' dir='ltr'><strong>Dc</strong></span> <span class='ocrx_word' id='word_1_10' title='bbox 799 618 978 698; x_wconf 79' lang='lat' dir='ltr'><strong>heresibus,</strong></span> <span class='ocrx_word' id='word_1_11' title='bbox 1011 617 1112 683; x_wconf 89' lang='lat' dir='ltr'><strong>Haer.</strong></span> <span class='ocrx_word' id='word_1_12' title='bbox 1143 617 1185 682; x_wconf 84' lang='lat'><strong>31</strong></span> 
     </span>
     <span class='ocr_line' id='line_1_3' title="bbox 75 715 1187 804; baseline -0.003 -22"><span class='ocrx_word' id='word_1_13' title='bbox 75 739 104 782; x_wconf 90' lang='lat' dir='ltr'><strong>u.</strong></span> <span class='ocrx_word' id='word_1_14' title='bbox 126 717 179 798; x_wconf 79' lang='lat'><strong>33,</strong></span> <span class='ocrx_word' id='word_1_15' title='bbox 204 727 384 804; x_wconf 85' lang='lat' dir='ltr'><strong>postquam</strong></span> <span class='ocrx_word' id='word_1_16' title='bbox 407 718 518 783; x_wconf 88' lang='lat' dir='ltr'><strong>verbis</strong></span> <span class='ocrx_word' id='word_1_17' title='bbox 542 717 574 784; x_wconf 90' lang='lat' dir='ltr'><strong>S.</strong></span> <span class='ocrx_word' id='word_1_18' title='bbox 590 718 720 784; x_wconf 89' lang='lat' dir='ltr'><strong>Irenaei</strong></span> <span class='ocrx_word' id='word_1_19' title='bbox 744 717 1053 783; x_wconf 75' lang='lat' dir='ltr'><strong>Valentinianorum</strong></span> <span class='ocrx_word' id='word_1_20' title='bbox 1076 715 1187 780; x_wconf 90' lang='lat' dir='ltr'><strong>haere·</strong></span> 
     </span>
     <span class='ocr_line' id='line_1_4' title="bbox 75 813 1186 901; baseline -0.003 -21"><span class='ocrx_word' id='word_1_21' title='bbox 75 817 131 880; x_wconf 80' lang='lat' dir='ltr'><strong>airu</strong></span> <span class='ocrx_word' id='word_1_22' title='bbox 154 815 335 901; x_wconf 71' lang='lat' dir='ltr'><strong>descripsit</strong></span> <span class='ocrx_word' id='word_1_23' title='bbox 366 825 399 880; x_wconf 90' lang='lat' dir='ltr'><strong>et</strong></span> <span class='ocrx_word' id='word_1_24' title='bbox 430 817 624 898; x_wconf 79' lang='lat' dir='ltr'><strong>confutavit,</strong></span> <span class='ocrx_word' id='word_1_25' title='bbox 648 815 897 898; x_wconf 87' lang='lat' dir='ltr'><strong>animadvertit,</strong></span> <span class='ocrx_word' id='word_1_26' title='bbox 932 837 966 879; x_wconf 93' lang='lat' dir='ltr'><strong>se</strong></span> <span class='ocrx_word' id='word_1_27' title='bbox 989 835 1032 878; x_wconf 84' lang='lat' dir='ltr'><strong>ex</strong></span> <span class='ocrx_word' id='word_1_28' title='bbox 1055 813 1186 900; x_wconf 91' lang='lat' dir='ltr'><strong>proprio</strong></span> 
     </span>
     <span class='ocr_line' id='line_1_5' title="bbox 76 911 1187 1000; baseline -0.004 -22"><span class='ocrx_word' id='word_1_29' title='bbox 76 935 128 978; x_wconf 82' lang='lat' dir='ltr'><strong>uuo</strong></span> <span class='ocrx_word' id='word_1_30' title='bbox 154 913 250 978; x_wconf 80' lang='lat' dir='ltr'><strong>fonte</strong></span> <span class='ocrx_word' id='word_1_31' title='bbox 273 935 392 1000; x_wconf 89' lang='lat' dir='ltr'><strong>parum</strong></span> <span class='ocrx_word' id='word_1_32' title='bbox 415 915 587 1000; x_wconf 86' lang='lat' dir='ltr'><strong>protulisse</strong></span> <span class='ocrx_word' id='word_1_33' title='bbox 619 916 655 980; x_wconf 92' lang='lat' dir='ltr'><strong>in</strong></span> <span class='ocrx_word' id='word_1_34' title='bbox 677 913 865 980; x_wconf 72' lang='lat' dir='ltr'><strong>refellendis</strong></span> <span class='ocrx_word' id='word_1_35' title='bbox 888 911 1080 978; x_wconf 80' lang='lat' dir='ltr'><strong>haeresibus</strong></span> <span class='ocrx_word' id='word_1_36' title='bbox 1103 933 1187 997; x_wconf 90' lang='lat' dir='ltr'><strong>qnae</strong></span> 
     </span>
     <span class='ocr_line' id='line_1_6' title="bbox 76 1009 1188 1096; baseline -0.004 -20"><span class='ocrx_word' id='word_1_37' title='bbox 76 1023 143 1076; x_wconf 83' lang='lat' dir='ltr'><strong>ante</strong></span> <span class='ocrx_word' id='word_1_38' title='bbox 165 1033 202 1076; x_wconf 89' lang='lat' dir='ltr'><strong>se</strong></span> <span class='ocrx_word' id='word_1_39' title='bbox 225 1011 362 1076; x_wconf 84' lang='lat' dir='ltr'><strong>fuerant</strong></span> <span class='ocrx_word' id='word_1_40' title='bbox 384 1013 547 1078; x_wconf 73' lang='lat' dir='ltr'><strong>refutatae</strong></span> <span class='ocrx_word' id='word_1_41' title='bbox 578 1036 599 1078; x_wconf 92' lang='lat' dir='ltr'><strong>a</strong></span> <span class='ocrx_word' id='word_1_42' title='bbox 622 1011 802 1095; x_wconf 84' lang='lat' dir='ltr'><strong>Clemente,</strong></span> <span class='ocrx_word' id='word_1_43' title='bbox 835 1011 982 1092; x_wconf 85' lang='lat' dir='ltr'><strong>Irenaeo,</strong></span> <span class='ocrx_word' id='word_1_44' title='bbox 1013 1009 1188 1096; x_wconf 75' lang='lat' dir='ltr'><strong>fflppolyto</strong></span> 
     </span>
     <span class='ocr_line' id='line_1_7' title="bbox 76 1106 1188 1198; baseline -0.003 -26"><span class='ocrx_word' id='word_1_45' title='bbox 76 1109 199 1176; x_wconf 80' lang='lat' dir='ltr'><strong>etaliis.</strong></span> <span class='ocrx_word' id='word_1_46' title='bbox 224 1110 283 1175; x_wconf 83' lang='lat' dir='ltr'><strong>Ex</strong></span> <span class='ocrx_word' id='word_1_47' title='bbox 292 1109 429 1176; x_wconf 82' lang='lat' dir='ltr'><strong>Irenaeo</strong></span> <span class='ocrx_word' id='word_1_48' title='bbox 452 1133 569 1176; x_wconf 89' lang='lat' dir='ltr'><strong>revera</strong></span> <span class='ocrx_word' id='word_1_49' title='bbox 582 1109 746 1198; x_wconf 91' lang='lat' dir='ltr'><strong>permulta</strong></span> <span class='ocrx_word' id='word_1_50' title='bbox 764 1118 920 1196; x_wconf 84' lang='lat' dir='ltr'><strong>excerpta</strong></span> <span class='ocrx_word' id='word_1_51' title='bbox 943 1106 1052 1188; x_wconf 90' lang='lat' dir='ltr'><strong>habet,</strong></span> <span class='ocrx_word' id='word_1_52' title='bbox 1077 1127 1188 1193; x_wconf 88' lang='lat' dir='ltr'><strong>quam-</strong></span> 
     </span>
     <span class='ocr_line' id='line_1_8' title="bbox 76 1205 1189 1296; baseline -0.004 -24"><span class='ocrx_word' id='word_1_53' title='bbox 76 1209 121 1272; x_wconf 87' lang='lat' dir='ltr'><strong>vis</strong></span> <span class='ocrx_word' id='word_1_54' title='bbox 141 1229 220 1272; x_wconf 82' lang='lat' dir='ltr'><strong>aum</strong></span> <span class='ocrx_word' id='word_1_55' title='bbox 246 1207 430 1273; x_wconf 81' lang='lat' dir='ltr'><strong>identidem</strong></span> <span class='ocrx_word' id='word_1_56' title='bbox 461 1231 530 1276; x_wconf 91' lang='lat' dir='ltr'><strong>non</strong></span> <span class='ocrx_word' id='word_1_57' title='bbox 563 1211 659 1291; x_wconf 81' lang='lat' dir='ltr'><strong>citet3</strong></span> <span class='ocrx_word' id='word_1_58' title='bbox 683 1208 831 1296; x_wconf 87' lang='lat' dir='ltr'><strong>adeoque</strong></span> <span class='ocrx_word' id='word_1_59' title='bbox 864 1205 1117 1293; x_wconf 90' lang='lat' dir='ltr'><strong>supponendum</strong></span> <span class='ocrx_word' id='word_1_60' title='bbox 1140 1214 1189 1268; x_wconf 91' lang='lat' dir='ltr'><strong>est</strong></span> 
     </span>
     <span class='ocr_line' id='line_1_9' title="bbox 76 1302 1188 1393; baseline -0.004 -23"><span class='ocrx_word' id='word_1_61' title='bbox 76 1327 113 1370; x_wconf 81' lang='lat' dir='ltr'><strong>ex</strong></span> <span class='ocrx_word' id='word_1_62' title='bbox 132 1305 301 1391; x_wconf 76' lang='lat' dir='ltr'><strong>analogia,</strong></span> <span class='ocrx_word' id='word_1_63' title='bbox 335 1307 436 1372; x_wconf 90' lang='lat' dir='ltr'><strong>etiam</strong></span> <span class='ocrx_word' id='word_1_64' title='bbox 459 1330 501 1372; x_wconf 84' lang='lat' dir='ltr'><strong>ex</strong></span> <span class='ocrx_word' id='word_1_65' title='bbox 524 1307 699 1393; x_wconf 87' lang='lat' dir='ltr'><strong>Hippolyti</strong></span> <span class='ocrx_word' id='word_1_66' title='bbox 727 1327 824 1392; x_wconf 92' lang='lat' dir='ltr'><strong>opere</strong></span> <span class='ocrx_word' id='word_1_67' title='bbox 854 1305 1014 1372; x_wconf 88' lang='lat' dir='ltr'><strong>adversus</strong></span> <span class='ocrx_word' id='word_1_68' title='bbox 1036 1302 1188 1367; x_wconf 88' lang='lat' dir='ltr'><strong>haereses</strong></span> 
     </span>
     <span class='ocr_line' id='line_1_10' title="bbox 78 1403 1188 1491; baseline -0.004 -23"><span class='ocrx_word' id='word_1_69' title='bbox 78 1405 162 1468; x_wconf 83' lang='lat' dir='ltr'><strong>varia</strong></span> <span class='ocrx_word' id='word_1_70' title='bbox 193 1415 357 1490; x_wconf 85' lang='lat' dir='ltr'><strong>excerpta</strong></span> <span class='ocrx_word' id='word_1_71' title='bbox 388 1405 478 1490; x_wconf 87' lang='lat' dir='ltr'><strong>apud</strong></span> <span class='ocrx_word' id='word_1_72' title='bbox 501 1407 610 1491; x_wconf 87' lang='lat' dir='ltr'><strong>ipsum</strong></span> <span class='ocrx_word' id='word_1_73' title='bbox 639 1406 792 1469; x_wconf 90' lang='lat' dir='ltr'><strong>inveniri.</strong></span> <span class='ocrx_word' id='word_1_74' title='bbox 839 1403 942 1489; x_wconf 90' lang='lat' dir='ltr'><strong>Atqui</strong></span> <span class='ocrx_word' id='word_1_75' title='bbox 964 1423 1081 1466; x_wconf 90' lang='lat' dir='ltr'><strong>revera</strong></span> <span class='ocrx_word' id='word_1_76' title='bbox 1103 1423 1188 1486; x_wconf 88' lang='lat' dir='ltr'><strong>quae</strong></span> 
     </span>
     <span class='ocr_line' id='line_1_11' title="bbox 76 1499 1188 1589; baseline -0.004 -23"><span class='ocrx_word' id='word_1_77' title='bbox 76 1499 112 1566; x_wconf 87' lang='lat' dir='ltr'><strong>de</strong></span> <span class='ocrx_word' id='word_1_78' title='bbox 132 1501 311 1568; x_wconf 72' lang='lat' dir='ltr'><strong>Noetiauie</strong></span> <span class='ocrx_word' id='word_1_79' title='bbox 342 1501 453 1586; x_wconf 88' lang='lat' dir='ltr'><strong>habet,</strong></span> <span class='ocrx_word' id='word_1_80' title='bbox 485 1526 607 1588; x_wconf 87' lang='lat' dir='ltr'><strong>magna</strong></span> <span class='ocrx_word' id='word_1_81' title='bbox 638 1511 795 1589; x_wconf 86' lang='lat' dir='ltr'><strong>exparte</strong></span> <span class='ocrx_word' id='word_1_82' title='bbox 828 1501 1027 1566; x_wconf 82' lang='lat' dir='ltr'><strong>eTractatu</strong></span> <span class='ocrx_word' id='word_1_83' title='bbox 1050 1499 1083 1566; x_wconf 86' lang='lat' dir='ltr'><strong>S.</strong></span> <span class='ocrx_word' id='word_1_84' title='bbox 1107 1499 1188 1585; x_wconf 90' lang='lat' dir='ltr'><strong>Hip-</strong></span> 
     </span>
     <span class='ocr_line' id='line_1_12' title="bbox 77 1595 1188 1688; baseline -0.005 -23"><span class='ocrx_word' id='word_1_85' title='bbox 77 1599 172 1684; x_wconf 84' lang='lat' dir='ltr'><strong>polyti</strong></span> <span class='ocrx_word' id='word_1_86' title='bbox 206 1609 326 1665; x_wconf 80' lang='lat' dir='ltr'><strong>contm</strong></span> <span class='ocrx_word' id='word_1_87' title='bbox 357 1601 500 1668; x_wconf 76' lang='lat' dir='ltr'><strong>Noetum</strong></span> <span class='ocrx_word' id='word_1_88' title='bbox 533 1602 706 1688; x_wconf 86' lang='lat' dir='ltr'><strong>desumpta</strong></span> <span class='ocrx_word' id='word_1_89' title='bbox 730 1609 822 1683; x_wconf 69' lang='lat' dir='ltr'><strong>sunt,</strong></span> <span class='ocrx_word' id='word_1_90' title='bbox 855 1607 888 1664; x_wconf 89' lang='lat' dir='ltr'><strong>et</strong></span> <span class='ocrx_word' id='word_1_91' title='bbox 911 1619 949 1663; x_wconf 90' lang='lat' dir='ltr'><strong>eo</strong></span> <span class='ocrx_word' id='word_1_92' title='bbox 973 1599 1079 1682; x_wconf 86' lang='lat' dir='ltr'><strong>magis</strong></span> <span class='ocrx_word' id='word_1_93' title='bbox 1102 1595 1188 1660; x_wconf 88' lang='lat' dir='ltr'><strong>eolli-</strong></span> 
     </span>
     <span class='ocr_line' id='line_1_13' title="bbox 77 1695 1187 1786; baseline -0.005 -24"><span class='ocrx_word' id='word_1_94' title='bbox 77 1699 167 1782; x_wconf 81' lang='lat' dir='ltr'><strong>gitur,</strong></span> <span class='ocrx_word' id='word_1_95' title='bbox 191 1697 262 1762; x_wconf 78' lang='lat' dir='ltr'><strong>alia</strong></span> <span class='ocrx_word' id='word_1_96' title='bbox 285 1720 418 1785; x_wconf 89' lang='lat' dir='ltr'><strong>quoquc</strong></span> <span class='ocrx_word' id='word_1_97' title='bbox 440 1723 483 1764; x_wconf 87' lang='lat' dir='ltr'><strong>ex</strong></span> <span class='ocrx_word' id='word_1_98' title='bbox 514 1702 585 1786; x_wconf 86' lang='lat' dir='ltr'><strong>ipso</strong></span> <span class='ocrx_word' id='word_1_99' title='bbox 618 1721 689 1764; x_wconf 85' lang='lat' dir='ltr'><strong>esse</strong></span> <span class='ocrx_word' id='word_1_100' title='bbox 713 1700 917 1785; x_wconf 87' lang='lat' dir='ltr'><strong>deprompta.</strong></span> <span class='ocrx_word' id='word_1_101' title='bbox 962 1695 1055 1760; x_wconf 87' lang='lat' dir='ltr'><strong>Nihil</strong></span> <span class='ocrx_word' id='word_1_102' title='bbox 1077 1703 1187 1758; x_wconf 84' lang='lat' dir='ltr'><strong>autem</strong></span> 
     </span>
     <span class='ocr_line' id='line_1_14' title="bbox 76 1791 1188 1884; baseline -0.005 -24"><span class='ocrx_word' id='word_1_103' title='bbox 76 1795 167 1881; x_wconf 81' lang='lat' dir='ltr'><strong>plane</strong></span> <span class='ocrx_word' id='word_1_104' title='bbox 198 1819 245 1861; x_wconf 86' lang='lat' dir='ltr'><strong>ex</strong></span> <span class='ocrx_word' id='word_1_105' title='bbox 277 1793 362 1861; x_wconf 92' lang='lat' dir='ltr'><strong>libro</strong></span> <span class='ocrx_word' id='word_1_106' title='bbox 385 1797 730 1884; x_wconf 88' lang='lat' dir='ltr'><strong>Philosophoumenou</strong></span> <span class='ocrx_word' id='word_1_107' title='bbox 760 1796 971 1882; x_wconf 86' lang='lat' dir='ltr'><strong>desumptum</strong></span> <span class='ocrx_word' id='word_1_108' title='bbox 995 1795 1030 1858; x_wconf 91' lang='lat' dir='ltr'><strong>in</strong></span> <span class='ocrx_word' id='word_1_109' title='bbox 1053 1793 1086 1859; x_wconf 82' lang='lat' dir='ltr'><strong>S.</strong></span> <span class='ocrx_word' id='word_1_110' title='bbox 1110 1791 1188 1878; x_wconf 77' lang='lat' dir='ltr'><strong>lepi-</strong></span> 
     </span>
     <span class='ocr_line' id='line_1_15' title="bbox 77 1890 1187 1982; baseline -0.005 -24"><span class='ocrx_word' id='word_1_111' title='bbox 77 1893 192 1979; x_wconf 83' lang='lat' dir='ltr'><strong>phanio</strong></span> <span class='ocrx_word' id='word_1_112' title='bbox 217 1896 400 1961; x_wconf 88' lang='lat' dir='ltr'><strong>invenitur.</strong></span> <span class='ocrx_word' id='word_1_113' title='bbox 446 1895 562 1982; x_wconf 80' lang='lat' dir='ltr'><strong>Neque</strong></span> <span class='ocrx_word' id='word_1_114' title='bbox 584 1894 775 1981; x_wconf 82' lang='lat' dir='ltr'><strong>responderi</strong></span> <span class='ocrx_word' id='word_1_115' title='bbox 799 1903 916 1980; x_wconf 84' lang='lat' dir='ltr'><strong>potest,</strong></span> <span class='ocrx_word' id='word_1_116' title='bbox 940 1893 973 1959; x_wconf 83' lang='lat' dir='ltr'><strong>S.</strong></span> <span class='ocrx_word' id='word_1_117' title='bbox 998 1890 1187 1977; x_wconf 84' lang='lat' dir='ltr'><strong>Epiphanio</strong></span> 
     </span>
     <span class='ocr_line' id='line_1_16' title="bbox 77 1989 1188 2079; baseline -0.005 -23"><span class='ocrx_word' id='word_1_118' title='bbox 77 2001 198 2058; x_wconf 73' lang='lat' dir='ltr'><strong>mutum</strong></span> <span class='ocrx_word' id='word_1_119' title='bbox 223 1992 397 2077; x_wconf 87' lang='lat' dir='ltr'><strong>cognitum</strong></span> <span class='ocrx_word' id='word_1_120' title='bbox 420 1993 521 2058; x_wconf 83' lang='lat' dir='ltr'><strong>fuisse</strong></span> <span class='ocrx_word' id='word_1_121' title='bbox 553 1995 713 2058; x_wconf 90' lang='lat' dir='ltr'><strong>minorem</strong></span> <span class='ocrx_word' id='word_1_122' title='bbox 747 1993 902 2058; x_wconf 85' lang='lat' dir='ltr'><strong>Auctoris</strong></span> <span class='ocrx_word' id='word_1_123' title='bbox 934 1989 1048 2079; x_wconf 88' lang='lat' dir='ltr'><strong>(quem</strong></span> <span class='ocrx_word' id='word_1_124' title='bbox 1070 2009 1188 2074; x_wconf 89' lang='lat' dir='ltr'><strong>suppo·</strong></span> 
     </span>
     <span class='ocr_line' id='line_1_17' title="bbox 79 2085 1188 2178; baseline -0.004 -25"><span class='ocrx_word' id='word_1_125' title='bbox 79 2099 155 2154; x_wconf 88' lang='lat' dir='ltr'><strong>nunt</strong></span> <span class='ocrx_word' id='word_1_126' title='bbox 175 2089 416 2178; x_wconf 86' lang='lat' dir='ltr'><strong>Hippolytum)</strong></span> <span class='ocrx_word' id='word_1_127' title='bbox 439 2101 553 2156; x_wconf 79' lang='lat' dir='ltr'><strong>contm</strong></span> <span class='ocrx_word' id='word_1_128' title='bbox 576 2089 759 2156; x_wconf 89' lang='lat' dir='ltr'><strong>haereticos</strong></span> <span class='ocrx_word' id='word_1_129' title='bbox 782 2089 1074 2170; x_wconf 85' lang='lat' dir='ltr'><strong>elucubrationem,</strong></span> <span class='ocrx_word' id='word_1_130' title='bbox 1098 2085 1188 2150; x_wconf 91' lang='lat' dir='ltr'><strong>inde-</strong></span> 
     </span>
     <span class='ocr_line' id='line_1_18' title="bbox 80 2185 1189 2276; baseline -0.003 -25"><span class='ocrx_word' id='word_1_131' title='bbox 80 2209 137 2274; x_wconf 85' lang='lat' dir='ltr'><strong>que</strong></span> <span class='ocrx_word' id='word_1_132' title='bbox 156 2187 388 2276; x_wconf 81' lang='lat' dir='ltr'><strong>Epiphaniam</strong></span> <span class='ocrx_word' id='word_1_133' title='bbox 414 2191 583 2275; x_wconf 82' lang='lat' dir='ltr'><strong>collegisse</strong></span> <span class='ocrx_word' id='word_1_134' title='bbox 616 2210 763 2276; x_wconf 89' lang='lat' dir='ltr'><strong>eaquae</strong></span> <span class='ocrx_word' id='word_1_135' title='bbox 791 2211 833 2253; x_wconf 87' lang='lat' dir='ltr'><strong>ex</strong></span> <span class='ocrx_word' id='word_1_136' title='bbox 856 2185 1039 2274; x_wconf 90' lang='lat' dir='ltr'><strong>Hippolyto</strong></span> <span class='ocrx_word' id='word_1_137' title='bbox 1063 2207 1097 2249; x_wconf 88' lang='lat' dir='ltr'><strong>se</strong></span> <span class='ocrx_word' id='word_1_138' title='bbox 1120 2205 1189 2248; x_wconf 92' lang='lat' dir='ltr'><strong>mn-</strong></span> 
     </span>
     <span class='ocr_line' id='line_1_19' title="bbox 80 2284 1189 2374; baseline -0.002 -24"><span class='ocrx_word' id='word_1_139' title='bbox 80 2293 180 2350; x_wconf 82' lang='lat' dir='ltr'><strong>tuasse</strong></span> <span class='ocrx_word' id='word_1_140' title='bbox 211 2287 346 2352; x_wconf 78' lang='lat' dir='ltr'><strong>fatetur.</strong></span> <span class='ocrx_word' id='word_1_141' title='bbox 392 2287 486 2354; x_wconf 89' lang='lat' dir='ltr'><strong>Haec</strong></span> <span class='ocrx_word' id='word_1_142' title='bbox 517 2288 686 2374; x_wconf 84' lang='lat' dir='ltr'><strong>responsio</strong></span> <span class='ocrx_word' id='word_1_143' title='bbox 719 2286 893 2352; x_wconf 89' lang='lat' dir='ltr'><strong>arbitraria</strong></span> <span class='ocrx_word' id='word_1_144' title='bbox 916 2293 978 2366; x_wconf 89' lang='lat' dir='ltr'><strong>est,</strong></span> <span class='ocrx_word' id='word_1_145' title='bbox 1003 2293 1036 2348; x_wconf 91' lang='lat' dir='ltr'><strong>et</strong></span> <span class='ocrx_word' id='word_1_146' title='bbox 1056 2305 1120 2350; x_wconf 86' lang='lat' dir='ltr'><strong>nee</strong></span> <span class='ocrx_word' id='word_1_147' title='bbox 1142 2284 1189 2348; x_wconf 89' lang='lat' dir='ltr'><strong>in·</strong></span> 
     </span>
     <span class='ocr_line' id='line_1_20' title="bbox 81 2381 1189 2472; baseline 0 -27"><span class='ocrx_word' id='word_1_148' title='bbox 81 2381 139 2447; x_wconf 92' lang='lat' dir='ltr'><strong>doli</strong></span> <span class='ocrx_word' id='word_1_149' title='bbox 161 2383 252 2450; x_wconf 86' lang='lat' dir='ltr'><strong>illius</strong></span> <span class='ocrx_word' id='word_1_150' title='bbox 284 2385 384 2470; x_wconf 88' lang='lat' dir='ltr'><strong>primi</strong></span> <span class='ocrx_word' id='word_1_151' title='bbox 417 2381 566 2472; x_wconf 88' lang='lat' dir='ltr'><strong>opusculi</strong></span> <span class='ocrx_word' id='word_1_152' title='bbox 601 2387 766 2467; x_wconf 88' lang='lat' dir='ltr'><strong>convenit,</strong></span> <span class='ocrx_word' id='word_1_153' title='bbox 799 2386 834 2449; x_wconf 95' lang='lat' dir='ltr'><strong>in</strong></span> <span class='ocrx_word' id='word_1_154' title='bbox 867 2405 931 2470; x_wconf 92' lang='lat' dir='ltr'><strong>quo</strong></span> <span class='ocrx_word' id='word_1_155' title='bbox 955 2403 1023 2448; x_wconf 89' lang='lat' dir='ltr'><strong>uon</strong></span> <span class='ocrx_word' id='word_1_156' title='bbox 1045 2383 1189 2446; x_wconf 79' lang='lat' dir='ltr'><strong>minutim</strong></span> 
     </span>
     <span class='ocr_line' id='line_1_21' title="bbox 82 2478 1189 2548; baseline -0.002 -4"><span class='ocrx_word' id='word_1_157' title='bbox 82 2479 132 2544; x_wconf 86' lang='lat' dir='ltr'><strong>sed</strong></span> <span class='ocrx_word' id='word_1_158' title='bbox 162 2483 342 2546; x_wconf 78' lang='lat' dir='ltr'><strong>summatim</strong></span> <span class='ocrx_word' id='word_1_159' title='bbox 370 2481 411 2548; x_wconf 88' lang='lat' dir='ltr'><strong>de</strong></span> <span class='ocrx_word' id='word_1_160' title='bbox 434 2480 599 2548; x_wconf 89' lang='lat' dir='ltr'><strong>erroribus</strong></span> <span class='ocrx_word' id='word_1_161' title='bbox 631 2482 870 2548; x_wconf 90' lang='lat' dir='ltr'><strong>haereticorum</strong></span> <span class='ocrx_word' id='word_1_162' title='bbox 893 2479 1106 2546; x_wconf 84' lang='lat' dir='ltr'><strong>tractabatur.</strong></span> <span class='ocrx_word' id='word_1_163' title='bbox 1153 2478 1189 2546; x_wconf 90' lang='lat' dir='ltr'><strong>Si</strong></span> 
     </span>
     <span class='ocr_line' id='line_1_22' title="bbox 82 2573 1188 2667; baseline 0 -27"><span class='ocrx_word' id='word_1_164' title='bbox 82 2579 185 2643; x_wconf 85' lang='lat' dir='ltr'><strong>minus</strong></span> <span class='ocrx_word' id='word_1_165' title='bbox 215 2577 300 2644; x_wconf 93' lang='lat' dir='ltr'><strong>illud</strong></span> <span class='ocrx_word' id='word_1_166' title='bbox 333 2579 528 2667; x_wconf 85' lang='lat' dir='ltr'><strong>opusculum</strong></span> <span class='ocrx_word' id='word_1_167' title='bbox 560 2580 713 2646; x_wconf 88' lang='lat' dir='ltr'><strong>haereses</strong></span> <span class='ocrx_word' id='word_1_168' title='bbox 745 2601 785 2644; x_wconf 91' lang='lat' dir='ltr'><strong>ea</strong></span> <span class='ocrx_word' id='word_1_169' title='bbox 816 2580 942 2643; x_wconf 91' lang='lat' dir='ltr'><strong>ratione</strong></span> <span class='ocrx_word' id='word_1_170' title='bbox 975 2573 1188 2658; x_wconf 87' lang='lat' dir='ltr'><strong>exhibuisset,</strong></span> 
     </span>
     <span class='ocr_line' id='line_1_23' title="bbox 82 2675 1188 2764; baseline 0.001 -28"><span class='ocrx_word' id='word_1_171' title='bbox 82 2676 124 2738; x_wconf 87' lang='lat' dir='ltr'><strong>uti</strong></span> <span class='ocrx_word' id='word_1_172' title='bbox 144 2675 285 2742; x_wconf 84' lang='lat' dir='ltr'><strong>Photius</strong></span> <span class='ocrx_word' id='word_1_173' title='bbox 306 2677 416 2764; x_wconf 89' lang='lat' dir='ltr'><strong>quoad</strong></span> <span class='ocrx_word' id='word_1_174' title='bbox 448 2699 531 2764; x_wconf 88' lang='lat' dir='ltr'><strong>opus</strong></span> <span class='ocrx_word' id='word_1_175' title='bbox 563 2678 596 2745; x_wconf 91' lang='lat' dir='ltr'><strong>S.</strong></span> <span class='ocrx_word' id='word_1_176' title='bbox 630 2678 804 2764; x_wconf 84' lang='lat' dir='ltr'><strong>Hippolyti</strong></span> <span class='ocrx_word' id='word_1_177' title='bbox 827 2677 1002 2762; x_wconf 82' lang='lat' dir='ltr'><strong>significat,</strong></span> <span class='ocrx_word' id='word_1_178' title='bbox 1035 2685 1067 2738; x_wconf 89' lang='lat' dir='ltr'><strong>et</strong></span> <span class='ocrx_word' id='word_1_179' title='bbox 1091 2675 1188 2738; x_wconf 88' lang='lat' dir='ltr'><strong>sicuti</strong></span> 
     </span>
     <span class='ocr_line' id='line_1_24' title="bbox 82 2771 1189 2862; baseline -0.001 -26"><span class='ocrx_word' id='word_1_180' title='bbox 82 2773 193 2838; x_wconf 83' lang='lat' dir='ltr'><strong>eruditi</strong></span> <span class='ocrx_word' id='word_1_181' title='bbox 217 2771 267 2840; x_wconf 88' lang='lat' dir='ltr'><strong>illi</strong></span> <span class='ocrx_word' id='word_1_182' title='bbox 290 2776 492 2858; x_wconf 88' lang='lat' dir='ltr'><strong>existimant,</strong></span> <span class='ocrx_word' id='word_1_183' title='bbox 529 2778 576 2842; x_wconf 86' lang='lat' dir='ltr'><strong>ita</strong></span> <span class='ocrx_word' id='word_1_184' title='bbox 599 2787 635 2840; x_wconf 91' lang='lat' dir='ltr'><strong>ut</strong></span> <span class='ocrx_word' id='word_1_185' title='bbox 667 2776 699 2843; x_wconf 87' lang='lat' dir='ltr'><strong>S.</strong></span> <span class='ocrx_word' id='word_1_186' title='bbox 728 2775 917 2862; x_wconf 83' lang='lat' dir='ltr'><strong>Epiphanio</strong></span> <span class='ocrx_word' id='word_1_187' title='bbox 951 2774 1111 2837; x_wconf 84' lang='lat' dir='ltr'><strong>inservire</strong></span> <span class='ocrx_word' id='word_1_188' title='bbox 1133 2793 1189 2858; x_wconf 91' lang='lat' dir='ltr'><strong>po-</strong></span> 
     </span>
     <span class='ocr_line' id='line_1_25' title="bbox 81 2869 1189 2959; baseline 0 -26"><span class='ocrx_word' id='word_1_189' title='bbox 81 2871 206 2936; x_wconf 87' lang='lat' dir='ltr'><strong>tuisset:</strong></span> <span class='ocrx_word' id='word_1_190' title='bbox 230 2871 347 2938; x_wconf 88' lang='lat' dir='ltr'><strong>saltem</strong></span> <span class='ocrx_word' id='word_1_191' title='bbox 379 2871 492 2959; x_wconf 87' lang='lat' dir='ltr'><strong>aliqua</strong></span> <span class='ocrx_word' id='word_1_192' title='bbox 523 2875 754 2940; x_wconf 87' lang='lat' dir='ltr'><strong>invenirentur</strong></span> <span class='ocrx_word' id='word_1_193' title='bbox 784 2895 869 2959; x_wconf 88' lang='lat' dir='ltr'><strong>quae</strong></span> <span class='ocrx_word' id='word_1_194' title='bbox 900 2870 1101 2958; x_wconf 88' lang='lat' dir='ltr'><strong>respondent</strong></span> <span class='ocrx_word' id='word_1_195' title='bbox 1123 2869 1189 2934; x_wconf 87' lang='lat' dir='ltr'><strong>illis</strong></span> 
     </span>
     <span class='ocr_line' id='line_1_26' title="bbox 81 2968 1190 3058; baseline -0.003 -24"><span class='ocrx_word' id='word_1_196' title='bbox 81 2989 158 3052; x_wconf 81' lang='lat' dir='ltr'><strong>quae</strong></span> <span class='ocrx_word' id='word_1_197' title='bbox 180 2971 216 3035; x_wconf 90' lang='lat' dir='ltr'><strong>in</strong></span> <span class='ocrx_word' id='word_1_198' title='bbox 238 2969 326 3034; x_wconf 88' lang='lat' dir='ltr'><strong>libro</strong></span> <span class='ocrx_word' id='word_1_199' title='bbox 344 2969 687 3058; x_wconf 86' lang='lat' dir='ltr'><strong>Philosophoumenon</strong></span> <span class='ocrx_word' id='word_1_200' title='bbox 706 2971 880 3038; x_wconf 90' lang='lat' dir='ltr'><strong>habentur.</strong></span> <span class='ocrx_word' id='word_1_201' title='bbox 911 2971 1045 3035; x_wconf 83' lang='lat' dir='ltr'><strong>Etenim</strong></span> <span class='ocrx_word' id='word_1_202' title='bbox 1064 2968 1190 3032; x_wconf 87' lang='lat' dir='ltr'><strong>Auctor</strong></span> 
     </span>
     <span class='ocr_line' id='line_1_27' title="bbox 83 3061 1190 3157; baseline 0.002 -30"><span class='ocrx_word' id='word_1_203' title='bbox 83 3061 172 3152; x_wconf 86' lang='lat' dir='ltr'><strong>hujus</strong></span> <span class='ocrx_word' id='word_1_204' title='bbox 195 3069 303 3154; x_wconf 84' lang='lat' dir='ltr'><strong>operis</strong></span> <span class='ocrx_word' id='word_1_205' title='bbox 326 3069 517 3154; x_wconf 84' lang='lat' dir='ltr'><strong>saepissime</strong></span> <span class='ocrx_word' id='word_1_206' title='bbox 540 3072 610 3156; x_wconf 86' lang='lat' dir='ltr'><strong>agit</strong></span> <span class='ocrx_word' id='word_1_207' title='bbox 639 3069 908 3157; x_wconf 71' lang='lat' dir='ltr'><strong>compilatorem</strong></span> <span class='ocrx_word' id='word_1_208' title='bbox 931 3091 973 3132; x_wconf 88' lang='lat' dir='ltr'><strong>ex</strong></span> <span class='ocrx_word' id='word_1_209' title='bbox 996 3067 1132 3132; x_wconf 88' lang='lat' dir='ltr'><strong>Irenaeo</strong></span> <span class='ocrx_word' id='word_1_210' title='bbox 1157 3075 1190 3130; x_wconf 90' lang='lat' dir='ltr'><strong>et</strong></span> 
     </span>
     <span class='ocr_line' id='line_1_28' title="bbox 83 3155 1188 3254; baseline 0.001 -27"><span class='ocrx_word' id='word_1_211' title='bbox 83 3155 289 3250; x_wconf 78' lang='lat' dir='ltr'><strong>scriptoribus</strong></span> <span class='ocrx_word' id='word_1_212' title='bbox 321 3165 524 3252; x_wconf 87' lang='lat' dir='ltr'><strong>philosophis</strong></span> <span class='ocrx_word' id='word_1_213' title='bbox 555 3167 703 3254; x_wconf 83' lang='lat' dir='ltr'><strong>profanis</strong></span> <span class='ocrx_word' id='word_1_214' title='bbox 730 3163 894 3253; x_wconf 89' lang='lat' dir='ltr'><strong>permulta</strong></span> <span class='ocrx_word' id='word_1_215' title='bbox 916 3164 1026 3252; x_wconf 89' lang='lat' dir='ltr'><strong>quoad</strong></span> <span class='ocrx_word' id='word_1_216' title='bbox 1048 3163 1188 3228; x_wconf 87' lang='lat' dir='ltr'><strong>verbum</strong></span> 
     </span>
     <span class='ocr_line' id='line_1_29' title="bbox 83 3259 1189 3351; baseline -0.001 -25"><span class='ocrx_word' id='word_1_217' title='bbox 83 3259 221 3344; x_wconf 82' lang='lat' dir='ltr'><strong>inseruit,</strong></span> <span class='ocrx_word' id='word_1_218' title='bbox 245 3262 397 3350; x_wconf 90' lang='lat' dir='ltr'><strong>libroque</strong></span> <span class='ocrx_word' id='word_1_219' title='bbox 428 3265 462 3330; x_wconf 89' lang='lat' dir='ltr'>X</span> <span class='ocrx_word' id='word_1_220' title='bbox 495 3266 530 3330; x_wconf 94' lang='lat' dir='ltr'><strong>in</strong></span> <span class='ocrx_word' id='word_1_221' title='bbox 551 3265 824 3351; x_wconf 85' lang='lat' dir='ltr'><strong>recapitulatione</strong></span> <span class='ocrx_word' id='word_1_222' title='bbox 857 3285 917 3327; x_wconf 89' lang='lat' dir='ltr'><strong>sua</strong></span> <span class='ocrx_word' id='word_1_223' title='bbox 940 3263 1040 3327; x_wconf 89' lang='lat' dir='ltr'><strong>etiam</strong></span> <span class='ocrx_word' id='word_1_224' title='bbox 1062 3271 1189 3325; x_wconf 84' lang='lat' dir='ltr'><strong>senten-</strong></span> 
     </span>
     <span class='ocr_line' id='line_1_30' title="bbox 82 3359 1227 3449; baseline -0.001 -26"><span class='ocrx_word' id='word_1_225' title='bbox 82 3359 139 3422; x_wconf 84' lang='lat' dir='ltr'><strong>tiaa</strong></span> <span class='ocrx_word' id='word_1_226' title='bbox 161 3361 228 3426; x_wconf 84' lang='lat' dir='ltr'><strong>fere</strong></span> <span class='ocrx_word' id='word_1_227' title='bbox 251 3362 397 3446; x_wconf 79' lang='lat' dir='ltr'><strong>integras</strong></span> <span class='ocrx_word' id='word_1_228' title='bbox 420 3383 463 3426; x_wconf 86' lang='lat' dir='ltr'><strong>ex</strong></span> <span class='ocrx_word' id='word_1_229' title='bbox 484 3363 650 3449; x_wconf 89' lang='lat' dir='ltr'><strong>prioribus</strong></span> <span class='ocrx_word' id='word_1_230' title='bbox 677 3362 797 3448; x_wconf 87' lang='lat' dir='ltr'><strong>repetit</strong></span> <span class='ocrx_word' id='word_1_231' title='bbox 821 3359 925 3426; x_wconf 80' lang='lat' dir='ltr'><strong>libris.</strong></span> <span class='ocrx_word' id='word_1_232' title='bbox 970 3359 1065 3424; x_wconf 90' lang='lat' dir='ltr'><strong>Idem</strong></span> <span class='ocrx_word' id='word_1_233' title='bbox 1089 3360 1191 3444; x_wconf 80' lang='lat' dir='ltr'><strong>igitur</strong></span> <span class='ocrx_word' id='word_1_234' title='bbox 1222 3395 1227 3402; x_wconf 93' lang='lat'><em>·</em></span> 
     </span>
     <span class='ocr_line' id='line_1_31' title="bbox 83 3456 1189 3548; baseline 0.004 -30"><span class='ocrx_word' id='word_1_235' title='bbox 83 3459 329 3544; x_wconf 83' lang='lat' dir='ltr'><strong>supponendum</strong></span> <span class='ocrx_word' id='word_1_236' title='bbox 352 3469 401 3524; x_wconf 84' lang='lat' dir='ltr'><strong>est</strong></span> <span class='ocrx_word' id='word_1_237' title='bbox 433 3481 509 3524; x_wconf 90' lang='lat' dir='ltr'><strong>eum</strong></span> <span class='ocrx_word' id='word_1_238' title='bbox 540 3461 660 3525; x_wconf 83' lang='lat' dir='ltr'><strong>fecisse</strong></span> <span class='ocrx_word' id='word_1_239' title='bbox 682 3457 793 3548; x_wconf 88' lang='lat' dir='ltr'><strong>quoad</strong></span> <span class='ocrx_word' id='word_1_240' title='bbox 825 3479 907 3544; x_wconf 86' lang='lat' dir='ltr'><strong>opus</strong></span> <span class='ocrx_word' id='word_1_241' title='bbox 930 3467 1028 3522; x_wconf 88' lang='lat' dir='ltr'><strong>antea</strong></span> <span class='ocrx_word' id='word_1_242' title='bbox 1050 3456 1189 3542; x_wconf 83' lang='lat' dir='ltr'><strong>abipso</strong></span> 
     </span>
     <span class='ocr_line' id='line_1_32' title="bbox 83 3555 1189 3644; baseline 0.004 -28"><span class='ocrx_word' id='word_1_243' title='bbox 83 3557 316 3644; x_wconf 70' lang='lat' dir='ltr'><strong>conscriptum</strong></span> <span class='ocrx_word' id='word_1_244' title='bbox 340 3565 373 3620; x_wconf 89' lang='lat' dir='ltr'><strong>et</strong></span> <span class='ocrx_word' id='word_1_245' title='bbox 396 3557 423 3621; x_wconf 91' lang='lat' dir='ltr'><strong>si</strong></span> <span class='ocrx_word' id='word_1_246' title='bbox 446 3556 509 3622; x_wconf 91' lang='lat' dir='ltr'><strong>hoc</strong></span> <span class='ocrx_word' id='word_1_247' title='bbox 532 3578 630 3644; x_wconf 88' lang='lat' dir='ltr'><strong>opere</strong></span> <span class='ocrx_word' id='word_1_248' title='bbox 653 3555 864 3644; x_wconf 77' lang='lat' dir='ltr'><strong>Epiphanius</strong></span> <span class='ocrx_word' id='word_1_249' title='bbox 891 3577 970 3620; x_wconf 88' lang='lat' dir='ltr'><strong>usus</strong></span> <span class='ocrx_word' id='word_1_250' title='bbox 991 3555 1118 3638; x_wconf 80' lang='lat' dir='ltr'><strong>suisset,</strong></span> <span class='ocrx_word' id='word_1_251' title='bbox 1141 3579 1189 3620; x_wconf 80' lang='lat' dir='ltr'><strong>vc-</strong></span> 
     </span>
     <span class='ocr_line' id='line_1_33' title="bbox 83 3651 1189 3742; baseline -0.005 -22"><span class='ocrx_word' id='word_1_252' title='bbox 83 3651 173 3738; x_wconf 71' lang='lat' dir='ltr'><strong>etiyiu</strong></span> <span class='ocrx_word' id='word_1_253' title='bbox 206 3651 551 3740; x_wconf 88' lang='lat' dir='ltr'><strong>Philosophoumeuon</strong></span> <span class='ocrx_word' id='word_1_254' title='bbox 587 3655 678 3742; x_wconf 86' lang='lat' dir='ltr'><strong>apud</strong></span> <span class='ocrx_word' id='word_1_255' title='bbox 714 3657 825 3739; x_wconf 85' lang='lat' dir='ltr'><strong>ipsum</strong></span> <span class='ocrx_word' id='word_1_256' title='bbox 861 3655 1099 3718; x_wconf 85' lang='lat' dir='ltr'><strong>invenirentur.</strong></span> <span class='ocrx_word' id='word_1_257' title='bbox 1146 3691 1189 3702; x_wconf 86' lang='lat'><em>-</em></span> 
     </span>
     <span class='ocr_line' id='line_1_34' title="bbox 84 3747 1189 3838; baseline 0 -24"><span class='ocrx_word' id='word_1_258' title='bbox 84 3747 248 3827; x_wconf 84' lang='lat' dir='ltr'><strong>Quomodo</strong></span> <span class='ocrx_word' id='word_1_259' title='bbox 271 3773 369 3838; x_wconf 92' lang='lat' dir='ltr'><strong>porro</strong></span> <span class='ocrx_word' id='word_1_260' title='bbox 392 3751 520 3818; x_wconf 86' lang='lat' dir='ltr'><strong>Auctor</strong></span> <span class='ocrx_word' id='word_1_261' title='bbox 549 3751 905 3838; x_wconf 88' lang='lat' dir='ltr'><strong>Philosophoumenon,</strong></span> <span class='ocrx_word' id='word_1_262' title='bbox 939 3753 995 3838; x_wconf 90' lang='lat' dir='ltr'><strong>qui</strong></span> <span class='ocrx_word' id='word_1_263' title='bbox 1019 3751 1124 3815; x_wconf 78' lang='lat' dir='ltr'><strong>husius</strong></span> <span class='ocrx_word' id='word_1_264' title='bbox 1148 3751 1189 3815; x_wconf 92' lang='lat' dir='ltr'><strong>de</strong></span> 
     </span>
     <span class='ocr_line' id='line_1_35' title="bbox 83 3845 1189 3937; baseline 0 -25"><span class='ocrx_word' id='word_1_265' title='bbox 83 3845 181 3912; x_wconf 74' lang='lat' dir='ltr'><strong>Noeta</strong></span> <span class='ocrx_word' id='word_1_266' title='bbox 201 3852 270 3936; x_wconf 78' lang='lat' dir='ltr'><strong>agit</strong></span> <span class='ocrx_word' id='word_1_267' title='bbox 283 3851 420 3937; x_wconf 88' lang='lat' dir='ltr'><strong>ejusque</strong></span> <span class='ocrx_word' id='word_1_268' title='bbox 433 3849 597 3916; x_wconf 87' lang='lat' dir='ltr'><strong>haeresim</strong></span> <span class='ocrx_word' id='word_1_269' title='bbox 611 3850 739 3931; x_wconf 80' lang='lat' dir='ltr'><strong>refellit,</strong></span> <span class='ocrx_word' id='word_1_270' title='bbox 753 3849 853 3936; x_wconf 92' lang='lat' dir='ltr'><strong>plane</strong></span> <span class='ocrx_word' id='word_1_271' title='bbox 866 3848 933 3914; x_wconf 86' lang='lat' dir='ltr'><strong>alia</strong></span> <span class='ocrx_word' id='word_1_272' title='bbox 953 3847 1065 3930; x_wconf 87' lang='lat' dir='ltr'><strong>habet,</strong></span> <span class='ocrx_word' id='word_1_273' title='bbox 1089 3869 1189 3934; x_wconf 90' lang='lat' dir='ltr'><strong>quam</strong></span> 
     </span>
     <span class='ocr_line' id='line_1_36' title="bbox 86 3941 1188 4033; baseline 0.002 -25"><span class='ocrx_word' id='word_1_274' title='bbox 86 3941 275 4033; x_wconf 83' lang='lat' dir='ltr'><strong>Hippolytus</strong></span> <span class='ocrx_word' id='word_1_275' title='bbox 299 3950 334 4012; x_wconf 92' lang='lat' dir='ltr'><strong>in</strong></span> <span class='ocrx_word' id='word_1_276' title='bbox 358 3968 417 4012; x_wconf 90' lang='lat' dir='ltr'><strong>suo</strong></span> <span class='ocrx_word' id='word_1_277' title='bbox 440 3957 582 4013; x_wconf 87' lang='lat' dir='ltr'><strong>tractatu</strong></span> <span class='ocrx_word' id='word_1_278' title='bbox 606 3957 720 4014; x_wconf 87' lang='lat' dir='ltr'><strong>eontra</strong></span> <span class='ocrx_word' id='word_1_279' title='bbox 742 3947 910 4012; x_wconf 75' lang='lat' dir='ltr'><strong>Nouum?</strong></span> <span class='ocrx_word' id='word_1_280' title='bbox 936 3944 1031 4011; x_wconf 82' lang='lat' dir='ltr'><strong>Certe</strong></span> <span class='ocrx_word' id='word_1_281' title='bbox 1056 3949 1083 4012; x_wconf 90' lang='lat' dir='ltr'><strong>si</strong></span> <span class='ocrx_word' id='word_1_282' title='bbox 1102 3945 1188 4010; x_wconf 89' lang='lat' dir='ltr'><strong>Auc-</strong></span> 
     </span>
    </p>
   </div>
   <div class='ocr_carea' id='block_1_3' title="bbox 88 4125 1188 4318">
    <p class='ocr_par' dir='ltr' id='par_1_3' title="bbox 88 4125 1188 4318">
     <span class='ocr_line' id='line_1_37' title="bbox 155 4125 1188 4240; baseline 0.003 -19"><span class='ocrx_word' id='word_1_283' title='bbox 155 4169 174 4230; x_wconf 85' lang='grc' dir='ltr'><strong>ι)</strong></span> <span class='ocrx_word' id='word_1_284' title='bbox 190 4165 227 4221; x_wconf 82' lang='lat' dir='ltr'><strong>De</strong></span> <span class='ocrx_word' id='word_1_285' title='bbox 244 4168 304 4224; x_wconf 82' lang='lat' dir='ltr'><strong>vite</strong></span> <span class='ocrx_word' id='word_1_286' title='bbox 322 4173 352 4222; x_wconf 86' lang='lat' dir='ltr'><strong>et</strong></span> <span class='ocrx_word' id='word_1_287' title='bbox 367 4169 477 4236; x_wconf 83' lang='lat' dir='ltr'><strong>scriptis</strong></span> <span class='ocrx_word' id='word_1_288' title='bbox 504 4169 689 4240; x_wconf 60' lang='lat' dir='ltr'><strong>&amp;Hippolyti</strong></span> <span class='ocrx_word' id='word_1_289' title='bbox 719 4169 777 4223; x_wconf 81' lang='lat' dir='ltr'><strong>Art.</strong></span> <span class='ocrx_word' id='word_1_290' title='bbox 806 4170 843 4223; x_wconf 87' lang='lat'><strong>11.</strong></span> <span class='ocrx_word' id='word_1_291' title='bbox 860 4169 884 4240; x_wconf 63' lang='grc' dir='ltr'><strong>ς,</strong></span> <span class='ocrx_word' id='word_1_292' title='bbox 914 4125 964 4224; x_wconf 90' lang='lat' dir='ltr'><strong>Ill.</strong></span> <span class='ocrx_word' id='word_1_293' title='bbox 985 4183 1026 4238; x_wconf 87' lang='lat' dir='ltr'><strong>ap.</strong></span> <span class='ocrx_word' id='word_1_294' title='bbox 1047 4168 1139 4236; x_wconf 78' lang='lat' dir='ltr'><strong>Migne</strong></span> <span class='ocrx_word' id='word_1_295' title='bbox 1159 4167 1188 4230; x_wconf 84' lang='lat' dir='ltr'><strong>P.</strong></span> 
     </span>
     <span class='ocr_line' id='line_1_38' title="bbox 88 4239 367 4318; baseline 0.036 -24"><span class='ocrx_word' id='word_1_296' title='bbox 88 4239 117 4298; x_wconf 78' lang='lat' dir='ltr'><strong>G.</strong></span> <span class='ocrx_word' id='word_1_297' title='bbox 134 4247 194 4300; x_wconf 79' lang='lat' dir='ltr'><strong>tom</strong></span> <span class='ocrx_word' id='word_1_298' title='bbox 210 4246 242 4302; x_wconf 66' lang='grc' dir='ltr'><strong>Σ</strong></span> <span class='ocrx_word' id='word_1_299' title='bbox 260 4263 286 4318; x_wconf 83' lang='lat' dir='ltr'><strong>p.</strong></span> <span class='ocrx_word' id='word_1_300' title='bbox 305 4249 367 4304; x_wconf 74' lang='lat'><strong>330.</strong></span> 
     </span>
    </p>
   </div>
   <div class='ocr_carea' id='block_1_4' title="bbox 0 0 1450 4814">
    <p class='ocr_par' dir='ltr' id='par_1_4' title="bbox 0 0 1450 4814">
     <span class='ocr_line' id='line_1_39' title="bbox 0 0 1450 4814; baseline 0 0"><span class='ocrx_word' id='word_1_301' title='bbox 0 0 1450 4814; x_wconf 95' lang='lat' dir='ltr'><strong> </strong></span> 
     </span>
    </p>
   </div>
  </div>
 </body>
</html>
