2806 4848
371 478 498 533 Definitio
517 479 549 533 de
567 479 670 547 Spiritu
688 482 793 535 Sancto.
1085 485 1134 537 117

56 619 131 685 Patre
151 631 182 684 et
202 622 297 686 Filio.
344 619 450 686 Simul
483 633 601 704 autem,
627 623 786 708 Spiritum
810 623 966 690 Sanctum
992 649 1032 690 ex
1051 627 1134 690 Filio

55 741 107 781 esse
127 741 187 782 uou
209 741 267 806 per
289 721 498 796 creationem,
528 721 584 784 sed
615 743 674 806 per
703 725 941 807 processionem
971 747 1027 787 sou
1051 745 1135 788 eom-

56 817 283 880 uuuicationem
310 824 455 900 naturae,
480 818 757 900 iudeosteudunt‚
782 821 868 906 quod
893 843 934 884 ex
958 822 1135 906 Scripturis

55 913 121 976 idem
142 916 183 978 eit
208 915 285 979 ordo
309 915 450 1000 Spiritus
474 915 585 980 Sancti
617 916 659 980 ad
684 917 815 998 Filium,
841 919 896 1003 qui
921 929 968 982 est
992 919 1068 983 Filii
1092 919 1135 983 ad

53 1011 170 1076 Patrem.
191 1012 349 1077 Jamvero
364 1011 486 1076 Filium
511 1035 552 1076 ex
566 1013 663 1078 Patre
686 1037 755 1078 esse
776 1037 841 1079 non
864 1038 922 1101 per
937 1017 1134 1080 creationem

52 1109 95 1170 sed
115 1131 168 1194 per
189 1111 520 1175 communicationem
549 1122 694 1193 naturae,
718 1111 949 1178 Macedoniani
981 1113 1135 1178 concede-

53 1205 121 1272 bant.
175 1208 271 1273 Unde
303 1207 450 1272 inferunt
480 1209 605 1290 Patres,
641 1211 720 1295 ipsis
754 1212 853 1275 etiam
887 1211 1134 1275 eoncedendum

52 1327 113 1378 esse,
143 1305 298 1393 Spiritum
323 1304 481 1370 Sanctum
514 1329 583 1369 esse
608 1330 649 1370 ex
669 1307 763 1390 Filio,
788 1327 847 1392 per
870 1310 1134 1373 communicatio-

52 1425 107 1466 nem
129 1403 310 1490 uaturee¹).
1139 1486 1146 1503 Ι

118 1503 168 1566 43.
193 1502 305 1584 Quum
339 1504 372 1566 iu
403 1511 471 1566 tota
502 1505 724 1567 controversia
752 1505 896 1567 maxime
920 1513 1071 1588 ageretur
1095 1504 1135 1568 de
1163 1517 1279 1559 Consilium

51 1597 201 1664 divinitate
225 1597 367 1686 Spiritus
399 1601 522 1682 Sancti,
546 1601 659 1665 Patres
690 1603 725 1665 in
749 1599 896 1667 Concilio
921 1601 1054 1666 CPtano
1079 1603 1134 1664 im-
1167 1578 1280 1619 cmm

51 1699 142 1779 primis
164 1698 294 1764 solliciti
317 1699 460 1781 suerunt,
484 1709 520 1762 ut
542 1698 724 1785 adjicerent
738 1698 893 1784 Symbolo
917 1698 1028 1784 aliqua
1052 1721 1135 1784 quae

49 1796 217 1878 exprimunt
239 1795 348 1880 plures
371 1797 585 1881 proprietates
600 1797 741 1882 Spiritus
764 1797 875 1860 Sancti
901 1799 935 1862 in
959 1797 1135 1881 Scripturis

19 1973 20 1978 ἵ
49 1903 175 1972 assertas,
209 1892 329 1979 quibus
361 1892 519 1958 diviuitas
551 1895 621 1978 ejus
644 1894 800 1978 peculiari
830 1895 926 1959 modo
950 1893 1133 1957 exhibetur.

19 2019 20 2022 ¹
51 1989 75 2052 ln
96 1989 141 2054 his
164 2001 274 2056 autem
305 2001 341 2055 ut
372 1991 523 2077 rejiciant
555 1993 651 2057 simul
684 2013 824 2056 errorem
850 1992 951 2074 illum,
976 1992 1134 2078 Spiritum

49 2089 185 2152 Sanctum
209 2089 299 2154 haurd
321 2111 363 2152 ex
383 2089 478 2154 Patre
493 2089 679 2176 procedere,
704 2111 779 2154 eum
803 2112 933 2176 quoque
947 2089 1135 2174 Scripturae

49 2197 154 2266 ponunt
175 2197 314 2268 textum,
339 2209 402 2274 quo
418 2187 559 2272 Spiritus
583 2211 622 2252 ex
646 2189 740 2252 Patre
757 2188 927 2274 procedere
951 2187 1135 2251 dicitur.—

49 2281 183 2367 Epithete
206 2285 262 2349 illa
285 2286 380 2350 varia
411 2285 540 2371 adjecta
564 2308 643 2368 esse,
678 2297 714 2350 ut
737 2286 877 2370 Spiritus
900 2284 1013 2350 Sancti
1037 2283 1135 2368 majo-

19 2405 21 2456 ,
48 2395 97 2443 stas
117 2395 148 2446 et
171 2383 330 2448 diviuitas
354 2381 394 2448 ob
419 2382 529 2447 occulos
553 2395 708 2468 ponatur,
733 2385 833 2448 etiam
857 2382 940 2446 bene
964 2381 1071 2446 elucet
1093 2402 1134 2444 ex

19 2469 21 2544 ζ
47 2489 119 2543 textu
141 2503 269 2565 graeco,
294 2503 358 2570 quo
383 2483 444 2546 ista
458 2479 616 2545 attributa
632 2480 743 2545 addito
760 2481 896 2545 articulo
921 2481 1136 2544 enuntiantur

20 2563 21 2580 ³
47 2597 90 2656 per
108 2577 271 2663 adjectiva
294 2588 327 2643 et
357 2581 541 2665 participia.
588 2579 754 2643 Haeretici
780 2579 951 2660 dicebant,
976 2577 1134 2662 Spiritum

48 2696 99 2737 esse
129 2687 331 2758 creaturam,
365 2676 525 2740 famulum
558 2701 577 2741 a
609 2675 694 2741 Filio
728 2679 892 2742 creatione
925 2675 1133 2761 productum.

48 2768 210 2837 tracilium
233 2773 314 2838 dicit
334 2775 441 2859 ipsum
456 2773 614 2860 Spiritum
630 2773 779 2840 Sanctum
793 2777 935 2858 (Πνεῦμα
958 2769 995 2835 eri
1020 2770 1132 2858 ἅγιον),

48 2865 206 2935 liomiuum
240 2895 296 2936 seu
335 2872 557 2938 dominantem
588 2871 639 2960 (ari
672 2872 798 2958 κύριον),
833 2871 1057 2936 vivificantem
1083 2867 1134 2956 (ni

46 2964 209 3055 iniretur),
225 2993 267 3034 ex
284 2971 380 3034 Patre
404 2971 634 3056 procedentem
651 2969 702 3058 (τὸ
726 2968 761 3034 ἐκ
775 2975 831 3033 τοῦ
854 2967 983 3054 Herode
999 2965 1133 3052 nuperri-

46 3064 143 3152 mam),
178 3090 253 3131 cum
286 3069 383 3132 Patre
416 3080 448 3132 ct
471 3068 556 3133 Filio
581 3068 677 3132 simul
701 3069 874 3134 adoratum
897 3078 929 3132 et
952 3065 1133 3152 conglorifi-

45 3176 146 3244 catum,
170 3163 221 3253 (ad
246 3186 303 3228 ora
326 3161 431 3250 Πατρὶ
455 3163 600 3249 καὶὛιῷ
624 3162 960 3250 σνμπροσκννοὺμενον
983 3187 1035 3226 και
1061 3183 1132 3226 συν-

45 3257 259 3349 ὼ»ξσζό,ιιεινιιν),
292 3263 438 3329 locutum
462 3286 520 3349 per
552 3265 727 3349 prophetas
760 3262 808 3347 (eri
831 3260 970 3348 ldipouv
993 3260 1047 3326 διὰ
1070 3263 1134 3324 τῶν

45 3359 222 3447 rotumum).
269 3362 323 3426 Ex
346 3361 524 3447 Scripturis
557 3361 745 3447 desumptas
768 3384 837 3426 esse
862 3360 920 3425 has
942 3361 1131 3441 locationes,

46 3473 121 3520 nemo
144 3469 193 3522 est
216 3461 272 3546 qui
297 3481 363 3524 uon
387 3459 508 3525 videat.
547 3457 658 3523 Verba
674 3459 815 3546 Spiritus
831 3459 975 3535 Sanctus,
991 3457 1131 3542 Spiritus

46 3551 157 3620 ornias
178 3557 366 3643 frequenter
389 3568 573 3640 occurrunt,
599 3557 740 3644 Spiritus
763 3569 809 3621 eat
832 3559 885 3644 qui
910 3555 1042 3638 vivificat
1065 3554 1132 3642 (Jo.

44 3653 125 3738 aliid),
149 3679 189 3720 ecc
211 3658 307 3722 Putre
325 3655 472 3744 procedit
495 3655 561 3744 (Jo.
589 3655 713 3743 1526),
738 3657 811 3722 heae
835 3655 976 3742 Spiritus
999 3652 1133 3718 Sanctus

44 3747 145 3818 locutus
172 3766 217 3818 est
244 3779 306 3842 per
338 3757 457 3819 leuiora
474 3756 662 3842 proplietam
693 3754 782 3841 (Aet.
807 3751 928 3838 2825).
975 3751 1132 3816 Adorotio

45 3849 256 3936 utplonficatio
275 3855 374 3918 etiam
399 3862 474 3916 sunt
497 3875 604 3934 voces,
629 3851 750 3938 quibus
774 3852 906 3915 divinus
921 3849 1024 3914 honor
1042 3850 1130 3913 Patri

45 3961 67 4006 u
87 3947 165 4014 Filio
191 3952 224 4015 in
247 3951 425 4037 Scripturis
448 3952 569 4038 passim
594 3949 792 4014 vindicatur.

103 4183 120 4242 ¹l
138 4183 207 4238 Vide
235 4183 301 4239 haec
327 4182 442 4238 ulterius
469 4181 578 4236 evoluta
607 4186 636 4235 et
653 4179 767 4247 probata
785 4194 827 4245 ap.
847 4176 997 4242 hazein,
1016 4177 1056 4232 De
1074 4176 1130 4230 Deo

47 4259 108 4324 uiuo,
125 4280 148 4330 p.
167 4265 221 4318 505
239 4281 285 4330 sqq
