2810 4846
244 467 296 520 206
630 465 671 520 De
689 465 806 520 concilio
824 464 965 533 Ephesiae.

246 611 354 694 ipsum
384 609 551 673 Rufinum.
597 608 663 672 Hic
691 629 770 672 vero
802 610 852 672 ira
874 609 1018 694 percitus
1047 609 1227 690 evestigio
1250 605 1340 671 libros
1390 589 1391 644 3

247 706 328 770 duos
351 707 577 770 lunaticorum
591 707 730 791 scripsit,
754 705 922 792 inquibus
937 725 1001 768 non
1024 713 1152 768 tautum
1176 703 1264 768 illius
1284 705 1341 790 epi·
1390 705 1391 780 i

247 802 372 884 stolam,
397 803 455 868 sed
470 813 502 866 et
516 802 581 866 alia
597 804 667 889 ejus
682 805 803 888 scripta
817 799 974 866 aculeatis
990 801 1136 866 censuris
1149 803 1341 888 perstrinxit.

94 899 182 972 BQ
198 903 220 941 ⁰²
335 900 387 965 20.
413 899 477 965 Sed
501 899 612 964 Rufini
637 921 792 965 censuras
811 901 1034 984 Hieronymus
1058 898 1245 962 vehementi
1268 897 1341 981 stylo
1390 919 1391 954 t

90 963 237 1014 amemus.
247 997 375 1063 duabus
399 997 563 1084 Apoloqt'is
586 997 731 1083 dispulit.
756 1037 799 1046 -
814 998 853 1061 In
876 997 1012 1063 Oriente
1034 995 1182 1061 Joaunes
1204 996 1342 1060 Hieroso·
1390 957 1391 1031 l

246 1095 410 1180 lymarum
432 1092 579 1158 Antiates
602 1094 755 1180 Origenis
786 1095 894 1160 fautor
926 1097 1060 1159 exstitit.
1106 1093 1261 1178 Origenis
1279 1113 1341 1178 par·
1390 1091 1391 1180 l

245 1206 294 1258 tes
328 1194 450 1278 pariter
483 1193 591 1256 acrius
625 1193 877 1278 propugnabant
917 1190 1069 1256 monachi
1103 1189 1283 1255 Nitrienses
1312 1191 1341 1252 in
1390 1183 1391 1258 l

248 1293 409 1376 Aegypto,
434 1291 491 1375 qui
514 1289 702 1354 fatebantur
724 1289 817 1354 libris
830 1289 985 1374 Origenis
1007 1309 1131 1353 errores
1155 1291 1270 1368 inesse,
1293 1287 1341 1350 sed

247 1389 425 1472 Origenem
459 1384 501 1451 ab
536 1387 616 1472 ipsis
650 1389 831 1452 immunem
865 1409 985 1472 eosque
1019 1388 1062 1451 ab
1085 1385 1259 1450 haereticis
1281 1385 1341 1469 ejus
1390 1393 1391 1404 ¹

180 1559 182 1564 .
245 1486 339 1550 libris
362 1486 499 1548 insertos
528 1505 600 1549 esse
631 1485 797 1549 dicebant
843 1485 932 1548 Hinc
959 1482 1048 1548 nullo
1072 1483 1170 1548 modo
1194 1482 1340 1561 ferebant¹

247 1592 284 1647 ut
306 1581 459 1665 Origenis
490 1579 565 1646 libri
599 1581 843 1647 damnarentur.
877 1621 918 1630 -
942 1581 1145 1666 Theophilus
1168 1579 1342 1666 patriarcha
1390 1553 1391 1638 l

247 1679 494 1745 menandriana
516 1701 546 1742 a.
570 1680 635 1746 399
667 1681 893 1765 episcoporum
918 1682 1061 1765 Aegypti
1091 1689 1124 1743 et
1154 1679 1279 1762 Libyae
1300 1697 1343 1760 ay·

247 1778 371 1844 nodum
394 1777 603 1842 convocavit.
625 1777 667 1840 In
690 1799 729 1841 ea
745 1777 905 1862 Origenes
923 1779 1058 1863 ejusque
1073 1786 1249 1840 sectatores
1264 1775 1342 1838 darn·

247 1877 316 1942 nati
349 1883 433 1950 sunt,
467 1883 499 1936 et
529 1873 574 1938 ad
596 1873 810 1939 Anastasium
833 1876 958 1960 Papam
990 1893 1170 1959 omnesque
1203 1869 1341 1936 catholici

248 1972 335 2040 orbis
358 1973 529 2056 episcopos
561 1971 721 2055 synodica
752 1971 888 2057 epistola
916 1973 1014 2037 dere
1037 1979 1128 2056 gesta
1153 1974 1271 2056 scripta
1292 1979 1342 2032 est.
1390 1929 1391 2010 l

247 2072 341 2138 Idem
364 2065 566 2152 Theophilus
589 2068 632 2132 ab
645 2069 846 2154 Imperatore
868 2067 1012 2134 Arcadio
1036 2069 1183 2133 edictum
1207 2070 1341 2152 impetra·

248 2171 306 2250 vit,
332 2187 395 2253 quo
419 2165 582 2247 monachi,
598 2168 655 2252 qui
670 2165 847 2252 Origenem
862 2167 1072 2232 sectabantur
1090 2175 1123 2230 et
1145 2165 1342 2252 pertinaciter

248 2264 478 2344 defendebant,
502 2262 724 2328 Nitriensibus
756 2266 923 2330 asceteriis
946 2263 1073 2350 expulsi
1097 2275 1185 2328 sunt.
1229 2261 1340 2326 Eodem

248 2384 334 2428 anuo
359 2361 391 2427 S.
412 2359 620 2444 Epiphanius
644 2363 816 2448 episcopus
840 2362 1027 2427 Salaminos
1050 2364 1085 2426 in
1098 2359 1211 2447 Cypro
1234 2359 1339 2444 episco-

249 2481 365 2546 porum
389 2456 586 2542 Cypriorum
616 2461 778 2542 synodum
802 2459 945 2546 collegit,
970 2481 1053 2546 quae
1077 2459 1232 2522 omuibus
1253 2453 1338 2538 Cypri
1390 2453 1391 2534 l

249 2555 445 2624 Christianis
468 2575 603 2639 operum
620 2555 772 2640 Origeuis
794 2556 968 2623 lectionem
991 2556 1172 2644 prohibuit.
1208 2591 1249 2604 -
1282 2551 1339 2616 Ori·
1390 2561 1391 2616 i

249 2656 396 2741 genistae
428 2653 580 2716 monachi
613 2675 654 2718 ex
677 2654 832 2740 Aegypto
862 2654 948 2740 pulsi
973 2652 1284 2740 Constantinopolim
1305 2645 1338 2710 ad

250 2756 283 2820 S.
297 2753 461 2819 Joanuem
481 2748 749 2834 Chrysostomum
774 2753 1000 2837 confugerunt,
1023 2751 1230 2837 multumque
1250 2745 1338 2834 questi
1390 2749 1391 2816 l

249 2859 327 2916 sunt
349 2847 390 2914 de
413 2848 544 2932 injuriis
567 2849 629 2912 sibi
660 2848 886 2934 aTheophilo
917 2849 1024 2915 illatis.
1072 2849 1156 2913 Oum
1182 2871 1216 2912 ae
1238 2844 1338 2911 calun-
1390 2829 1391 2880 l

249 2952 340 3014 niam
363 2967 475 3032 passos
498 2965 567 3010 esse
591 2946 748 3028 dicerent,
763 2949 971 3033 speciemque
985 2949 1116 3034 pietatis
1139 2967 1219 3031 prae
1241 2965 1271 3008 se
1290 2941 1337 3002 fer·

250 3055 332 3126 rent,
357 3053 489 3108 sanetus
511 3043 646 3109 Praesul
659 3066 713 3109 eos
727 3044 915 3109 humaniter
930 3047 1079 3130 excapit3
1102 3044 1193 3129 quod
1215 3043 1243 3106 ei
1264 3035 1337 3124 apud
1390 3043 1391 3096 i

251 3145 283 3210 S.
307 3141 543 3227 Epiphaniam,
577 3141 610 3207 S.
634 3143 876 3227 Hieronymum
909 3154 942 3206 et
968 3145 1111 3206 maxime
1141 3140 1231 3227 apud
1251 3137 1336 3201 'l'heo-

249 3241 377 3328 philum
400 3236 562 3302 invidiam
585 3242 722 3326 peperit.
1390 3235 1391 3302 ἶ

339 3340 390 3404 21.
416 3336 528 3415 Quum
542 3339 767 3402 contentiones
779 3339 825 3402 ita
848 3339 1106 3418 effervescerent,
1131 3347 1229 3424 atque
1242 3333 1335 3398 Oricu-
1390 3313 1391 3352 l

250 3436 331 3502 tales
366 3444 398 3499 et
432 3433 663 3500 Occidentales
696 3437 730 3499 in
765 3434 913 3500 diversas
946 3445 1056 3520 partes
1090 3433 1335 3506 distrahar-enon.
1390 3447 1391 3476 ³

251 3536 445 3600 Anastasius
467 3535 561 3620 Papa
595 3555 718 3597 errores
743 3533 896 3618 Origenis
931 3533 1174 3612 condemnavit,
1208 3539 1238 3593 et
1266 3521 1334 3590 Rufi·

251 3654 331 3697 num
354 3630 509 3717 Aquileia
531 3630 765 3696 addicendam
786 3651 918 3694 causam
942 3632 1083 3694 vocavit.
1114 3629 1148 3694 Is
1170 3628 1265 3692 variis
1284 3639 1334 3684 mo
1390 3669 1391 3672 κ

251 3732 329 3794 tivis
351 3729 504 3794 adductis
527 3731 640 3793 venire
664 3728 853 3808 declinavit,
886 3727 943 3792 sed
967 3727 1043 3792 fidei
1073 3747 1152 3792 suae
1174 3722 1333 3812 apologiam

251 3828 294 3893 ad
318 3827 529 3891 Anastasium
554 3828 651 3890 misit.
697 3825 851 3890 Pontifex
873 3845 951 3888 vero
975 3824 1094 3909 agendi
1117 3825 1268 3888 rationem
1284 3815 1333 3880 Ru·
1390 3857 1391 3931 q

252 3927 320 4006 fini,
345 3926 531 4011 factamque
554 3924 596 3988 ab
613 3945 650 3987 eo
665 3922 823 3986 librorum
839 3923 993 4007 Origeuis
1007 3923 1190 3985 versionem
1211 3913 1334 4003 graviter
1390 3935 1391 4020 q

253 4021 461 4110 improbavit,
486 4023 640 4110 quamvis
663 4043 729 4086 non
752 4023 859 4107 ipsum
878 4020 1035 4085 Rufinum
1058 4020 1201 4105 praecise
1223 4023 1255 4078 ut
1274 4009 1333 4073 bae·
1390 4021 1391 4096 l

252 4123 389 4185 reticum
414 4121 692 4202 condemnaverit,
725 4141 763 4182 eo
796 4117 883 4204 quod
916 4119 943 4182 is
966 4137 1095 4203 semper
1117 4117 1331 4202 protestaretur,

253 4241 287 4283 se
310 4239 376 4282 non
400 4217 581 4299 admittere,
598 4217 760 4302 quidquid
775 4219 808 4280 in
827 4215 921 4282 libris
934 4215 1087 4299 origenis
1110 4227 1269 4278 erroneum
1288 4201 1331 4264 ho·
1390 4235 1391 4311 }
