2900 4800
423 481 538 537 Honorii
556 481 687 551 epistolae
705 483 901 552 expenduntur.
1167 485 1220 538 421

101 635 305 692 censuerunt
327 626 452 690 invicte
482 625 636 711 probari,
668 649 688 692 a
716 625 872 710 Graecis,
906 627 996 714 quod
1025 629 1124 692 etiam
1153 627 1221 693 Ma-

102 729 215 790 ximus
239 723 364 788 ibidem
388 724 516 805 asserit,
540 722 597 788 illa
611 724 734 806 verba,
758 723 841 789 ιιιιᾱι
862 736 892 789 et
914 747 1010 790 mrum
1032 725 1223 790 voluntatem

92 825 259 911 summor,
283 821 360 886 ficta
384 830 416 885 et
439 831 593 907 corrupta
613 822 724 888 fuisse.
748 861 792 870 —
814 822 882 888 Sed
904 831 1136 908 argumentum
1160 821 1223 887 hoo

104 920 249 985 solidum
279 939 347 983 non
380 941 449 984 esse
479 928 639 986 tenemus.
684 919 819 984 Etenim
849 922 921 1006 ipse
942 921 1091 986 Joannes
1120 919 1224 987 abbas

102 1020 140 1083 in
175 1017 340 1104 Apologia
375 1018 516 1082 Joannis
551 1017 600 1082 IV
637 1017 790 1083 fraudem
824 1019 987 1106 ejusmodi
1031 1041 1099 1084 non
1138 1041 1224 1084 oom-

103 1124 277 1197 memorat,
301 1114 359 1178 sed
393 1115 565 1201 supponit,
590 1136 691 1179 unam
724 1115 928 1182 voluntatem
959 1139 1020 1204 per
1050 1137 1224 1182 numerum

101 1222 397 1278 commemoratam
421 1213 541 1294 fuisse,
571 1222 669 1299 atque
702 1235 768 1301 qua
790 1215 917 1280 ratione
940 1215 1022 1280 haec
1044 1215 1148 1280 verba
1171 1215 1225 1280 ad-

102 1311 214 1376 hibita
236 1313 303 1374 sint
326 1311 481 1396 explicat.
517 1311 646 1374 Pariter
667 1313 769 1376 etiam
782 1311 816 1378 S
832 1311 1000 1378 Maximus
1023 1311 1148 1400 aliquot
1171 1335 1226 1378 an·

103 1411 159 1475 nis
181 1418 274 1495 post,
307 1409 441 1496 quando
473 1433 502 1474 a.
527 1410 593 1475 645
622 1409 878 1496 disputationem
909 1432 985 1475 curn
1008 1412 1137 1498 Pyrrho
1173 1410 1226 1476 ha·

103 1508 199 1587 buit,
223 1509 380 1593 supponit
402 1507 460 1571 illa
482 1507 585 1572 verba
599 1517 636 1570 ut
658 1510 814 1593 genuina.
848 1508 947 1574 Unde
971 1509 1024 1574 vel
1049 1509 1227 1575 dicendum

103 1615 173 1687 est,
189 1605 405 1670 Anastasium
428 1606 463 1669 in
487 1605 653 1670 narrando
678 1627 818 1685 errasse,
842 1616 876 1670 et
897 1627 965 1672 nou
988 1608 1073 1673 bene
1086 1609 1228 1674 loannis

102 1705 263 1789 symponi
293 1703 534 1790 expositionem
566 1704 755 1785 retinuisse,
785 1703 839 1768 vel
862 1703 928 1770 alia
950 1704 1153 1791 probabilior
1175 1729 1229 1770 ax-

103 1801 244 1888 plicatio
268 1800 480 1886 suscipienda
512 1810 570 1866 est
617 1801 784 1866 Videlicet
814 1823 917 1888 quum
947 1803 1143 1868 Anastasius
1163 1804 1229 1889 pri-

104 1921 203 1964 mum
226 1899 350 1964 Romae
373 1899 561 1985 loqueretur
585 1900 626 1965 de
659 1901 840 1985 agitatione
864 1909 935 1964 orta
959 1923 1001 1964 err
1023 1901 1158 1987 prolatis
1180 1901 1230 1965 lit·

104 1999 188 2063 teris
221 1997 378 2081 Honorii,
410 1997 558 2064 Joannes
590 1997 714 2078 abbas,
753 2019 857 2083 quum
896 1999 1124 2085 apographum
1163 1998 1230 2064 illa·

103 2119 184 2161 rum
208 2094 420 2181 epistolarum
446 2096 519 2181 jam
552 2116 619 2160 non
642 2093 797 2178 baberet,
836 2093 926 2161 haud
958 2097 1150 2162 recordatus
1171 2106 1230 2180 est,

104 2215 144 2259 se
176 2193 233 2260 illa
264 2194 369 2259 verba
402 2217 500 2258 msam
527 2193 720 2258 volantatem
751 2195 786 2258 in
818 2196 1063 2260 accusationem
1087 2195 1232 2260 adducta

105 2293 232 2357 diserte
264 2290 475 2375 adhibuisse,
510 2291 610 2378 idque
643 2291 809 2356 inficiatur
833 2301 893 2358 est.
939 2293 1005 2358 Sed
1029 2293 1106 2358 dein
1130 2314 1232 2379 quum

104 2392 298 2456 accuratius
331 2391 442 2454 omnia
464 2389 669 2475 perpendere
699 2399 887 2475 cogeretur,
912 2401 948 2455 ut
977 2393 1111 2456 nomine
1134 2391 1233 2456 Joan·

105 2490 164 2554 nis
193 2487 243 2552 IV
270 2487 492 2574 apologeticas
521 2486 647 2552 litteras
674 2487 850 2571 scriberet,
883 2491 918 2552 in
946 2491 1140 2553 memoriam
1169 2488 1233 2552 sibi

104 2587 303 2668 revocavit,
328 2607 394 2672 qua
417 2587 589 2650 occasione
613 2593 646 2648 et
668 2607 733 2671 quo
763 2607 861 2650 sensu
885 2609 925 2651 ea
948 2586 1051 2652 verba
1075 2586 1232 2651 adbibue-

108 2686 172 2766 rit,
206 2683 388 2776 eademque
412 2685 623 2748 convenienti
656 2683 801 2769 explicat
824 2684 932 2749 modo.
979 2685 1089 2770 Atque
1113 2682 1233 2748 exinde

108 2784 214 2846 etiam
237 2781 405 2846 Maximus
430 2780 502 2867 jam
535 2801 601 2846 non
633 2783 775 2867 perstitit
807 2783 841 2846 in
873 2803 932 2846 sua
965 2783 1136 2868 opinione,
1161 2803 1235 2846 con·

108 2881 192 2945 ficta
215 2878 272 2944 illa
296 2901 367 2944 esse
390 2901 410 2943 a
432 2877 581 2944 Graecis.
614 2917 658 2928 --
687 2879 754 2945 Serl
777 2879 882 2962 vides,
907 2903 950 2944 ex
973 2879 1024 2946 bis
1047 2879 1235 2945 confirmari

108 2979 394 3064 suppositionem,
431 2975 659 3062 apographum
695 2976 823 3041 nullum
860 2977 991 3042 illarum
1023 2976 1236 3064 epistolarum

111 3077 240 3140 Romae
263 3075 427 3158 adfuiss03
452 3075 547 3139 secus
570 3076 659 3140 enirn
683 3075 772 3140 nullo
802 3075 898 3141 modo
923 3075 1135 3162 intelligitur,
1160 3097 1236 3162 quo-

112 3171 214 3238 modo
248 3171 396 3238 Joannes
431 3171 536 3237 abbas
571 3172 627 3237 illa
666 3172 771 3238 verba
805 3172 956 3238 adbibita
989 3195 1060 3238 esse
1096 3193 1238 3257 negave-

111 3273 179 3352 rit,
204 3270 257 3334 vel
291 3270 456 3356 quomodo
479 3269 677 3336 Anastasius
701 3271 791 3336 haud
815 3274 1004 3337 accuratius
1026 3293 1097 3336 rem
1121 3293 1235 3356 cogno-
1320 3270 1323 3278 ’

113 3370 215 3433 verit.

207 3465 261 3532 tl.
286 3465 353 3532 Sed
376 3488 442 3552 qua
463 3468 591 3531 ratione
615 3467 650 3532 id
673 3468 824 3532 accidere
847 3469 972 3552 potuit,
997 3476 1033 3531 ut
1055 3465 1238 3531 litterarum

115 3567 258 3629 istamm
290 3563 481 3650 apographa
514 3567 549 3628 in
572 3563 735 3630 tabulario
769 3565 927 3630 ecclesiae
959 3565 1128 3629 Romanae
1160 3572 1239 3628 tuno

116 3683 187 3728 non
211 3663 403 3726 exstarent?
449 3663 547 3728 Forte
578 3685 620 3727 cx
649 3663 850 3748 negligentia
879 3663 1024 3750 quadam
1048 3664 1118 3748 ipse
1140 3661 1239 3727 Joan-

117 3783 180 3826 nes
203 3759 307 3825 abbas
329 3759 384 3824 vel
408 3760 465 3825 alii
489 3759 649 3825 ecclesiae
669 3761 839 3826 Romanae
863 3761 1025 3843 ministri,
1049 3781 1152 3847 quum
1175 3761 1242 3845 epi-

117 3857 220 3924 stolas
251 3857 324 3922 illas
356 3857 447 3923 haud
470 3857 632 3924 habereut
654 3867 692 3922 ut
714 3859 914 3924 documenta
936 3859 1048 3944 magni
1072 3859 1240 3940 momenti,

118 3977 235 4022 earum
259 3956 450 4043 apographa
473 3958 509 4021 in
531 3955 695 4021 tabulario
719 3979 786 4021 non
809 3967 1057 4021 conservarunt.
1090 3993 1133 4004 -
1165 3953 1243 4020 Alia

119 4066 232 4119 tamen
250 4055 395 4140 suppetit
409 4053 585 4142 explicatio
609 4053 821 4141 probabilior.
860 4051 1002 4134 Quando
1017 4053 1143 4118 scilicet
1158 4073 1239 4118 mor-

119 4164 200 4216 tuus
223 4162 273 4218 est
286 4152 471 4233 Honorius,
488 4152 729 4220 Monotheletae
753 4154 788 4217 in
812 4172 888 4218 suas
912 4161 1022 4236 partes
1045 4152 1145 4216 etiam
1160 4171 1245 4214 sum-

121 4271 214 4314 mum
239 4248 433 4314 Pontificem
460 4249 597 4315 Honorii
620 4248 692 4314 loco
716 4249 874 4332 electum,
906 4248 964 4313 sed
987 4266 1046 4334 per
1069 4248 1246 4333 Imperato-
