2900 4800
256 449 310 502 390
629 446 671 500 De
690 460 773 500 cama
789 444 904 502 Houorii
920 443 955 500 tt
974 445 1004 500 P.

257 592 380 669 lutrae,
415 589 467 654 vel
505 590 604 652 etiam
633 589 856 652 Phcatosiuatt'
890 597 967 652 sunt
1002 587 1159 674 appellati
1172 587 1207 674 ι).
1256 588 1382 654 Ultimo

256 709 343 753 anno
373 689 467 772 regni
509 689 560 750 sui
588 687 609 752 J
614 688 801 750 ustinianus
838 685 956 752 horum
994 685 1380 772 Aphtartodoectismnm

257 786 364 852 edicto
388 787 516 853 sancire
539 786 770 870 praesumpsit.
801 784 842 848 Ei
865 785 1057 849 restiterunt
1079 786 1245 850 constanti
1269 787 1381 850 animo

257 885 453 950 Anastasius
477 882 664 968 patriarcha
679 883 920 962 Antiochense,
936 892 970 946 ct
983 882 1171 967 Eutychius
1189 885 1380 968 patriarcha

258 981 430 1062 CPtanus‚
455 983 512 1067 qui
537 1003 682 1067 eousque
705 979 879 1046 ecclesiam
905 979 1074 1046 CPtanam
1098 979 1316 1048 laudabiliter
1338 1007 1378 1046 re

258 1089 361 1145 xerat.
408 1078 595 1164 Eutychiae
624 1078 765 1164 jubente
788 1078 991 1162 Imperatore
1014 1101 1033 1142 a
1058 1078 1184 1162 synodo
1209 1079 1314 1165 hujus
1337 1103 1378 1146 ar-

258 1179 355 1242 bitrio
394 1177 594 1263 obsequente
631 1177 807 1262 depositus,
826 1165 938 1240 'initio
972 1178 1052 1240 anni
1086 1177 1153 1242 565
1182 1176 1377 1242 inexilium

259 1278 387 1357 missus,
421 1277 517 1361 eique
550 1275 707 1340 suffectus
732 1283 780 1338 est
808 1275 956 1340 Joannes
980 1273 1032 1338 ΠΙ
1060 1276 1258 1358 cognomine
1283 1275 1379 1341 Scho-

256 1375 407 1454 lasticus,
451 1374 683 1459 apocrisiarius
729 1371 936 1457 patriarchae
982 1371 1196 1437 Antiocheni.
1253 1372 1379 1438 Eodem

256 1493 344 1538 anno
369 1471 423 1536 die
458 1473 499 1536 14
521 1469 720 1535 Novembris
751 1471 961 1535 Justinianus
985 1479 1057 1554 post
1079 1491 1219 1554 reguum
1245 1472 1380 1555 triginta

256 1579 289 1632 et
312 1579 384 1634 octo
408 1591 580 1643 annorum,
605 1570 722 1632 aetatis
736 1590 823 1632 anno
843 1569 1041 1652 octogesimo
1064 1569 1171 1648 tertio,
1196 1567 1313 1653 (natus
1337 1583 1381 1634 est

257 1669 310 1734 die
337 1671 375 1732 ll
403 1668 481 1753 llaji
506 1691 535 1732 a.
559 1665 650 1752 483),
675 1666 851 1732 defunctus
875 1675 932 1730 est.

91 1783 194 1824 tutinus
214 1782 240 1822 1¹.
349 1766 399 1830 10.
424 1766 465 1830 Εἰ
500 1767 657 1830 successit
680 1765 829 1828 Justiucs
852 1764 905 1840 II,
934 1765 987 1828 vir
1011 1761 1230 1844 orthodoxus,
1257 1767 1314 1848 qui
1338 1765 1379 1828 ab

259 1867 468 1929 immixtione
503 1864 537 1928 in
571 1863 779 1948 quaestiones
810 1860 1014 1945 dogmaticas
1046 1859 1215 1926 abstinuit
1269 1862 1377 1926 Etiam

258 1965 407 2028 loannes
430 1961 491 2043 Ill,
517 1962 573 2046 qui
598 1961 734 2026 fortasse
765 1960 961 2025 dexteritate
991 1957 1134 2044 quadam
1159 1967 1258 2022 utens
1282 1961 1376 2025 Justi·

259 2063 357 2126 niano
382 2061 564 2126 senescenti
595 2059 834 2144 aliquantisper
862 2057 979 2122 cedere
1011 2059 1101 2120 visus
1124 2066 1204 2136 erat,
1228 2058 1377 2122 orthodo-

258 2162 347 2224 xiam
373 2161 475 2224 tuitus
492 2167 554 2236 est,
580 2157 746 2242 dignoque
763 2154 860 2221 modo
884 2153 1042 2220 ecclesiae
1060 2153 1213 2220 CPtanae
1238 2157 1376 2240 praefuit

258 2257 427 2343 usquead
452 2277 577 2320 annum
600 2255 677 2336 577,
702 2276 766 2339 quo
791 2275 877 2318 anno
906 2261 1053 2318 mortuus
1077 2263 1138 2318 est.
1186 2253 1218 2316 A
1243 2251 1376 2318 Graecis

258 2358 343 2418 inter
368 2355 507 2420 Sanctus
531 2353 658 2418 colitur.
706 2353 755 2416 Eo
790 2351 945 2416 defuncto
970 2371 1090 2434 magno
1115 2371 1190 2414 cum
1215 2351 1374 2436 applausu

257 2453 404 2518 lidclium
429 2451 615 2536 Eutychius
640 2452 673 2514 in
698 2449 810 2514 sedem
842 2471 934 2513 suam
958 2451 1127 2514 restitutus
1151 2457 1209 2512 est„
1260 2449 1374 2528 Quam-

258 2552 309 2615 vis
334 2553 367 2616 iu
392 2549 490 2614 rebus
515 2548 707 2633 theologicis
732 2547 816 2612 bene
835 2557 985 2610 versatus
1008 2558 1101 2626 esset,
1126 2546 1246 2611 incidit
1269 2557 1371 2612 tamen

258 2652 293 2713 in
316 2648 433 2712 falsam
468 2649 658 2733 opinionem
693 2646 734 2710 de
765 2647 1005 2710 resurrectione
1039 2657 1253 2728 mortuorum,
1276 2667 1372 2710 resur·

259 2746 414 2830 gentibus
438 2745 622 2810 attribuens
646 2766 765 2829 corpus
790 2741 957 2829 quoddam
977 2764 1101 2806 novum
1125 2750 1270 2824 aereum,
1294 2765 1371 2808 eam·

261 2867 324 2930 que
349 2845 545 2908 sententiam
569 2841 654 2906 libro
679 2843 800 2926 scripto
825 2842 1005 2926 proposuit.
1052 2838 1117 2905 Sed
1141 2837 1174 2906 S.
1199 2839 1369 2926 Gregorius

257 2945 313 3024 M„
347 2952 425 3006 tuuc
450 2939 735 3026 Constantinopoli
760 2939 1001 3025 apocrisiarius,
1034 2960 1110 3002 eum
1143 2939 1308 3020 refutavit,
1329 2952 1369 3002 at-

259 3063 322 3126 que
348 3043 417 3125 ipse
445 3039 633 3124 Eutychius
665 3038 833 3123 praeclaro
858 3037 1053 3101 humilitatis
1082 3037 1235 3122 exemplo
1257 3038 1366 3102 librum

259 3159 356 3202 suum
392 3137 582 3213 combussit,
618 3159 657 3200 ac
682 3137 826 3200 moriens
859 3135 1053 3200 sententiam
1086 3135 1302 3201 orthodoxam
1333 3135 1368 3198 de

257 3234 496 3300 resurrectione
520 3247 722 3298 mortuorum
746 3245 858 3319 aperte
883 3233 1047 3317 professus
1070 3231 1160 3318 θεῖ’).
1199 3233 1291 3298 Obiit
1311 3233 1366 3297 Eu-

334 3420 356 3479 ¹l
376 3419 478 3484 Corpus
508 3415 608 3470 Christi
638 3414 811 3483 corruptibile
839 3415 922 3469 fithse
947 3414 999 3469 dici
1018 3421 1107 3482 potest
1125 3430 1206 3468 sensu
1225 3414 1365 3470 omhodom

258 3497 280 3550 si
300 3497 426 3550 nimirum
446 3496 619 3564 intelligatur
638 3512 732 3564 corpus
753 3493 854 3549 Christi
873 3493 956 3548 luisse
975 3511 1038 3548 vere
1057 3495 1184 3561 passibile
1204 3495 1232 3549 in
1251 3495 1299 3548 hac
1315 3493 1366 3546 rita

257 3578 373 3632 mortali.
411 3577 462 3631 Sed
481 3577 627 3630 communis
646 3575 691 3629 ille
710 3575 959 3643 Menophysitarum
983 3589 1055 3628 error
1079 3573 1140 3638 unt
1160 3591 1193 3628 cx
1211 3575 1309 3628 duabus
1326 3589 1364 3624 m-

258 3659 327 3712 turis
346 3658 441 3712 divina
460 3665 489 3710 et
507 3657 625 3710 humana
643 3656 672 3710 in
692 3655 798 3710 Christo
818 3655 968 3723 conjunctis
991 3670 1073 3708 unam
1091 3659 1218 3710 naturam
1236 3654 1363 3708 conflatur

258 3739 349 3794 tuisse.
387 3737 473 3805 Quum
503 3737 591 3804 igitur
619 3735 848 3804 Incorrupticolae
876 3739 1009 3798 tenerent,
1037 3735 1107 3790 hanc
1133 3734 1236 3790 Christi
1251 3739 1363 3789 natnnu

257 3819 342 3876 dolori
361 3837 393 3872 ac
411 3818 529 3888 passioni
549 3833 603 3872 non
622 3816 706 3870 finisse
725 3816 875 3881 obnoxiam,
895 3814 1051 3870 incidebant
1068 3816 1096 3870 in
1115 3814 1292 3870 docetismum.
1310 3813 1363 3866 tor

258 3900 406 3968 rupticolae
425 3915 488 3952 vcro
510 3897 557 3952 illa
576 3897 667 3952 omnia
685 3897 781 3950 unicae
792 3896 894 3952 Christi
913 3900 1028 3950 naturae
1047 3893 1241 3958 attribuebant,
1259 3894 1362 3958 adeoque

256 3979 430 4034 divinitatem
449 3979 477 4032 in
496 3978 604 4030 Christo
623 3977 815 4031 deterioratam
843 3993 907 4040 esse,
932 3976 1014 4031 fateri
1043 3975 1217 4044 cogebantur,
1236 3973 1300 4040 qnod
1316 3986 1360 4024 non

256 4059 345 4114 miuus
364 4059 474 4128 impium
493 4075 573 4124 quam
602 4057 746 4111 absurdum
766 4063 815 4111 est.
852 4057 885 4112 V.
905 4057 1063 4110 Tractatum
1092 4060 1214 4110 nostrum
1240 4053 1269 4106 de
1293 4049 1361 4106 tuto

255 4141 402 4192 suanum
419 4155 445 4194 n.
468 4140 526 4192 114.

330 4220 352 4286 ¹)
370 4219 402 4274 V.
422 4220 580 4272 Tractatum
599 4223 722 4272 nostmm
739 4217 773 4272 de
793 4217 962 4272 Nmasriuucs
979 4232 1005 4270 u.
1025 4217 1086 4271 240.
