2836 4804
249 465 302 520 332
655 465 695 519 De
713 465 800 521 tribus
819 467 959 535 Capitulis.

252 607 450 672 documenta
473 629 558 693 quae
572 607 637 672 huo
651 609 818 694 pertinent
826 610 898 697 jam
915 611 1029 696 agnita
1049 633 1118 676 esse
1142 612 1354 698 supposititia,

251 727 290 769 ac
323 706 443 770 nostris
475 705 592 770 diebus
625 705 664 771 cl.
700 704 847 771 Viaccazi
876 717 1030 772 conatum
1060 730 1129 774 esse
1152 707 1268 794 vigilii
1292 708 1355 770 vin·
1403 726 1404 788 l

252 802 357 867 dicias
386 804 562 887 suscipere,
594 804 643 866 uti
676 803 813 868 inferius
837 805 1036 870 videbimus.
1075 844 1119 854 —
1156 803 1241 870 Cum
1265 807 1358 892 igitur
1403 793 1404 830 ¹

79 901 384 966 silvanae.r.auditus
416 909 500 964 esset
531 901 654 964 Romae
682 901 790 966 obitus
821 905 926 968 sancti
950 902 1092 990 Agapeti
1120 905 1243 990 Papae,
1267 913 1357 990 atque

248 999 319 1084 jam
354 997 554 1062 haberentur
587 1017 676 1062 more
710 1000 871 1085 majorum
907 1020 1000 1064 sacra
1034 1001 1168 1064 comitia
1204 1001 1246 1065 de
1279 1021 1357 1065 noro
1404 1060 1405 1092 ,

253 1096 395 1162 creando
425 1095 602 1178 Pontifice,
633 1095 763 1159 influxu
786 1095 949 1161 Theodati
980 1101 1067 1184 regis
1090 1097 1286 1180 Gothorum,
1317 1097 1358 1160 uti
1404 1093 1405 1108 ¹

254 1193 394 1276 videtur,
419 1193 541 1257 electus
574 1194 637 1258 fuit
660 1191 823 1274 Sr‘toedas,
846 1195 1044 1260 Hormisdae
1068 1195 1238 1282 quondam
1261 1195 1358 1260 Ponti·

254 1292 326 1356 ficis
336 1291 475 1357 Romani
498 1290 597 1374 filius,
621 1313 664 1354 ex
686 1289 832 1378 legitimo
852 1301 928 1360 ante
951 1294 1180 1380 pontificatum
1207 1292 1359 1358 matrimo

255 1392 310 1454 nio
334 1397 515 1474 susceptus.
561 1387 769 1454 Theodatum
792 1393 934 1475 pecunia
949 1391 1027 1456 data
1043 1401 1237 1477 corruptum
1260 1391 1360 1464 luisse,
1405 1395 1406 1410 ³

255 1489 412 1552 asseritur
443 1487 478 1550 in
500 1485 602 1551 Libro
626 1485 811 1552 Pontificali
836 1488 897 1553 sub
922 1487 1075 1570 &luerim
1112 1489 1171 1553 sed
1195 1486 1362 1552 Liberatus

230 1575 312 1672 'qui
338 1587 407 1650 istis
431 1584 634 1671 temporibus
656 1586 742 1648 vixit
765 1595 798 1649 et
818 1585 1018 1652 Βνευίανίωη
1040 1589 1191 1651 historiae
1210 1585 1363 1650 Nestoris-

257 1685 356 1748 nismi
380 1693 412 1746 et
426 1682 715 1770 Monophysitismi
740 1685 880 1768 scripsit,
900 1683 1024 1749 nullam
1049 1683 1090 1748 de
1114 1705 1153 1748 ea
1177 1706 1214 1747 re
1238 1683 1362 1747 mentio·
1406 1725 1407 1740 r

257 1803 334 1846 nem
357 1781 445 1862 fecit,
468 1779 649 1866 falsamque
682 1779 771 1844 illam
802 1783 1024 1846 narrationem
1047 1803 1126 1864 esse,
1146 1781 1221 1867 jam
1243 1781 1364 1844 univor-

258 1881 320 1944 sim
342 1888 481 1944 tenetur.

348 1977 401 2041 29.
424 1977 561 2040 Interim
595 1973 877 2062 Constantinopoli
911 1977 996 2040 inter
1025 1975 1236 2042 Theodoram
1264 1973 1363 2057 Augu-

259 2083 353 2157 stam,
377 2075 534 2138 feminam
544 2073 764 2158 Eutychianis
786 2074 964 2154 faventem,
989 2083 1022 2137 et
1043 2071 1219 2158 Vigilium,
1243 2071 1276 2137 S.
1290 2071 1361 2154 Aga·
1407 2061 1408 2074 ¹

260 2173 326 2260 peti
350 2193 464 2236 recens
495 2171 641 2236 defuncti
674 2170 850 2236 diaconum
875 2183 907 2236 et
929 2173 1190 2258 apocrisiarium,
1217 2189 1365 2235 convene

261 2279 321 2352 rat,
346 2280 383 2333 ut
411 2269 561 2354 Augusta
594 2291 692 2354 opera
716 2292 774 2334 sua
798 2269 958 2354 Vigilium
988 2269 1031 2332 ad
1055 2290 1223 2333 summum
1247 2263 1364 2354 pontifi·

263 2379 372 2433 catum
397 2367 604 2432 evehendum
628 2377 773 2449 curaret3
798 2367 852 2431 hic
875 2378 984 2432 autem
1001 2367 1153 2432 Pontifex
1176 2366 1295 2446 factus,
1309 2363 1366 2426 An-

263 2465 404 2529 thimum
439 2465 481 2529 ab
517 2466 666 2551 Agapeto
702 2463 886 2550 depositum
910 2465 1056 2550 aliosque
1080 2463 1307 2550 Eutychianos
1327 2481 1366 2522 re-

264 2566 421 2645 stitueret,
446 2573 479 2626 et
493 2561 677 2627 Concilium
699 2559 967 2628 Chalcedonense
990 2561 1171 2648 abrogaret.
1205 2558 1366 2626 Theodora

265 2665 363 2728 etiam
388 2682 543 2745 magnam
567 2661 727 2746 pecuniae
751 2681 912 2724 summam
936 2659 1058 2746 Vigilio
1082 2661 1245 2746 promisit
1265 2693 1306 2704 -
1320 2653 1368 2716 Vi·

264 2760 373 2845 gilius,
399 2757 767 2822 mandatis'Pheodorae
792 2781 830 2821 ea
854 2756 952 2822 dere
976 2755 1018 2821 ad
1038 2756 1237 2821 Belisarium
1262 2753 1367 2820 ducem

265 2859 390 2922 Romae
408 2857 478 2943 jam
513 2856 737 2920 dominantem
770 2857 930 2936 munitus,
965 2853 1102 2918 Romam
1125 2853 1292 2940 profectus
1313 2857 1368 2924 estg

266 2956 323 3021 sed
358 2955 425 3019 illio
459 2953 600 3018 electum
624 2962 656 3017 et
679 2953 865 3020 ordinatum
894 2955 1023 3018 invenit
1045 2949 1235 3016 Silverium.
1281 2947 1368 3012 llum·

266 3053 440 3120 Theodora
453 3052 569 3116 litteris
592 3050 757 3116 adducere
781 3051 915 3132 studuit,
940 3061 976 3114 ut
999 3050 1234 3136 obsequeretur
1258 3041 1369 3112 deside

267 3153 325 3217 riis
349 3151 415 3214 suis
439 3161 471 3213 et
486 3147 802 3234 Constantinopolim
817 3151 954 3229 veniret,
977 3148 1031 3213 vel
1053 3145 1167 3210 saltem
1184 3143 1368 3210 Antbimnm

269 3252 462 3315 restitueret.
509 3247 607 3328 Quod
635 3267 736 3332 quum
765 3245 924 3312 Silverius
956 3247 1064 3310 facere
1099 3242 1292 3324 declinaret,
1323 3233 1368 3300 illa

270 3347 431 3431 Vigilium
455 3344 634 3410 ambitione
657 3343 802 3429 plenum,
827 3344 954 3431 dejecto
986 3340 1136 3423 Silverio,
1169 3343 1203 3404 in
1229 3337 1368 3402 thronum

270 3444 491 3532 pontificalem
516 3441 683 3507 intrudere
706 3465 787 3506 ausa
810 3451 867 3506 est
907 3439 1074 3522 Silverius,
1099 3445 1272 3502 accusatus
1294 3427 1368 3518 quod

271 3543 390 3608 Gothis
422 3542 549 3605 faveret
572 3550 604 3604 et
625 3538 741 3604 urbem
774 3541 814 3604 iis
844 3538 983 3625 prodere
1012 3537 1240 3615 meditaretur,
1273 3553 1292 3596 a
1321 3527 1369 3592 Ba

271 3641 381 3706 lisario
414 3637 607 3724 pontificatu
646 3639 795 3722 privatus
829 3646 890 3718 est,
930 3647 963 3702 et
995 3637 1148 3701 Pataram
1186 3632 1305 3715 Lysiae
1341 3625 1369 3687 in

273 3737 409 3804 exilium
435 3738 563 3802 missus.
609 3735 648 3800 In
679 3735 750 3821 ejus
777 3733 887 3799 locum
915 3734 991 3798 dein
1022 3715 1178 3797 shffeotns
1204 3727 1266 3791 fuit
1299 3721 1370 3808 l’iot'·

274 3839 350 3918 liae,
375 3837 432 3924 qui
456 3835 626 3899 ordinatus
650 3844 700 3898 est
722 3832 776 3898 die
800 3833 842 3897 22
865 3829 1063 3896 Novembris
1086 3829 1165 3892 anni
1188 3825 1263 3891 537.

363 3935 416 3999 30.
440 3933 492 3997 De
515 3931 579 3996 hoc
603 3929 701 3996 exilio
726 3933 772 3995 ita
796 3929 910 3994 scribit
932 3927 1126 3994 Liberatus:
1165 3923 1228 3988 ssd
1251 3915 1370 3985 Silrtri0

273 4035 414 4097 veniente
437 4031 598 4110 Pataram,
629 4027 818 4094 venerabilis
848 4029 1010 4114 episcopus
1032 4026 1171 4089 civitatis
1193 4019 1279 4086 illias
1298 4012 1370 4078 urai!

275 4130 319 4193 ud
341 4131 581 4215 Imperatorem,
615 4136 645 4190 ct
659 4125 817 4216 judiciam
839 4125 902 4189 Dei
935 4131 1123 4187 contestatus
1151 4129 1196 4184 est
1218 4115 1254 4181 de
1277 4121 1369 4179 arra

276 4225 370 4287 Sedis
392 4225 532 4309 episcopi
553 4219 747 4309 axpulmoac,
780 4221 892 4287 multos
915 4219 1021 4284 dicens
1052 4241 1116 4283 erse
1138 4219 1174 4281 in
1195 4217 1247 4280 boc
1269 4203 1368 4276 mrtntlt
