2876 4814
239 450 292 504 258
575 445 615 500 Da
634 444 721 512 Opere
738 441 1023 510 Philosophoumsuon.

240 591 375 656 exordio
400 589 526 654 indicat
548 589 693 675 quidem,
718 586 817 652 aliam
835 608 856 649 a
879 608 913 650 se
936 585 1218 653 elucubrationem
1243 599 1368 654 contra

239 688 421 753 haereticos
444 688 659 772 compositam
681 685 792 767 luisse,
816 706 881 769 qua
905 683 1038 750 eosdem
1060 689 1252 750 summatim
1277 687 1368 750 refu-

239 787 374 866 taverit,
399 785 456 850 sed
479 786 636 870 equitate
660 795 691 848 et
712 783 867 848 awdeatia
888 783 1001 868 ipatus,
1025 785 1072 847 ait
1101 783 1171 848 illos
1195 807 1267 849 non
1295 808 1368 850 esse

239 892 437 965 commotos,
477 882 626 968 adeoque
672 903 761 946 nuuc
793 901 828 944 se
866 879 1045 966 procedere
1081 882 1126 946 ad
1162 905 1294 947 aroana
1334 884 1369 946 il-

239 982 345 1047 lorum
369 981 527 1065 mysteria
549 979 792 1066 patefacienda.
847 978 882 1043 Si
906 977 1129 1044 Tertullianus
1152 989 1274 1044 auctor
1307 991 1368 1064 est,

240 1078 404 1165 quomodo
428 1076 511 1144 nihil
534 1077 589 1142 hic
613 1077 694 1142 dicit
718 1076 759 1142 de
793 1076 948 1162 operibus
978 1077 1081 1162 ipsius
1105 1077 1371 1144 vehementibus

240 1187 354 1242 contra
368 1175 527 1261 speciales
541 1175 746 1240 haereticos?
761 1175 831 1238 Nec
846 1174 980 1239 videtur
994 1176 1055 1238 ista
1070 1176 1187 1241 modus
1199 1174 1370 1262 loquendi

241 1276 417 1340 convenire
441 1275 606 1359 scriptori,
631 1274 687 1360 qui
712 1295 771 1358 per
793 1280 896 1336 totam
920 1273 1025 1336 vitam
1048 1295 1141 1339 suam
1166 1296 1305 1340 summo
1321 1297 1370 1338 ar·

240 1373 510 1440 dorehaeretioos
520 1373 698 1437 insectatus
708 1379 767 1436 est.
784 1409 828 1418 -
838 1370 877 1436 3⁰
894 1369 1135 1438 Tertullianum
1145 1373 1181 1436 in
1192 1371 1263 1436 fine
1275 1373 1371 1437 vitae

239 1492 318 1560 suae
341 1494 361 1535 a
384 1471 593 1534 Montanistis
617 1492 652 1534 se
685 1490 854 1554 separasse
882 1490 948 1532 non
972 1478 1020 1532 est
1043 1468 1140 1553 plane
1164 1478 1313 1548 certum,
1338 1481 1372 1532 et

241 1571 276 1632 in
299 1567 362 1632 hac
385 1589 516 1654 quoque
540 1567 766 1653 suppositione
780 1588 878 1651 aegre
892 1565 1087 1651 explicatur,
1112 1565 1201 1652 quod
1226 1576 1267 1630 ut
1292 1565 1372 1630 hae-

242 1668 359 1731 reticos
383 1667 460 1730 dein
483 1685 539 1730 eos
561 1665 790 1749 exagitaverit.
823 1701 866 1712 -
894 1663 1034 1728 Librum
1057 1665 1107 1728 De
1131 1664 1372 1752 Pracaaiptio-

241 1766 333 1830 aribus
355 1764 471 1830 haberi
494 1785 589 1850 posse
613 1763 717 1844 illum,
742 1783 841 1848 quem
864 1762 991 1827 Auctor
1013 1760 1371 1846 Philosophoumenon

242 1886 261 1927 a
284 1884 320 1928 se
337 1862 410 1948 jam
433 1863 592 1948 scriptum
616 1870 860 1942 commemorat,
886 1861 980 1924 multi
1003 1859 1094 1924 haud
1116 1858 1216 1924 facile
1241 1861 1369 1926 admit·

241 1969 325 2042 tent3
350 1982 411 2024 nec
439 1959 590 2024 sufficere
622 1958 778 2024 videntur
811 1979 896 2044 quae
927 1959 1117 2022 notavimus
1149 1958 1302 2041 vestigia
1337 1962 1372 2024 in

242 2057 334 2122 libris
366 2056 580 2138 Tertulliani,
613 2065 651 2120 ut
683 2058 746 2141 ipsi
778 2054 1011 2120 adscribantur
1042 2055 1108 2120 alia
1141 2077 1244 2140 opera
1280 2079 1373 2142 quae

243 2155 305 2219 sibi
320 2154 446 2220 Auctor
454 2152 800 2240 Philosophoumonon
814 2152 976 2218 attribuit.
1000 2191 1042 2200 -
1065 2153 1106 2217 4⁰
1131 2153 1248 2218 Minus
1262 2157 1372 2220 etiam

243 2253 417 2333 convenit,
451 2251 653 2316 Tertulliano
687 2250 874 2316 adscribere
907 2249 998 2315 illam
1020 2251 1269 2316 accusationem
1297 2275 1371 2318 con-

234 2351 347 2436 fusam
371 2349 412 2413 de
436 2348 618 2435 Zephyrini
643 2359 676 2413 et
700 2348 827 2414 Callisti
852 2347 1025 2430 erroribus,
1050 2371 1089 2413 ac
1112 2348 1290 2413 docuinae
1316 2373 1371 2413 ox·

243 2448 438 2532 positionem
470 2469 554 2533 quae
592 2449 627 2512 in
668 2467 766 2532 opere
798 2445 1143 2532 Philosophoumenon
1179 2447 1370 2510 invenitur.

243 2546 308 2608 Vix
332 2547 422 2609 enim
445 2548 570 2611 censeri
594 2554 710 2632 potest,
726 2544 905 2610 Auctorem
918 2543 1017 2612 ⁴huno
1041 2543 1149 2630 quoad
1173 2543 1370 2610 doctrinam

243 2643 284 2708 de
308 2643 469 2708 Trinitate
492 2643 705 2710 ditheismum
733 2644 813 2708 satis
836 2643 995 2724 evitasse;
1028 2639 1224 2706 Tertulliani
1249 2651 1371 2706 autem

243 2739 438 2805 orthodoxia
461 2744 496 2806 in
519 2741 655 2827 reliquis
679 2740 832 2827 operibus
847 2739 911 2804 hac
934 2741 969 2804 in
993 2761 1028 2804 re
1050 2739 1222 2825 hucusque
1247 2761 1269 2802 a
1293 2763 1372 2824 gra·

243 2839 388 2902 vissimis
411 2838 570 2923 theologis
594 2837 766 2903 vindicata
788 2838 860 2904 fuit.

332 2936 424 2999 Haeo
447 2946 642 3020 argumenta
674 2936 804 3001 obstare
836 2934 1009 3016 videntur,
1035 2936 1209 3020 quominus
1234 2933 1372 2998 Tertul-

243 3033 330 3096 liano
355 3055 436 3120 opus
460 3034 804 3121 Philosophoumeuon
823 3031 998 3098 tribuatur.
1022 3032 1123 3097 Haud
1146 3031 1224 3096 talia
1250 3041 1370 3098 tamen

243 3140 329 3211 suut,
362 3141 399 3196 ut
430 3141 603 3218 propterea
635 3131 718 3196 haec
750 3132 913 3196 sententia
946 3132 1055 3194 evicta
1088 3129 1212 3194 censeri
1238 3131 1373 3214 possit3

243 3230 304 3294 etsi
328 3251 394 3293 non
419 3239 552 3312 aemam,
571 3228 771 3318 probabilem
793 3237 905 3292 tamen
929 3249 1002 3292 eam
1027 3249 1207 3292 censemus.

332 3327 385 3392 95.
409 3326 669 3392 Novatian
684 3350 706 3390 u
721 3347 755 3390 m
802 3347 872 3390 esse
914 3335 1082 3390 auctorem
1122 3323 1373 3409 Philosophou·

105 3415 128 3442 ”⁸
141 3415 154 3442 ⁵
203 3414 221 3445 ¹¹
244 3446 364 3490 menon
396 3427 619 3511 propugnavit
656 3424 783 3490 erudito
818 3421 1063 3488 Commentario
1101 3423 1140 3488 T.
1173 3420 1372 3488 Armellini.

243 3523 296 3587 De
318 3522 506 3588 Novatiano
539 3521 622 3588 haec
653 3521 818 3587 habentur
849 3521 939 3607 apud
962 3520 996 3587 S.
1020 3521 1266 3605 Hieronymum
1291 3520 1372 3586 Cat.

244 3621 363 3706 Soript.
379 3642 406 3684 c.
424 3620 484 3684 70:
511 3621 715 3687 Nouatiaaus
730 3621 894 3684 Romame
917 3618 1004 3683 urbia
1022 3618 1187 3705 presbyter
1210 3617 1374 3682 adcerm

247 3715 425 3782 Cornelium
448 3717 491 3804 (a.
503 3715 582 3803 251)
605 3717 785 3784 cathedram
803 3716 1029 3782 sacerdotalem
1047 3725 1177 3781 coaeum
1199 3715 1373 3793 inuadere,

245 3816 498 3880 Nouatiaaorum
530 3815 614 3902 qaod
643 3837 751 3902 praeca
784 3815 902 3878 dicitaa·
933 3811 1086 3898 audriaca
1112 3813 1226 3899 doymo
1249 3815 1372 3876 comti-

244 3915 313 3992 tuit,
346 3912 456 3978 auleas
489 3923 654 3998 apostatas
686 3915 841 3997 mamere
867 3913 1075 3998 poenitantes.
1122 3911 1229 4000 Hujus
1253 3921 1374 3974 arcator

246 4013 390 4075 Nobatae
417 4007 572 4096 Cypriani
581 4009 747 4096 presbyter
757 4009 837 4095 fida
886 4007 1021 4094 Scripsit
1045 4020 1148 4074 autem
1170 4008 1209 4072 da
1229 4008 1370 4086 Pescla,

243 4109 281 4171 cle
305 4107 454 4186 Sabbata,
488 4108 527 4171 da
558 4105 817 4186 Circumciaioae,
850 4107 888 4170 de
921 4103 1108 4184 Sacerdote,
1133 4105 1171 4170 de
1199 4105 1370 4180 Oratione,

243 4205 281 4268 de
309 4201 394 4270 Cibis
416 4205 576 4286 Jadaicis,
609 4204 647 4267 da
679 4204 854 4284 Iactantia,
886 4205 924 4270 de
947 4203 1069 4282 Attalo,
1102 4203 1260 4290 multaque
1284 4203 1370 4282 alio,
