2876 4814
424 491 597 546 Matrimonia
615 491 776 559 inaequalia
1135 494 1186 546 199

77 655 176 698 servm
207 645 241 698 et
272 632 406 718 liberos,
430 635 487 700 sed
511 636 627 701 eadem
659 636 845 702 habebatur
873 644 909 699 ut
932 635 1185 702 contubernium

77 732 121 796 rel
150 731 413 817 concubinatus,
451 735 521 798 sina
558 735 731 799 effectibus
762 735 923 800 'civilibus
961 743 993 798 et
1019 734 1184 820 juridicis.

78 831 174 917 Atque
205 831 293 896 hacc
327 834 405 898 unio
430 855 489 920 per
516 831 624 918 legem
648 833 670 900 J
673 832 775 898 uliam
805 842 837 896 et
859 832 999 918 Papiam
1023 854 1088 918 qna
1111 831 1185 896 talis

77 929 337 1018 r'ancubinatus)
351 931 612 1018 permittebatur.
628 970 671 978 -
687 932 726 996 2⁰
744 931 918 998 Senatores
932 952 1111 1016 eorumque
1125 929 1184 994 filii

76 1026 204 1094 otiliae
228 1031 334 1094 etiarn
358 1051 434 1094 cum
465 1027 593 1094 libertis
624 1039 657 1094 et
688 1030 837 1116 personia
869 1028 1049 1094 infamibus
1077 1031 1185 1093 matri-

77 1128 198 1190 ιιοιιίιιιη
219 1127 404 1218 juridicum
436 1129 520 1192 inire
553 1128 745 1215 nequibant
793 1125 991 1214 Conjunctio
1015 1149 1091 1191 cum
1115 1126 1185 1191 tali·

76 1221 127 1288 bus
147 1227 274 1312 pariter
297 1223 485 1290 habebatur
508 1235 544 1290 ut
558 1226 797 1292 concubinatus
820 1224 892 1310 lege
915 1228 1103 1312 permissus,
1127 1225 1184 1290 scd

76 1324 152 1386 «imni
184 1325 311 1388 effectu
338 1324 484 1410 juridico
516 1326 642 1410 privas.
689 1325 767 1388 Filii
799 1347 842 1388 ex
871 1324 993 1389 talibus
1022 1325 1185 1410 conjugiis

76 1422 126 1486 orti
147 1430 244 1486 erant
265 1421 419 1507 legaliter
442 1423 557 1508 spurii,
573 1432 605 1486 et
620 1422 845 1509 sequebantur
867 1422 1090 1488 conditionem
1114 1444 1184 1508 par·

76 1521 109 1582 tis
129 1519 349 1604 ignobilioris.
372 1519 414 1586 Id
435 1530 549 1586 umen
565 1541 632 1586 non
649 1520 861 1608 impediebat,
885 1522 1062 1608 quominus
1085 1520 1184 1584 etiam

76 1637 198 1683 munera
212 1617 364 1705 publica,
379 1640 412 1684 v.
435 1641 467 1704 g.
492 1619 725 1701 decurionum,
750 1618 945 1684 obtinerent.
961 1657 1004 1666 -
1017 1619 1056 1682 3⁰
1078 1617 1184 1682 Filiae

76 1713 118 1778 vel
147 1716 271 1781 viduae
300 1727 489 1782 senatorum
522 1717 707 1802 legitimum
739 1741 779 1782 ac
810 1716 915 1802 legale
938 1717 1183 1781 matrimonium

76 1812 195 1896 quidam
228 1816 319 1880 inire
353 1825 506 1902 poterant
538 1837 613 1880 cum
636 1815 749 1880 liberis
777 1816 941 1880 inferioris
976 1814 1184 1890 conditionis,
1268 1833 1269 1836 ¹

75 1911 123 1974 sed
143 1935 180 1977 ec
204 1935 288 1978 casu
321 1913 505 2000 perdebant
535 1914 730 1998 dignitatem
758 1935 853 1978 suam
876 1913 1070 1978 clarissimae
1093 1910 1185 1973 femi-

76 2031 127 2073 nae
149 2010 200 2076 rel
223 2011 369 2098 puellae,
402 2021 436 2076 et
458 2011 705 2078 descendebant
737 2011 780 2076 ad
813 2011 1003 2076 inferiorem
1027 2008 1185 2074 conditio-

77 2127 149 2171 nem.
171 2146 214 2156 -
238 2111 283 2174 4⁰
311 2110 341 2174 Ε
365 2119 489 2192 contra,
514 2112 540 2174 si
571 2109 733 2196 ejusmodi
761 2109 884 2174 viduae
908 2107 962 2172 vel
984 2107 1071 2172 tiliae
1094 2128 1185 2170 sena-

79 2207 168 2270 toriae
189 2208 454 2274 contubernium
478 2231 536 2273 scu
569 2208 762 2295 conjugium
791 2207 1032 2272 concubinatus
1056 2205 1186 2270 inibant

79 2323 142 2366 cum
170 2303 294 2370 liberto
326 2306 381 2371 vel
404 2329 509 2389 servo,
542 2305 625 2372 illud
645 2306 783 2392 quidem
806 2326 849 2369 ex
877 2304 1006 2390 legibus
1028 2304 1186 2368 Romanis

80 2410 109 2462 ut
128 2404 376 2470 matrimonium
409 2403 536 2470 nullum
566 2401 761 2469 habebatur.
808 2402 965 2468 Attamen
997 2401 1072 2467 talis
1096 2403 1184 2484 unio,

81 2500 260 2566 naturaliter
285 2501 399 2567 valida
422 2501 480 2566 scd
513 2503 603 2567 omni
635 2501 731 2586 legali
764 2502 884 2566 effectu
907 2501 1013 2586 priva,
1038 2521 1104 2564 non
1127 2500 1185 2562 inr-

81 2595 282 2684 pediebatur3
308 2602 373 2666 imo
396 2621 489 2665 suam
506 2599 702 2685 dignitatem
726 2600 921 2666 clarissimae
944 2598 1019 2663 illae
1042 2599 1185 2662 feminae

80 2691 127 2756 tali
147 2696 180 2761 in
203 2719 287 2764 casn
311 2697 562 2781 conservabant,
595 2719 658 2763 nec
689 2719 803 2762 mmm
831 2698 920 2762 fama
943 2694 1021 2760 inda
1045 2693 1184 2760 multum

80 2787 270 2861 laedebatur.

155 2892 207 2958 35.
230 2891 364 2958 Diebus
393 2891 519 2958 Callisti
550 2892 672 2958 multae
695 2903 789 2960 erant
814 2894 958 2959 feminae
986 2891 1183 2956 christianae

82 2985 192 3056 nobiles
221 3001 256 3056 et
281 2993 457 3078 innuptae,
482 3012 661 3078 earumque
693 2990 860 3058 connubia
883 3012 1021 3076 magnas
1044 2987 1184 3054 difficul-

82 3097 152 3152 tates
173 3089 334 3156 creabant
356 3089 526 3156 Ecclesiae
549 3092 754 3176 praapositia.
775 3089 864 3155 Illud
885 3089 1032 3176 profecto
1056 3109 1186 3174 semper

82 3180 134 3247 fuit
153 3185 324 3252 Ecclesiae
346 3198 479 3269 votum,
510 3197 547 3252 ut
570 3187 714 3253 feminae
737 3187 936 3252 christianae
959 3196 1088 3252 tantum
1112 3189 1183 3251 viro

83 3281 230 3352 nuberent
253 3287 450 3368 christian03
483 3309 523 3351 ac
545 3285 670 3351 Musae
693 3307 759 3350 non
787 3285 921 3350 videtur
944 3286 1107 3349 exstitisse
1130 3284 1184 3350 ille

82 3377 200 3466 abusus,
224 3395 263 3449 nt
286 3385 386 3450 etiam
417 3383 596 3470 gentilibus
620 3383 799 3468 nuberent,
824 3405 918 3448 secus
941 3385 1030 3448 enim
1053 3382 1089 3446 id
1113 3379 1184 3448 cal-

83 3475 145 3544 listo
175 3481 406 3570 exprobrasset
428 3481 565 3548 Auctor.
620 3481 777 3548 Jamverc
815 3481 997 3548 identidem
1034 3480 1184 3546 accidere

84 3580 185 3662 potnit,
207 3590 247 3645 ut
268 3579 464 3645 clamamus
495 3580 638 3646 feminae
662 3601 729 3646 non
757 3581 946 3646 invenirent
968 3581 1078 3644 virum
1102 3578 1185 3644 cbri-

83 3677 212 3743 stiannm
243 3679 462 3744 durissimam.
508 3678 588 3745 Sine
612 3677 712 3742 dnbio
743 3699 901 3743 numerus
924 3679 1070 3742 virorum
1094 3675 1185 3742 nobi-

84 3770 154 3840 lium
175 3775 427 3842 cbristianorum
460 3777 568 3840 minor
590 3785 676 3860 erat,
701 3798 800 3863 quam
824 3775 1009 3858 mulierum,
1034 3797 1071 3840 eo
1096 3776 1185 3862 quod

86 3873 139 3937 viri
169 3875 377 3960 passionibus
409 3875 514 3961 magis
546 3874 772 3940 detinerentur
803 3874 953 3960 religioni
987 3871 1185 3938 christianae

87 3989 192 4038 noman
224 3973 319 4058 dare,
352 3973 406 4038 vel
438 3972 527 4060 qnod
558 3971 761 4060 baptismum
785 3973 965 4038 differrent.
1010 3971 1086 4036 Non
1110 3992 1185 4036 con·

87 4067 237 4154 veniebat,
260 4081 298 4136 nt
319 4071 520 4139 clarissimae
544 4069 623 4138 illae
650 4070 794 4138 feminae
817 4068 921 4136 nobili
944 4068 1061 4154 gentili
1083 4067 1185 4136 nube

88 4175 166 4248 rent,
187 4169 214 4233 si
236 4189 315 4234 vera
337 4169 441 4235 libero
465 4167 653 4254 ignobiliori
671 4167 850 4235 christiano
874 4166 1054 4253 nubebant,
1079 4167 1184 4255 digni-

88 4268 175 4329 tatem
196 4287 288 4332 suam
310 4267 515 4352 amittebant,
530 4266 620 4357 quod
636 4265 818 4334 identidem
842 4266 1054 4334 durissimum
1077 4267 1184 4334 videri
