2876 4814
423 459 466 514 Au
484 455 668 514 Tertullianm
687 462 788 514 auowr.
1113 458 1165 512 tul

74 605 201 668 lloum'
218 626 332 668 acmen
368 603 559 670 Tertulliani
589 603 749 668 uideretur
780 601 955 680 occludere,
971 601 1066 688 fudit
1088 625 1110 666 a
1132 624 1165 666 se

73 725 169 766 ouaem
185 703 338 788 Ihsypa'oe
359 703 531 766 uanitatem
553 712 583 765 et
610 700 921 768 Tertulliaaistorum
951 697 1165 764 matusala

69 802 254 886 propeque&
277 799 362 864 suit
384 811 487 864 tamea
518 801 554 864 iu
571 799 637 883 fide
659 800 800 864 mutavit.
849 798 937 864 Nam
959 807 989 862 et
1012 795 1165 860 aemmdce

73 899 179 982 nuptias
200 897 395 976 madenam
427 908 463 961 at
493 896 643 975 dicimus,
676 899 815 960 ocimum
846 917 887 959 eoe
911 894 1038 958 hodoco
1059 896 1165 958 cosdra

72 997 165 1060 aaut
185 1007 215 1059 et
236 1017 295 1059 aas
317 993 485 1060 catholicos
502 995 666 1081 psychicos
689 994 839 1079 usstass)

141 1093 189 1158 89.
213 1091 267 1158 Ex
298 1092 390 1158 bisce
420 1090 621 1176 colligimus,
658 1092 816 1178 adjuncta
849 1093 939 1156 vitae
967 1088 1164 1154 Tertulliani

72 1188 132 1252 talia
157 1213 241 1271 esse,
267 1201 306 1254 ut
328 1201 444 1254 auctor
466 1189 542 1256 libri
566 1187 911 1274 Philosopboumenon
935 1187 987 1250 his
1010 1187 1164 1273 spectatis

73 1287 125 1370 ipse
144 1311 210 1352 esse
232 1291 389 1374 potuerit.
422 1289 498 1354 Non
521 1297 650 1352 constat
669 1289 756 1352 inter
778 1287 932 1369 eruditos,
956 1296 1067 1350 utrum
1087 1284 1164 1349 Ter-

72 1385 203 1450 tullianus
216 1386 406 1472 adscriptus
428 1385 528 1450 fuerit
551 1384 637 1450 clerc
658 1383 922 1470 Carthaginensi,
947 1407 990 1448 an
1004 1383 1163 1449 Romano.

74 1481 192 1548 ludere
201 1483 353 1550 Romano
370 1486 479 1570 ipsum
494 1483 605 1564 fuisse,
620 1482 791 1568 probabile
807 1492 913 1548 estex
930 1485 971 1546 iis
985 1503 1071 1568 quae
1084 1481 1165 1546 dicit

71 1581 95 1644 S.
105 1581 327 1666 Hieronymus,
343 1593 376 1646 et
386 1581 569 1667 complures
584 1582 785 1664 existimant,
796 1603 871 1644 eum
882 1603 902 1644 a
917 1579 1120 1665 temporibus
1130 1577 1163 1644 S.

72 1677 191 1744 Victoris
213 1701 320 1766 usque
341 1679 521 1766 adprimus
535 1699 639 1744 annos
654 1678 687 1744 S.
702 1678 883 1764 Zephyrini
907 1678 1031 1742 Romae
1053 1677 1164 1742 fuisse.

71 1775 97 1838 Si
117 1799 175 1842 nou
195 1787 389 1843 constanter
411 1777 459 1842 ibi
478 1777 629 1861 degebat,
645 1775 760 1840 saltem
783 1777 925 1862 supponi
949 1784 1064 1860 potest,
1089 1795 1165 1838 eum

71 1873 236 1960 hequem&
263 1879 301 1940 in
326 1875 407 1940 urbe
431 1885 597 1940 versatum
620 1875 731 1939 fuisse.
780 1871 952 1953 Quaedam
976 1873 1100 1938 indicia
1130 1873 1164 1936 in

71 1973 202 2055 operibus
228 1972 429 2040 Tertulliani
466 1975 574 2060 ipsum
601 1973 725 2038 Romae
755 1973 856 2036 fuisse
892 1993 1008 2036 revera
1036 1971 1164 2035 innunt.

71 2067 110 2132 lta
136 2072 185 2136 Ad
214 2073 377 2136 Nationes
408 2071 447 2136 L.
483 2073 512 2136 1.
545 2093 573 2136 c.
610 2071 650 2136 16
682 2072 883 2136 mentionem
914 2069 995 2134 facit
1025 2067 1165 2152 alicujus

71 2171 187 2234 monis
213 2168 408 2256 judicialis,
442 2191 526 2256 quae
564 2179 711 2256 tempore
750 2167 976 2253 praefecturae
1007 2167 1165 2232 Flauiani

73 2263 173 2332 Romae
193 2277 289 2352 gesta
314 2277 379 2349 est3
415 2268 605 2354 Praesfflpt.
636 2289 664 2333 c.
689 2267 732 2332 30
755 2275 908 2331 accurate
932 2265 1058 2330 indicat
1081 2286 1166 2330 sum-

73 2383 277 2452 numquam
303 2366 453 2430 hlarcion
476 2365 600 2429 Romae
629 2364 784 2430 intulerat
806 2363 982 2447 ecclesiae3
1013 2363 1166 2450 Apolope·

73 2462 146 2524 trum
173 2463 215 2529 ad
248 2463 411 2530 Senatum
447 2463 633 2528 Romanum
663 2464 821 2548 scriptum
851 2461 1000 2544 videtur,
1031 2470 1064 2526 et
1086 2461 1165 2526 dum

71 2555 208 2625 Puxeam
240 2561 370 2626 Romae
402 2561 592 2624 convictum
624 2560 706 2624 dicit
738 2583 800 2646 per
828 2583 916 2646 quem
938 2561 1026 2624 Deus
1056 2560 1165 2638 voluit,

71 2655 261 2736 probabiliter
294 2681 330 2724 se
359 2659 468 2745 ipsum
501 2657 636 2730 indicat.
681 2659 794 2722 Potuit
816 2659 917 2742 igitur
939 2679 1015 2722 oum
1038 2656 1166 2743 Zephy-

71 2753 241 2842 sinuatque
273 2755 410 2822 Callisto
440 2755 513 2822 illas
542 2755 724 2820 simultates
753 2755 885 2838 habere,
916 2757 1055 2841 quasin
1079 2775 1165 2820 nono

71 2848 396 2940 Philosophoumeuon
425 2853 508 2920 libro
533 2853 659 2918 Auctor
688 2853 854 2920 describit.
900 2854 1024 2918 Versus
1047 2876 1076 2919 a.
1101 2853 1166 2918 205

71 2945 206 3018 defecisse
229 2951 390 3033 creditur,
414 2975 453 3016 ac
477 2951 555 3016 dein
588 2954 719 3038 scripsit
740 2973 840 3037 opera
862 2973 922 3016 sua
945 2953 1166 3018 Montanismc

72 3051 267 3138 conspersa.⁸)
292 3050 360 3118 Sed
376 3069 490 3114 versus
505 3050 604 3114 finem
620 3053 708 3114 vitae
722 3071 801 3114 suae
816 3051 1033 3114 Montanistas
1047 3051 1166 3114 iterum

70 3141 190 3231 reliquit,
205 3149 303 3235 judis
327 3173 348 3212 a
371 3171 402 3212 re
435 3171 553 3212 omnem
584 3149 723 3236 Phrypia
753 3151 935 3226 vanitatem,
960 3155 993 3212 et
1015 3150 1167 3235 propriae

70 3253 159 3308 mue
180 3247 335 3332 praefuit.
373 3245 463 3310 Huic
486 3245 600 3310 ultimo
624 3246 730 3312 stadio
754 3249 843 3311 vitae
866 3245 1061 3312 Tertulliani
1085 3269 1167 3332 opus

125 3418 259 3429 ---.-

131 3513 149 3576 Ι)
166 3509 389 3568 Praedatinatns
399 3511 420 3566 L
431 3528 467 3565 cc.
477 3513 520 3566 26.
528 3514 570 3566 86.
585 3543 617 3552 -
630 3510 704 3579 Quas
714 3517 807 3566 auctor
815 3512 859 3568 hic
870 3513 937 3568 dicit
949 3513 981 3568 de
993 3517 1086 3570 sotere
1097 3513 1167 3570 Pou-

70 3586 135 3654 ΠΜ
152 3607 250 3660 mgna
269 3609 304 3647 ex
322 3597 400 3660 parte
418 3609 452 3646 ex
470 3591 584 3646 historia
602 3593 636 3645 ad
654 3591 834 3661 zephyrinum
852 3592 993 3648 referenda
1011 3601 1083 3651 sunt.

129 3671 147 3740 ¹)
165 3671 221 3738 Quo
239 3689 313 3726 anne
340 3671 526 3727 Tertullianus
554 3672 588 3725 ad
606 3671 787 3726 Monunistas
811 3673 963 3740 desciverit,
982 3675 1054 3729 haud
1073 3691 1167 3732 couve-

70 3745 134 3802 uiuut
151 3761 287 3819 anuum
312 3753 360 3806 alii
383 3767 453 3806 anno
478 3753 531 3806 200
554 3751 598 3807 vel
621 3752 703 3806 etiam
721 3753 804 3820 prius,
828 3753 875 3808 alii
894 3769 965 3808 anno
983 3757 1036 3810 202
1054 3769 1115 3810 eum
1133 3755 1167 3810 ab

71 3825 174 3884 beluas
201 3832 334 3888 defecisse
364 3832 467 3900 opinati
487 3837 559 3888 sont.
595 3831 646 3886 Sed
675 3833 828 3901 nuperrime
846 3835 893 3890 Dr.
913 3835 1037 3902 Kellner,
1065 3836 1108 3892 vir
1138 3837 1167 3892 iu

71 3907 161 3974 scriptis
178 3920 206 3964 et
225 3912 315 3981 gestis
332 3910 495 3966 Tertulliani
518 3927 582 3980 prae
604 3912 719 3968 metetis
742 3919 874 3978 venatus,
893 3914 921 3970 in
940 3917 1047 3972 erudita
1065 3917 1167 3972 Disser-

71 3985 166 4054 taticne,
193 3991 395 4062 ,Orgsnischer
419 3991 652 4060 Znsammenhang
679 3992 734 4046 und
762 3993 940 4062 Chronologie
967 3995 1015 4050 der
1032 3997 1167 4052 Schriften

71 4063 250 4138 lessuade,
280 4071 393 4141 probare
420 4073 495 4126 nisus
523 4077 572 4138 est,
600 4072 776 4126 delectionem
803 4073 873 4128 hanc
891 4091 961 4130 auno
981 4078 1034 4130 205
1053 4077 1096 4132 sel
1115 4080 1167 4132 206

72 4146 188 4206 *midine
225 4153 277 4206 Cui
296 4151 450 4208 sententiae
468 4157 527 4207 tum
545 4153 578 4207 ob
591 4159 753 4222 argumenta
765 4153 799 4208 ab
818 4160 927 4210 auctore
946 4157 1038 4222 allata,
1057 4163 1116 4214 tum
1134 4159 1167 4213 ob

71 4225 127 4282 alin
143 4233 269 4298 masuam
287 4234 407 4288 rationes
426 4233 631 4302 adstipulamur.
649 4234 683 4290 V.
702 4233 833 4288 Katholik
857 4239 930 4302 1879,
942 4237 974 4292 B.
988 4239 1024 4295 11.
1044 4239 1125 4296 &564
1138 4239 1166 4297 ff.
