2924 4818
578 475 619 530 Ds
637 489 717 544 opsrs
735 472 1019 544 Pbdoscphouusnon.

780 649 815 713 1.

359 818 564 882 Nar-rosto
587 816 781 882 suam
804 817 1234 898 Pnuosepnmmmon

310 953 360 1015 de
382 949 614 1032 zephyrum
637 954 676 1010 et
698 947 867 1014 Callisto
893 949 986 1015 ΕΒ.
1011 949 1290 1031 Pontificibus.

191 1152 215 1180 2.
329 1109 361 1173 4.
386 1108 431 1172 Ut
463 1127 572 1170 rerum
606 1127 693 1170 nexu
731 1107 896 1191 proposito
934 1110 1121 1172 accuratius
1163 1129 1248 1192 quse
1273 1112 1364 1172 scitu

132 1213 182 1242 ⁰⁸⁸·
241 1215 352 1272 nostru
374 1208 410 1269 in
432 1227 467 1269 re
491 1203 585 1268 utilis
618 1213 693 1267 sunt
717 1213 970 1286 cognoscantur,
996 1203 1078 1268 hese
1101 1203 1143 1268 dc
1166 1215 1234 1268 tots
1259 1217 1364 1270 rnste·

241 1307 290 1368 ris
306 1300 765 1389 operisPhilosophoumenon
785 1301 1075 1366 commemorande
1090 1305 1240 1366 veniunt.
1270 1303 1363 1369 Illud

241 1402 404 1487 imprimis
437 1400 499 1464 sibi
533 1401 643 1463 snimo
677 1400 846 1484 proposuit
878 1402 980 1463 nostri
1013 1401 1121 1485 operis
1153 1411 1287 1484 ructor,
1327 1413 1365 1466 ut

242 1498 406 1584 prioribus
429 1496 522 1560 libris
546 1505 695 1581 quatuor,
720 1492 923 1559 Graecorum
944 1496 1231 1583 Barbarorumque
1255 1497 1364 1584 philo

242 1595 419 1682 sophorum
443 1593 564 1680 placita
579 1603 766 1679 exponeret,
783 1605 964 1658 sexantem
989 1595 1222 1680 posterioribus
1245 1595 1363 1661 hsero

242 1691 387 1759 sisrcbcs
416 1701 580 1776 argueret,
605 1711 623 1754 e
646 1689 850 1754 Graecorum
873 1689 1143 1776 philosophorum
1172 1701 1230 1756 sut
1253 1695 1376 1770 oriem

241 1790 357 1856 talium
391 1799 553 1854 sectorum
586 1787 733 1852 fontibus
765 1810 824 1851 sus
857 1788 1107 1874 deprompsisse.
1154 1790 1253 1854 Initio
1281 1791 1362 1856 libri

242 1889 349 1975 quinti
373 1889 499 1952 Auctor
528 1887 710 1972 perspicuis
740 1885 850 1949 verbis
878 1884 1009 1949 scribit:
1049 1887 1198 1952 Arbitror
1221 1891 1364 1954 omnium

237 1987 494 2073 pbilosophorum
532 1984 618 2069 apud
652 1981 791 2046 Graeem
829 1993 858 2045 et
884 1982 1046 2047 Barbaros
1083 1986 1120 2047 ds
1145 1985 1212 2048 Deo
1252 1997 1284 2050 et
1324 1988 1364 2051 de

242 2085 352 2148 mundi
374 2084 530 2147 creatione
549 2081 675 2167 placita
699 2079 935 2166 dilipentissime
969 2083 1113 2166 suposita
1137 2107 1201 2147 esse
1225 2085 1261 2146 ia
1284 2109 1363 2169 qim·

243 2195 314 2246 tuor
336 2181 428 2245 libris
451 2178 672 2266 superioribus,
697 2200 801 2240 sorum
817 2179 911 2240 etiarn
929 2180 1115 2266 praestipiis
1137 2203 1201 2242 non
1224 2183 1362 2262 omissis,

242 2281 396 2366 multoque
421 2277 526 2340 lahore
551 2286 701 2360 suscepto,
725 2286 760 2338 ut
784 2274 897 2338 multos
923 2277 1106 2338 cohortarer
1128 2279 1172 2340 ad
1195 2279 1363 2345 doctrinas
1453 2353 1454 2360 ἵ

243 2401 379 2442 amorem
415 2385 445 2438 st
481 2373 525 2437 ad
562 2383 677 2436 eertum
709 2373 914 2458 copritionem
949 2375 1093 2438 ueritatis
1125 2377 1362 2460 acquirendam.

242 2477 321 2541 Jam
343 2476 440 2560 ipitur
473 2471 516 2534 ad
547 2471 706 2532 haeresum
737 2470 961 2554 refutationem
988 2472 1232 2556 procedendum,
1268 2497 1364 2559 msam

240 2583 372 2661 propter
404 2571 550 2655 suposita
582 2579 654 2630 sunt
686 2569 792 2630 omnia
823 2591 901 2652 quae
934 2590 1032 2653 mspra
1062 2568 1099 2632 de
1118 2569 1321 2656 philosophis
1345 2596 1364 2634 u

242 2671 332 2736 nobis
355 2670 442 2732 dicta
466 2677 553 2744 nunt·
577 2689 592 2726 e
615 2664 725 2750 quibus
748 2687 841 2749 quum
864 2665 1029 2728 duxissent
1053 2666 1203 2750 oripinem
1226 2669 1364 2733 haeresi·

243 2769 365 2842 arelius,
390 2764 719 2828 oeteramentariomsm
746 2763 858 2840 instar,
879 2764 1055 2846 priscorum
1079 2785 1198 2828 errores
1222 2767 1268 2829 ad
1293 2788 1366 2830 suos

243 2873 472 2938 conseruerunt,
497 2882 606 2944 sosque
631 2870 779 2943 tanquam
798 2882 911 2922 nosram.
933 2861 1109 2922 doctrinam
1126 2872 1366 2947 proposuerunt

242 2961 416 3026 hominibus
451 2960 506 3045 qui
528 2957 638 3020 deludi
654 2967 799 3041 possum,
816 2969 851 3020 ut
869 2959 904 3018 in
928 2957 1124 3041 sequentihus
1147 2958 1239 3022 libris
1263 2972 1353 3023 osten

244 3061 358 3124 mauis.
406 3057 505 3121 Initio
539 3076 616 3117 vero
649 3052 725 3117 libri
760 3053 879 3118 decimi
905 3073 969 3138 quo
993 3054 1221 3139 recapitulatio
1247 3077 1364 3120 eornm

244 3179 328 3243 quac
350 3155 506 3219 tractavit
529 3153 724 3231 continetur,
749 3153 813 3214 sit:
839 3151 1030 3236 Ambapihus
1052 3151 1212 3214 haersmrn
1244 3175 1313 3218 non
1336 3154 1366 3218 ei

244 3255 382 3340 diruptis
406 3251 460 3316 ssd
476 3251 545 3315 sola
560 3249 752 3334 refistations
774 3259 803 3310 et
823 3249 966 3312 ueritatis
981 3251 1097 3312 virtuts
1119 3247 1241 3320 solutis,
1268 3251 1365 3314 adec-

244 3375 311 3416 mus
334 3352 378 3416 ad
401 3348 544 3412 ueritatis
567 3348 668 3431 ipsius
691 3346 994 3409 demonstrationem.
1030 3345 1116 3409 Tune
1139 3348 1221 3409 enim
1245 3350 1366 3412 erroris
1452 3357 1453 3409 l

244 3449 417 3532 artificiosa
441 3446 633 3531 sophismata
655 3443 842 3506 videbuntur
869 3467 932 3507 non
955 3445 1121 3507 consistere
1140 3467 1246 3530 posse,
1272 3467 1367 3530 quum

245 3541 612 3627 denwnsnatumfuerit,
629 3541 920 3627 ueritatisrspulam
930 3565 993 3604 non
1003 3563 1043 3603 en
1058 3539 1251 3606 Graecorum
1260 3543 1365 3629 philo·

245 3645 355 3730 sophia
365 3652 519 3717 exortam,
533 3663 589 3702 nee
602 3660 687 3700 iruna
700 3637 798 3700 veluti
812 3637 991 3723 ineffabilia
1006 3649 1180 3702 mutrsatum
1194 3641 1365 3727 Aepyptio-

244 3763 313 3804 rran
327 3740 484 3824 depacta,
495 3759 574 3821 quae
588 3737 671 3798 inter
685 3757 736 3798 sos
756 3735 854 3820 dipsa
860 3735 928 3818 fide
945 3746 974 3798 st
988 3735 1184 3800 venerabilia
1199 3737 1366 3814 habentur,

246 3861 300 3903 nec
323 3836 472 3900 inanibus
499 3829 689 3896 Chaldaicos
717 3834 910 3895 curiositatis
924 3832 1085 3917 fiqmentis
1107 3833 1286 3920 conflatam,
1311 3857 1368 3897 nec

241 3937 378 4021 pervim
394 3933 579 3996 daemonum
593 3929 718 3993 insanis
733 3929 979 4015 Babyloniorum
986 3929 1157 4014 furoribus
1172 3942 1365 4016 corruptam.

247 4031 399 4111 Qustnor
430 4029 485 4092 bic
518 4037 595 4090 sunt
627 4035 739 4089 notste
763 4025 803 4089 dc
827 4027 948 4112 quibus
971 4025 1130 4090 disserere
1154 4037 1272 4090 suctor
1294 4051 1366 4113 pro-

246 4138 417 4215 posuerst3
441 4125 644 4192 Graecorum
667 4120 890 4209 philosophis3
914 4123 1038 4208 placita
1060 4123 1305 4209 Aegyptiorum
1335 4135 1367 4188 et
1451 4147 1452 4224 p

246 4225 416 4310 mysteris3
442 4222 524 4287 falsu
548 4219 789 4285 Chaldaeorum
813 4221 975 4305 sepientis
1002 4229 1036 4283 et
1058 4239 1165 4284 runse
1190 4231 1295 4302 πίοις
1320 4245 1365 4286 rs·
1451 4274 1452 4296 1
