2936 4814
491 443 586 500 Teste
603 443 702 498 saeculi
722 445 805 500 tertii.
1174 451 1208 503 4⁷

108 587 221 670 jungit:
246 583 339 660 Qrsod
360 611 443 650 nureo
457 584 634 674 Stephanus
657 611 754 651 aemes
776 601 822 654 est
836 591 959 677 facere,
982 617 1130 678 mmpens
1154 593 1208 656 ad-

110 707 217 748 rerum
245 707 300 748 aas
326 707 440 770 pacem
470 707 564 770 queam
586 707 707 772 semper
734 699 943 752 antecessores
967 695 1033 780 ejas
1055 691 1210 754 nobiscum

110 803 201 844 anne
223 793 253 846 et
274 783 389 846 tancre
420 793 526 846 maneo
558 783 781 864 mendaeem,
806 787 907 850 adhuc
930 789 1024 850 etiam
1046 789 1210 875 infamans

109 879 221 942 Petrum
250 891 281 944 et
312 879 456 959 Paulam,
489 881 582 965 quasi
603 881 658 944 leae
689 883 754 968 apsi
781 884 983 948 tradiderint.
1031 885 1132 970 Atque
1156 907 1210 970 ego

109 978 138 1038 in
156 977 209 1040 iac
223 989 320 1063 parte
335 982 424 1067 jaste
451 979 601 1064 indicum
631 978 675 1042 ad
704 991 769 1044 tam
791 993 934 1066 apertam
957 991 987 1045 et
1008 981 1211 1067 manifestam

110 1072 246 1160 ἃφλαηί
267 1075 447 1154 emmaum,
471 1075 554 1161 prod
566 1078 622 1161 qut
635 1077 680 1140 sic
700 1077 739 1140 de
762 1079 961 1165 episcopatus
983 1079 1034 1142 sui
1056 1079 1123 1142 loco
1145 1078 1209 1164 qlo-

109 1173 206 1250 riatur,
229 1185 315 1237 etse
340 1175 562 1236 mwcessionem
576 1173 663 1237 Petri
687 1185 789 1238 tenere
812 1178 982 1254 contendit,
1007 1197 1210 1262 superparem

102 1268 302 1352 fundarnenta
320 1270 481 1336 Ecclesiae
504 1271 658 1336 collecata
681 1283 764 1352 sant,
786 1274 903 1338 multas
926 1275 1011 1338 alias
1027 1284 1141 1360 petras
1163 1275 1220 1336 in»

107 1368 238 1432 &odunt
268 1379 300 1432 ct
322 1369 524 1432 eeclesiarum
554 1369 725 1434 multarum
755 1394 838 1435 nova
861 1372 1008 1456 aedificia
1029 1373 1209 1452 amastituat,

107 1463 170 1528 lua
190 1488 252 1530 cese
275 1466 348 1530 illic
371 1466 529 1553 baptistae
551 1489 611 1531 suta
633 1469 821 1532 auctoritate
844 1469 989 1555 defendit
1018 1519 1025 1534 .
1051 1517 1059 1533 .
1085 1517 1091 1532 .
1118 1519 1126 1533 .
1150 1468 1209 1532 Ju-

106 1561 199 1640 laeoe,
221 1566 366 1648 quomis
388 1565 573 1650 ifflsormstia
594 1587 701 1629 caecos
715 1577 746 1630 et
766 1568 952 1652 pravissimo
966 1568 1118 1654 somnone
1141 1589 1210 1630 con·

105 1661 225 1739 seins,
257 1661 361 1726 zelum
391 1663 457 1726 Dei
486 1662 597 1726 tatere
621 1662 793 1748 Apostolus
818 1663 1006 1749 propitium
1034 1662 1211 1750 Stephanus

105 1759 152 1840 qui
173 1781 234 1843 per
265 1761 490 1824 medatem
513 1761 693 1824 cadtedram
716 1761 805 1826 Petri
835 1761 947 1826 habere
972 1785 1002 1826 se
1029 1762 1210 1848 praedicat,

105 1854 181 1918 arella
211 1857 366 1922 domm
401 1857 572 1921 melicos
607 1858 673 1920 celo
705 1862 871 1923 cecitatem.
881 1860 906 1944 ¹)
951 1859 992 1922 In
1015 1858 1067 1922 his
1089 1858 1210 1940 verbis,

105 1952 212 2036 quibus
243 1953 462 2018 Firmilianus
500 1963 593 2018 aestu
625 1954 782 2041 abreptus
814 1955 1022 2041 Stephanum
1053 1957 1210 2042 injuriose

105 2050 222 2134 impetit
253 2051 297 2116 ob
332 2052 504 2137 epistolem
537 2053 608 2137 ejus
631 2053 674 2117 ad
706 2053 740 2120 S.
765 2051 970 2138 cyprianum
999 2054 1120 2136 datam,
1145 2053 1210 2118 duo

105 2147 188 2212 uobis
220 2149 466 2214 consideranda
497 2149 692 2216 obveniunt.
737 2150 887 2236 Epistola
919 2151 1053 2236 quidem
1087 2151 1119 2217 S.
1144 2151 1212 2218 Ste-

104 2243 193 2329 phani
216 2247 261 2312 ad
283 2269 347 2312 nos
370 2269 438 2312 non
460 2249 628 2333 pervenit3
657 2248 715 2313 sed
746 2249 957 2313 manifestum
990 2258 1052 2331 est,
1077 2248 1212 2334 Stepha-

105 2363 173 2408 num
182 2345 381 2409 Pontificem
396 2367 517 2430 magna
540 2367 617 2410 cum
640 2349 835 2410 auctoritate
850 2345 1018 2432 Cypriano
1034 2349 1211 2432 scripsisse,

104 2449 132 2502 et
150 2463 314 2527 quaenam
346 2465 390 2506 ex
421 2444 558 2528 antiqua
590 2443 767 2508 traditione
791 2443 901 2530 quoad
933 2443 1115 2508 haereticos
1138 2465 1212 2508 con·

106 2557 204 2604 remos
217 2540 430 2605 observanda
453 2542 518 2604 sint
541 2543 701 2625 statuisse,
718 2553 868 2628 tartonam
891 2545 1112 2606 successionem
1126 2544 1213 2606 Petri

106 2645 245 2702 anonam
268 2663 367 2725 σιφω-
388 2661 476 2724 prtem
491 2639 708 2725 fisndameata
739 2639 901 2704 Ecclesiae
939 2639 1093 2703 collocata
1130 2651 1210 2704 sant

105 2733 206 2817 Vides,
236 2737 277 2802 B.
309 2737 399 2801 Petri
428 2737 614 2800 Romanum
645 2738 870 2822 episcopatum
900 2758 1058 2822 suamque
1088 2759 1212 2802 succes-

104 2831 219 2900 sionem
246 2857 268 2899 a
299 2833 332 2900 S.
356 2834 523 2919 Stephano
547 2834 639 2898 haud
667 2836 786 2900 minori
809 2833 1013 2920 proclamata
1034 2834 1136 2898 fuisse
1158 2835 1212 2898 ad-

104 2935 282 2996 averanus
306 2954 346 2996 ac
369 2931 574 2996 solemnitate
588 2943 625 2996 ut
637 2933 763 2996 factum
782 2931 879 3018 plane
903 2931 1088 3014 indubium,
1113 2953 1212 3016 quam

104 3025 223 3094 duobus
255 3029 398 3096 saeculis
430 3040 504 3115 post
534 3052 556 3093 a
583 3029 616 3096 S.
645 3029 757 3094 Leone
780 3031 825 3094 M.
860 3032 894 3092 in
924 3030 1119 3094 notisssimis
1142 3029 1213 3115 ejus
1279 3049 1282 3054 ·

104 3127 312 3192 sermonibus.
358 3127 434 3192 Non
457 3128 565 3213 potuit
596 3149 663 3192 non
695 3127 810 3191 videre
834 3127 1058 3208 Firmilianus‚
1091 3127 1154 3192 hac
1177 3129 1212 3190 in

104 3243 134 3284 re
155 3223 309 3290 collocari
332 3225 585 3290 fundamentum
608 3226 813 3288 auctoritatis
836 3223 1013 3308 Stephani3
1042 3247 1082 3288 ac
1104 3225 1213 3289 Ponti-

104 3319 168 3384 ficis
197 3322 303 3387 verba
335 3324 397 3408 ipsi
431 3322 521 3388 haud
552 3331 646 3406 grets
677 3322 788 3404 fuisse,
821 3323 900 3386 satis
923 3344 965 3386 ex
997 3343 1035 3386 eo
1060 3321 1212 3403 ostendit,

103 3419 185 3501 quod
214 3442 330 3486 amaro
362 3442 402 3484 ea
425 3421 544 3505 repetit
575 3421 696 3484 animo.
743 3420 778 3485 Si
803 3420 962 3505 potuisset
984 3420 1073 3484 Petri
1097 3420 1213 3484 Roma

104 3535 175 3580 num
201 3519 430 3603 episcopatum
463 3527 496 3581 et
527 3519 768 3582 successionem
792 3517 951 3602 Stephani
985 3516 1126 3581 inficiari
1160 3515 1213 3580 vel

104 3611 290 3680 indubium
314 3637 444 3698 vocare,
468 3614 531 3680 hoc
554 3617 584 3678 ei
618 3614 733 3680 suisset
765 3615 1031 3678 efficacissimum
1055 3614 1212 3696 medium,

104 3719 137 3770 ut
157 3713 225 3776 vim
247 3711 337 3776 iilius
366 3713 570 3778 auctoritatis
602 3713 806 3796 infringeret.
855 3711 966 3792 Quum
992 3733 1068 3774 vero
1093 3733 1213 3795 magna

104 3827 172 3872 cum
194 3809 376 3874 acerbitate
399 3812 510 3876 varias
533 3812 759 3874 accusationes
783 3809 997 3874 Firmilianus
1020 3810 1054 3872 in
1078 3809 1213 3893 Stepha

104 3925 176 3970 num
199 3917 366 3992 congerat,
390 3909 505 3972 merito
521 3909 737 3992 supponimus
752 3906 850 3992 quod,
875 3907 902 3968 si
921 3906 1088 3991 potuisset,
1113 3908 1213 3992 etiarn

105 4225 142 4279 a
159 4149 359 4284 &brigittam
391 4151 417 4206 S.
441 4151 594 4206 Firmiliani
618 4168 659 4220 ep.
690 4149 881 4216 Bollaudistas,
907 4151 977 4236 Acts
1006 4146 1049 4201 SS.
1080 4147 1114 4200 su
1144 4147 1215 4202 diem
