2874 4812
327 465 448 524 Examen
468 467 591 526 miticum
610 467 644 526 de
661 470 721 542 ejus
739 470 903 527 resistentia
1121 473 1174 528 eto

78 619 149 674 creto
178 610 341 698 Stephani
369 612 521 699 implicite
553 613 689 700 quidem
720 616 873 680 indirecto
896 624 929 681 et
955 625 1174 702 corueqaeater

77 708 285 774 continebatur
307 711 471 777 sententia
493 711 695 779 affirmativa
718 712 760 777 de
784 711 895 776 valore
917 711 1073 799 baptismi
1097 711 1172 778 hae-

77 807 242 890 reticorum,
266 816 299 871 et
320 808 468 894 quaestio
492 808 686 875 doctrinalis
713 809 912 874 solvebatur.
959 809 1025 876 Sed
1039 811 1103 874 viri
1125 808 1172 874 illi

75 904 166 968 animo
189 905 345 970 commoti
368 904 591 992 respiciebant
617 916 830 993 praeceptum
852 908 1037 993 practicam
1060 930 1081 971 a
1103 906 1172 972 Ste-

75 1000 166 1084 phano
187 1001 292 1067 latum
315 1003 462 1089 ipsisque
489 1025 636 1086 exosum,
661 1013 694 1070 et
721 1002 803 1068 illud
827 1003 951 1069 directe
975 1006 1173 1090 impugnant

76 1101 199 1164 mxime
236 1113 280 1164 ex'
312 1099 551 1166 consuetudine
586 1103 738 1188 opposita
775 1100 866 1186 apud
902 1102 990 1187 ipsos
1028 1103 1171 1186 vigente.

74 1195 289 1283 intelligebant
311 1207 400 1262 certe
424 1207 456 1263 et
478 1199 552 1284 ipsi,
568 1201 812 1265 controversiae
836 1198 1041 1284 disciplinari
1067 1199 1172 1284 impii·

74 1295 155 1358 citam
187 1317 258 1360 esse
290 1297 517 1382 quaestionem
549 1297 766 1362 doctrinalem
798 1297 841 1361 de
873 1297 985 1362 valore
1017 1297 1172 1383 baptismi

73 1391 310 1476 baereticorum,
339 1403 373 1458 et
404 1416 497 1458 suam
521 1396 717 1460 sententiam
742 1403 916 1478 negantem
949 1396 1051 1460 variis
1078 1417 1173 1478 argu-

74 1493 174 1555 mentis
187 1491 339 1576 probare,
358 1492 609 1578 oppositamque
625 1492 821 1556 sententiam
843 1491 985 1558 refutare
1001 1501 1172 1558 conantur.

73 1587 126 1652 Sed
146 1589 340 1656 Pontificem
363 1611 430 1654 non
452 1590 699 1674 aggrediuntur,
733 1588 822 1674 quod
846 1588 1071 1654 definitionem
1094 1590 1171 1676 dog-

74 1687 210 1750 maticam
234 1685 333 1751 edere
357 1685 499 1751 voluerit
521 1697 555 1750 et
577 1686 612 1750 in
636 1707 675 1752 ea
699 1687 867 1752 erraverit.
886 1725 931 1734 —
949 1686 1053 1752 Aliud
1075 1710 1172 1773 porro

72 1796 119 1864 est,
141 1781 344 1870 Cyprianum
367 1793 401 1848 et
423 1783 665 1867 Firmiliauum,
697 1786 724 1849 si
748 1805 806 1848 suo
832 1783 929 1848 modo
953 1785 1073 1870 agendi
1098 1807 1172 1850 con-

73 1891 229 1966 sequenter
252 1882 457 1963 institissent,
473 1903 511 1945 eo
526 1881 649 1947 adduci
665 1881 828 1962 debuisse,
844 1889 881 1944 ut
903 1880 1173 1946 infallibilitatem

73 1977 152 2042 Sedis
172 1978 385 2065 Apostolicae
404 1990 582 2064 negarent3
610 1979 702 2044 aliud
726 2001 819 2062 vero,
844 1981 1100 2044 controversiam
1124 1981 1172 2044 uti

73 2087 148 2158 gata
159 2089 207 2142 est
219 2087 385 2164 spectasse
397 2077 484 2142 banc
498 2079 722 2158 inerrantiam,
737 2099 877 2163 eamque
890 2077 1045 2162 rejectam
1060 2077 1171 2142 fuisse.

148 2175 218 2240 100.
244 2174 433 2242 Observare
465 2177 621 2240 convenit
652 2176 705 2256 5⁰,
730 2176 943 2240 inerrantiam
968 2173 1063 2240 Sedis
1085 2173 1173 2259 Apo-

74 2271 188 2338 stolicae
212 2275 250 2338 in
272 2272 373 2337 rebus
395 2271 473 2336 fidei
497 2294 536 2336 ea
550 2282 658 2338 aetate
672 2274 782 2358 potius
805 2271 870 2336 fide
894 2271 1035 2358 simplici
1059 2280 1092 2335 et
1114 2273 1172 2336 im·

74 2366 167 2450 plicita
190 2372 226 2434 in
254 2369 466 2454 generalibus
497 2371 671 2456 principiis
693 2369 794 2434 fuisse
817 2370 979 2454 agnitam,
1010 2378 1173 2456 quatenus

74 2489 244 2552 supremam
268 2469 497 2532 auctoritatem
521 2467 617 2534 Sedis
640 2465 849 2553 Apostolicae
876 2476 909 2532 ot
935 2469 1172 2550 necessitatem,

75 2576 103 2626 nt
121 2587 231 2632 omnes
254 2564 413 2630 ecclesiae
437 2566 472 2630 in
496 2566 646 2631 doctrina
666 2587 741 2629 cnm
766 2563 905 2628 ecclesia
927 2564 1076 2630 Romana
1100 2587 1173 2630 con-

74 2663 218 2746 venirent,
243 2662 411 2748 adquam
434 2662 573 2748 perfidia
596 2685 655 2726 seu
671 2684 761 2728 error
781 2683 951 2727 accessum
976 2683 1041 2726 non
1065 2671 1174 2746 posset

74 2757 188 2843 babere,
212 2759 329 2826 fideles
352 2759 585 2844 agnoscebant.
633 2761 831 2825 Distinctius
855 2758 970 2824 eadem
995 2757 1174 2823 infallibili-

72 2867 121 2938 tas,
142 2868 175 2922 ut
190 2857 369 2945 peculiaris
390 2858 619 2943 praerogativa
634 2857 667 2922 S.
682 2855 788 2940 Sedis,
812 2856 1009 2920 elementum
1033 2855 1175 2941 speciale

73 2955 131 3037 ejus
160 2977 334 3042 supremae
366 2955 569 3018 auctoritatis
606 2957 816 3038 constituens,
855 2953 996 3019 decursu
1019 2955 1174 3038 temporis

72 3055 170 3136 agnita
182 3064 217 3118 et
240 3053 407 3140 proposita
430 3061 494 3134 est3
517 3051 650 3118 labente
674 3053 763 3117 enirn
777 3061 923 3138 tempore
937 3051 1174 3136 frequentiores

72 3149 238 3216 adfuerunt
259 3151 457 3232 occasiones,
482 3158 518 3213 ut
533 3149 673 3214 Romani
689 3148 866 3214 Pontifices
889 3147 953 3212 bac
976 3149 1174 3214 inerrantiae

72 3245 135 3312 dote
157 3258 338 3330 uterentur,
362 3269 401 3314 ac
425 3269 577 3334 expresse
592 3269 665 3312 eam
687 3247 750 3312 sibi
773 3246 965 3312 tribuerent.
1011 3244 1174 3311 Obedieu·

72 3345 111 3408 tia
138 3357 169 3410 et
199 3368 336 3412 assensu
369 3345 481 3410 debito
514 3344 635 3410 clarius
657 3345 826 3410 Ecclesiae
858 3343 941 3408 fides
973 3365 1006 3408 se
1040 3343 1174 3410 manife-

71 3447 168 3526 stavit,
191 3446 354 3510 Doctores
377 3442 459 3507 illud
481 3443 694 3528 privilegium
723 3443 909 3508 distinctius
932 3441 965 3506 S.
990 3440 1068 3506 Sedi
1091 3463 1175 3504 asse·

72 3553 204 3626 morunt,
229 3565 269 3606 ac
291 3549 455 3628 postremo
479 3540 613 3626 quando
633 3539 757 3606 directe
771 3538 854 3603 baec
877 3535 1095 3604 infallibilitas
1118 3539 1175 3601 im·

72 3639 161 3720 petita
184 3651 244 3724 est,
268 3640 368 3704 etiam
392 3660 544 3725 expresse
568 3659 641 3703 eam
665 3637 930 3702 vindicaverunt.

150 3738 224 3802 101.
249 3735 395 3801 Facilius
418 3738 520 3821 igitur
532 3735 605 3800 fieri
627 3737 744 3823 potuit,
768 3744 805 3799 ut
820 3733 1007 3820 Cyprianus
1029 3734 1073 3798 ad
1088 3732 1343 3798 hanccmrtswtx·

73 3833 155 3900 Sedis
177 3833 389 3922 Apostolicae
421 3833 691 3900 infallibilitatem
723 3835 758 3898 in
790 3853 849 3896 sua
881 3833 1087 3917 oppositione
1110 3854 1175 3897 non
1209 3801 1322 3844 mu

74 3932 253 4014 attenderet,
278 3953 417 4018 eamque
447 3931 607 3996 indirecte
629 3931 788 4014 laederet,
812 3929 916 4018 (baud
939 3931 1028 3992 euim
1052 3929 1176 3994 directe

73 4049 136 4094 eam
157 4029 324 4118 impetiit).
369 4029 456 4094 Nam
488 4037 580 4093 aestu
603 4029 765 4116 passionis
794 4037 828 4092 et
850 4027 1063 4092 discussionis
1085 4048 1176 4113 prae·

74 4139 180 4192 ventus
203 4138 282 4210 erat,
307 4129 492 4212 mentisque
516 4128 587 4214 ejus
609 4127 843 4214 perspicacitas
867 4124 1073 4191 obumbrata.
1111 4125 1175 4190 De-

74 4225 143 4288 oisio
165 4225 356 4291 doctrinalis
380 4233 507 4288 tantum
532 4225 696 4310 implicite
715 4224 838 4306 aderat,
864 4233 1018 4289 contenta
1033 4225 1067 4288 in
1087 4245 1176 4288 mau-
