2836 4804
469 428 671 486 Haeretieomm
688 429 792 486 tubae.
1128 435 1181 490 319

74 585 176 660 garet,
201 574 290 662 qnod
309 573 490 639 discordias
505 575 541 636 in
555 573 694 640 eeclesia
708 573 857 638 orientali
881 574 1059 660 plurimum
1080 579 1185 658 ,auxit

75 683 108 736 et
130 683 200 736 tum
226 671 412 738 Catholicae
435 681 504 736 tum
528 671 776 758 Monophysitas
798 673 884 736 inter
906 694 941 736 se
964 673 1088 741 divisit.

163 771 195 836 9.
219 769 271 834 De
295 770 542 838 hoe.Henotico
567 768 698 834 diversa
716 779 765 833 est
788 769 991 836 eruditorum
1014 774 1186 838 sententia.
1231 793 1320 838 assona

77 867 144 932 Alii
167 889 245 932 cum
267 867 409 932 Beronio
433 867 477 931 sd
499 890 529 932 a.
544 867 610 930 482
631 866 713 931 illud
727 888 787 932 ceu
811 866 1013 933 haereticum
1035 871 1187 955 perstrin-
1219 849 1332 896 'mmm‘
1408 861 1409 886 ³

75 974 175 1050 gunt3
200 964 257 1030 alii
280 987 356 1030 eum
388 965 498 1030 Natali
530 963 720 1030 Alexandro
754 963 853 1051 (Hist.
877 965 957 1031 eccl.
984 989 1069 1032 saec.
1093 967 1134 1034 V.
1159 989 1186 1032 e.

75 1065 105 1127 3.
129 1087 161 1128 a.
196 1065 247 1128 le').
284 1067 313 1144 ξ.
346 1060 381 1150 4)
414 1064 526 1126 mitius
556 1063 596 1127 de
620 1085 657 1127 eo
682 1064 836 1144 sentiunt,
861 1066 906 1128 its
929 1073 1039 1130 temen
1062 1075 1187 1130 utnon

77 1159 290 1244 diffiteantur,
314 1159 396 1224 illud
421 1182 538 1224 causae
553 1160 630 1226 fidei
650 1162 809 1226 nocuisse.
857 1158 953 1226 Certe
970 1160 1187 1228 orthodoxum

75 1257 157 1324 illud
180 1258 327 1323 edictum
350 1257 416 1324 diei
439 1259 563 1343 nequit,
587 1258 645 1322 sed
668 1257 914 1323 fraudulentum
937 1258 1103 1344 quoddam
1126 1259 1189 1324 fuit

75 1356 177 1420 talasa
200 1357 430 1420 transactionis
462 1365 494 1420 et
526 1355 759 1420 moderationis
782 1364 959 1423 tentamen.
1005 1357 1056 1422 Ita
1079 1367 1188 1422 sutem

8 1527 9 1530 Ἴ
73 1475 108 1518 se
131 1452 234 1518 habet
265 1475 341 1539 pars
373 1454 444 1540 ejus
478 1455 675 1540 praecipua:
711 1451 865 1528 Quocirca
887 1455 1029 1520 dedimus
1051 1479 1188 1542 operam,

8 1535 10 1560 ⁸
76 1563 108 1614 ut
129 1573 186 1616 vos
209 1550 405 1636 intellipatis,
431 1562 495 1615 tum
510 1574 613 1616 omnes
626 1552 737 1638 ubique
752 1551 898 1618 ecclesias
911 1574 974 1616 nen
997 1553 1088 1620 aliud
1110 1578 1187 1644 sym

8 1645 9 1648 ’
76 1649 179 1714 bolum
201 1648 250 1712 uel
272 1649 450 1712 doctrinam
471 1649 520 1714 uel
543 1649 729 1714 decisionem
743 1649 825 1734 fidei
848 1649 896 1714 ael
909 1650 1023 1734 fldem,
1048 1675 1140 1738 quam
1163 1677 1186 1718 s.

74 1746 247 1829 symbolum
269 1748 335 1810 318
357 1748 593 1834 Episcoporum,
618 1747 700 1832 quod
728 1749 793 1812 150
815 1747 927 1812 Patres
950 1797 958 1812 .
983 1798 991 1813 .
1017 1798 1024 1814 .
1050 1799 1057 1813 .
1081 1752 1188 1825 coudr-
1248 1765 1250 1768 ’

77 1856 213 1924 manunt,
238 1855 294 1908 aut
315 1845 459 1908 habuisse
474 1845 668 1923 esthabere,
684 1856 740 1909 aut
755 1847 833 1909 scire
847 1845 929 1909 alios
950 1846 1070 1912 labere.
1097 1844 1190 1921 Quod

75 1945 291 2028 apamenam
320 1941 411 2006 alind
442 1943 569 2020 lubeat,
593 1965 661 2008 eum
693 1942 831 2008 alienum
854 1943 893 2006 ab
916 1943 1058 2008 Ecclesia
1081 1946 1189 2010 caiati-

8 2031 9 2084 Ῑ
78 2063 217 2118 mamus,·
247 2063 322 2104 nam
351 2041 405 2102 lsoc
435 2039 500 2104 solo
532 2051 671 2104 nostrum
702 2042 867 2126 imperium
899 2043 1076 2106 conservari
1098 2042 1189 2128 confi·

8 2151 9 2224 j
75 2138 190 2202 dimus.
217 2188 225 2204 .
251 2186 258 2201 .
281 2137 395 2202 Eidem
416 2160 533 2224 quoque
557 2139 678 2202 assensi
701 2136 839 2202 suntSS.
856 2139 967 2204 Patres
989 2141 1024 2203 in
1051 2136 1189 2206 Caruilio

8 2251 9 2256 ’
78 2237 246 2322 liplsesino.
271 2274 314 2282 —
338 2237 425 2300 Nam
448 2235 626 2319 confitemur
648 2237 842 2321 unipenitum
864 2237 927 2300 Dei
949 2235 1066 2302 Filium
1080 2237 1122 2300 D.
1144 2237 1188 2302 N.

76 2334 109 2400 J.
138 2333 171 2398 C.
196 2357 266 2398 uere
289 2334 488 2398 incarnatum
511 2355 585 2411 esse,
601 2333 896 2398 consubstantialem
910 2334 1003 2400 Patri
1025 2335 1192 2400 secundum

77 2431 289 2509 diuinitatem,
314 2431 480 2495 secundnm
510 2431 734 2494 humanitatem
765 2431 855 2496 nolis
886 2430 1190 2511 consubstantialem,

77 2529 273 2594 descendisse
296 2529 335 2592 de
357 2527 451 2607 coelo,
483 2551 608 2592 carrum
639 2529 807 2614 suscepisse
830 2552 852 2591 a
875 2527 999 2615 Spiritu
1022 2526 1138 2594 Sancte
1162 2541 1191 2593 et

8 2622 9 2652 ¹
79 2627 190 2690 Maria
220 2625 346 2712 Virpine
369 2626 528 2713 Deipara,
560 2647 655 2690 unum
687 2647 766 2704 esse,
793 2649 856 2690 non
879 2627 962 2706 du0,·
999 2674 1009 2689 .
1047 2677 1054 2692 .
1094 2675 1101 2690 .
1141 2649 1191 2691 ens

8 2795 9 2802 χ
79 2735 181 2788 autem
212 2725 267 2808 qni
298 2747 366 2788 eum
397 2724 552 2804 dividunt,
583 2733 639 2790 aut
661 2734 795 2788 nutemus
817 2727 884 2812 ejus
906 2723 1112 2808 conscindunt,
1136 2734 1192 2788 aut

8 2809 9 2876 l
79 2844 203 2886 comm
226 2823 396 2908 suscepisse
414 2821 637 2908 imaps'nariam
649 2821 861 2900 introducunt,
878 2823 1001 2884 omnino
1024 2821 1190 2910 reficimus.

80 2967 87 2982 .
112 2969 120 2984 .
144 2968 153 2984 .
181 2916 289 2991 Quare
313 2941 405 3004 quum
428 2918 626 3004 exploratum
647 2917 824 2998 habeamus,
848 2941 916 2982 cum
939 2941 1042 2982 omnes
1064 2928 1192 2984 sanctas

79 3017 189 3103 uliqrae
215 3015 370 3095 ecclesias,
401 3027 465 3080 tum
494 3039 602 3080 earum
633 3016 796 3102 praesides
825 3016 893 3080 Deo
916 3017 1104 3095 sanissimos,
1129 3027 1193 3080 tum
1246 3045 1250 3051 ·

79 3125 220 3179 aearum
250 3114 434 3200 Imperium,
465 3113 587 3178 nullum
623 3112 714 3178 aliud
745 3113 913 3200 mulonem
945 3112 1078 3178 aliamve
1104 3114 1194 3200 fidei

80 3213 267 3278 decisionem
290 3211 454 3276 admisisse
485 3209 534 3276 uel
563 3211 726 3276 admittere
756 3211 844 3289 uelle,
868 3211 980 3297 absque
1003 3211 1072 3276 ulla
1094 3213 1193 3278 laesi·

83 3313 199 3374 tatione
222 3333 281 3374 nos
304 3309 347 3372 ad
369 3309 566 3374 concordiam
594 3309 787 3374 reducamus.
813 3305 983 3396 ..Cuique
1015 3319 1118 3373 autem
1141 3312 1194 3396 qui

8 3399 9 3464 l
82 3408 172 3474 aliud
195 3407 348 3494 quiddam
378 3405 427 3472 uel
459 3408 589 3470 senserit
619 3407 668 3470 uel
691 3407 815 3486 sentiat,
848 3429 902 3470 seu
918 3411 999 3496 jam,
1023 3429 1076 3472 seu
1099 3406 1193 3485 alias,

8 3581 9 3598 χ
83 3529 134 3570 seu
163 3508 197 3570 in
223 3503 363 3570 Concilio
391 3500 645 3582 Chalcedonensi,
676 3526 730 3568 seu
761 3506 796 3568 in
817 3504 883 3570 alio
915 3506 1022 3590 quouis
1053 3503 1193 3581 concilio,

84 3604 250 3668 euadente
272 3602 451 3682 indicimus,
482 3603 618 3666 ramme
647 3623 718 3666 uero
750 3601 900 3666 Nestorio
933 3612 963 3666 et
989 3599 1194 3688 Eutycdetffi).

84 3739 125 3748 -
147 3701 186 3766 In
213 3700 276 3768 hoe
299 3702 399 3784 igitur
428 3699 590 3764 Henotico
622 3720 665 3762 ax
688 3721 755 3762 uns
777 3708 870 3784 parte
894 3698 1027 3784 quidem
1051 3700 1190 3763 contine·

85 3798 181 3862 batur
212 3797 371 3884 professio
405 3819 503 3862 verae
534 3795 718 3862 divinitatis
742 3807 774 3860 et
805 3795 1019 3860 humanitatis
1053 3795 1194 3877 Christi3

85 3898 191 3962 unitas
206 3895 329 3960 Christi
343 3894 581 3978 affirmabatur,
606 3893 816 3980 rejiciebatur
831 3894 978 3958 confusio
993 3901 1195 3974 naturarum,

8 4011 9 4016 ¹
84 4004 116 4056 et
136 3992 314 4058 anathema
336 3992 509 4058 dicebatur
530 3992 679 4058 Nestoris
710 4003 743 4056 et
764 3992 952 4077 Eutycheti.
1000 3989 1064 4055 Sed
1088 4013 1131 4056 ex
1153 3989 1196 4056 al·

88 4139 291 4148 m-—m

159 4215 178 4284 ¹)
197 4215 246 4283 Aa.
265 4214 362 4270 Bsron.
381 4213 537 4270 aaran
556 4215 703 4280 nasas.
