2924 4818
262 507 313 559 100
633 496 673 550 os
690 493 757 550 Sede
775 495 896 550 Romana
914 493 939 550 S.
958 494 1041 550 Petri.

260 669 369 730 causa,
384 645 473 709 idem
488 661 606 726 scopus
616 641 752 721 itineris,
768 637 959 704 conferendi
983 635 1193 702 scilicetcum
1208 637 1380 723 Apostolis

260 743 468 830 evangelium
492 733 581 826 quod
604 735 949 823 praedicabatPaulus
973 736 1184 820 ingentibus,
1207 757 1248 800 ac
1271 739 1380 801 nomi-

259 845 362 909 natim
386 837 551 906 statuendi
567 837 811 899 immanitatem
825 832 1030 918 gentiliuma
1053 835 1269 898 caeremoniis
1293 833 1380 918 legis

258 941 388 1022 veteris,
411 937 500 1002 idem
528 943 667 1018 utroque
690 931 761 996 loco
786 933 1027 996 controversiae
1050 931 1168 996 exitus.
1192 931 1270 998 Jam
1294 953 1378 994 vero

258 1047 337 1124 quot
359 1035 455 1100 annis
479 1041 552 1118 post
562 1031 811 1094 conversionem
821 1049 915 1093 suam
924 1029 1048 1095 Paulus
1057 1028 1140 1093 illud
1162 1031 1225 1094 itcr
1247 1029 1378 1108 fecerit,

257 1135 344 1200 clare
367 1133 493 1198 indicat
516 1129 551 1193 in
574 1125 711 1214 epistola
734 1126 777 1194 ad
802 1125 947 1192 Galatas.
988 1128 1130 1190 Diversa
1153 1127 1200 1192 ibi
1224 1137 1379 1213 tempora

257 1232 439 1316 distinguit,
455 1227 576 1314 quibus
599 1225 641 1290 ab
651 1225 819 1310 Apostolis
842 1245 876 1288 se
893 1225 1056 1288 eruditum
1082 1247 1148 1290 non
1171 1226 1272 1290 fuisse
1283 1247 1378 1291 mon·

256 1341 355 1411 strat;
379 1327 422 1392 ad
447 1325 691 1389 distinctionem
716 1333 990 1407 vcrotemporum
1013 1321 1151 1386 adhibet
1173 1323 1376 1407 particulam

256 1428 369 1492 deinde
379 1420 526 1508 (ἔπειτα),
552 1441 637 1507 quae
660 1441 720 1506 per
743 1443 777 1484 sc
796 1421 923 1484 indicat
945 1420 1095 1484 ordinem
1118 1423 1275 1506 temporis
1301 1423 1378 1486 sub·

255 1525 431 1612 sequentis.
481 1519 557 1583 Cum
580 1529 692 1598 autem,
708 1519 831 1601 scribit,
841 1519 969 1606 placuit
992 1520 1030 1600 ei,
1054 1519 1109 1603 qai
1130 1541 1177 1582 me
1200 1523 1378 1606 cepepacit

255 1647 295 1688 ec
317 1633 405 1687 atero
428 1619 540 1682 mania
562 1639 658 1697 meae,
683 1627 712 1680 et
725 1619 848 1680 occavit
865 1639 928 1702 per
948 1617 1086 1702 prunam
1108 1639 1207 1696 mam,
1230 1628 1267 1680 at
1290 1641 1376 1682 reae·

255 1719 463 1786 lacessitam
485 1737 574 1780 ruam
596 1716 631 1778 in
653 1737 700 1778 me
723 1715 1017 1800 atecanpclicarem
1039 1713 1133 1777 illurn
1154 1717 1190 1778 in
1211 1716 1376 1801 pentibus:

254 1821 399 1884 continno
422 1839 486 1880 non
510 1813 650 1900 cepaeoi
673 1814 765 1876 canai
787 1823 817 1876 ct
849 1813 1006 1899 eanpaini,
1030 1835 1127 1898 neque
1149 1815 1222 1876 ceni
1243 1813 1376 1878 Jcroso-

254 1918 368 2002 lyaeum
382 1915 425 1978 ad
448 1923 659 1976 antecessores
679 1933 763 1974 necas
781 1911 967 1997 Apostolos:
990 1911 1045 1974 ced
1067 1911 1135 1974 abii
1155 1913 1191 1974 in
1205 1910 1375 1990 Arabiam,

253 2026 284 2078 et
314 2017 427 2077 iter-am
458 2031 599 2074 reversae
631 2031 697 2072 cam
729 2009 928 2072 Damascum.
976 2009 1101 2074 Deinde
1133 2003 1271 2091 (ἔπειτα)
1297 2023 1376 2096 port

253 2133 353 2176 annas
377 2121 439 2173 tres
461 2110 533 2171 ceni
555 2107 785 2193 Jerosolyrnam
811 2107 917 2170 cidere
941 2107 1077 2186 Petrum,
1105 2117 1136 2170 ct
1156 2109 1261 2171 nansi
1284 2110 1376 2194 apcd

252 2231 320 2274 eum
343 2206 452 2271 diebus
474 2205 649 2290 qaindecim
676 2255 683 2268 .
710 2255 717 2268 .
743 2255 750 2268 .
776 2205 899 2269 Deinde
921 2205 994 2269 ceni
1016 2206 1182 2292 inpactae
1204 2204 1323 2292 Syriae
1347 2220 1376 2270 ct

256 2305 387 2371 Ciliciae
411 2353 419 2367 .
446 2351 452 2366 .
478 2352 485 2365 .
511 2304 636 2368 Deinde
644 2313 721 2389 post
744 2303 1092 2389 annosqaataordecim
1114 2306 1227 2368 iterans
1240 2305 1375 2368 accendi

251 2403 483 2490 lerosolymam
506 2425 573 2465 cam
595 2402 760 2480 Bernaba,
781 2412 940 2488 assumpto
954 2413 984 2464 et
999 2401 1079 2466 Tito.
1105 2401 1244 2465 Ascendi
1266 2415 1372 2468 caten
1453 2457 1454 2460 η

252 2501 419 2567 secrrnrlarn
430 2499 667 2563 revelationem:
690 2510 721 2564 et
735 2497 853 2563 corneli
872 2523 941 2563 cam
962 2499 1031 2564 illis
1045 2499 1261 2586 heracliam,
1286 2501 1372 2586 qnod
1452 2573 1453 2576 Ἴ

245 2600 399 2688 praedico
423 2599 459 2661 in
481 2595 632 2683 penales,
657 2619 794 2661 mercam
826 2608 929 2660 auam
955 2599 999 2662 iis
1021 2600 1076 2684 pai
1096 2597 1287 2662 adebantar
1311 2600 1370 2664 ali·

250 2698 326 2786 quid
350 2719 432 2762 ecce:
453 2717 492 2758 ne
508 2695 599 2782 forte
621 2698 657 2760 in
678 2717 810 2759 cncanm
823 2717 978 2760 carcerem
1001 2707 1057 2760 cat
1079 2697 1283 2760 marmania
1308 2707 1370 2763 etc.
1451 2707 1452 2726 ¹

250 2794 324 2860 Gal.
333 2797 366 2860 Υ1.
380 2795 420 2858 15
431 2817 500 2882 sqq.
516 2831 558 2840 -
569 2791 747 2878 Apostolus
756 2791 812 2858 hic
821 2793 996 2861 manifeste
1005 2813 1065 2860 nos
1079 2793 1185 2876 docet,
1196 2794 1283 2858 inter
1293 2815 1370 2860 con-

250 2895 435 2958 versionem
444 2913 536 2956 suam
552 2899 584 2954 ct
598 2890 780 2956 secundum
795 2888 1203 2976 iterHierosolymitanum
1217 2889 1276 2978 (ad
1284 2889 1370 2958 Con·
1449 2931 1450 2936 κ

249 2989 376 3078 cilium)
409 2989 596 3054 interfuisse
631 2989 669 3052 17
704 3009 818 3072 annos,
852 3011 892 3052 aa
916 2991 1089 3054 verissima
1121 2999 1170 3054 est
1193 2989 1226 3055 S.
1250 2989 1369 3055 Hiero·
1448 3053 1449 3056 ,

249 3091 342 3174 nymi
366 3088 602 3174 interpretatio,
627 3087 684 3172 qui
709 3088 744 3151 in
770 3087 1014 3152 Commentario
1038 3087 1137 3153 adh.
1161 3087 1275 3174 l.jcm
1299 3091 1368 3154 am'·
1446 3103 1447 3162 ξ

248 3187 436 3268 madvertit,
468 3195 542 3272 post
574 3206 678 3250 annos
705 3186 743 3249 17
778 3207 798 3250 a
830 3206 889 3250 sua
922 3188 1137 3251 conversione
1168 3185 1367 3271 Apostolum

247 3283 510 3369 Hierosolymam
534 3285 674 3348 venisse.

336 3385 389 3448 90.
413 3383 487 3447 Hoc
509 3383 625 3467 posito,
658 3381 843 3447 Concilium
867 3381 1110 3468 Apostolorum,
1135 3385 1190 3448 cui
1212 3394 1288 3470 post
1310 3409 1366 3452 an-

246 3503 326 3548 nam
349 3483 392 3546 47
416 3479 506 3545 nullo
530 3481 627 3544 modo
659 3480 769 3544 locum
802 3503 872 3544 csse
895 3483 1045 3567 superius
1074 3481 1230 3560 vidimus,
1254 3505 1365 3572 neque

246 3593 322 3646 ante
345 3580 436 3644 hunc
458 3599 583 3642 annum
608 3577 808 3642 celebratum
838 3599 908 3642 esse
932 3581 1058 3643 censeri
1081 3588 1197 3665 potest.
1243 3581 1284 3645 Id
1309 3605 1364 3669 pa·

245 3679 336 3761 tebit,
362 3679 388 3742 si
413 3678 577 3740 terminans
592 3677 802 3740 conversionis
821 3675 853 3740 S.
866 3677 962 3741 Pauli
985 3675 1179 3762 colligimus.
1204 3677 1237 3744 S.
1252 3679 1364 3745 Lucas

244 3779 358 3864 primis
389 3773 553 3859 capitibus
581 3772 728 3840 Actuum
752 3775 867 3859 Apost.
902 3776 1097 3860 compendio
1122 3787 1254 3840 enarrat
1276 3801 1362 3864 quae

244 3897 348 3962 usque
372 3873 414 3939 ad
439 3873 689 3938 conversionem
713 3871 808 3936 Pauli
832 3873 1034 3957 acciderunt,
1060 3875 1107 3937 uti
1130 3873 1360 3940 fundationem

244 3972 402 4038 ecclesiae
426 3969 665 4053 Hierosolymis
688 3979 720 4032 ct
750 3971 1034 4035 conversationem
1058 3981 1205 4038 canaam
1229 3971 1359 4038 illorum
1440 3959 1442 4074 l

243 4070 401 4156 fidelium,
435 4069 663 4138 fundationem
697 4065 854 4131 ecelesiae
887 4067 1131 4155 Samaritanae,
1165 4071 1358 4136 electionem

243 4179 468 4258 disserueram,
502 4178 640 4240 virtutes
673 4185 705 4238 ot
737 4175 932 4258 martyrium
970 4172 1003 4238 S.
1035 4171 1216 4262 Stephani,
1250 4175 1358 4240 subse·

243 4285 398 4364 quantem
422 4275 683 4362 persecutionem
708 4274 924 4360 porSaulum,
950 4275 991 4338 de
1016 4295 1081 4360 qua
1106 4277 1220 4361 ipseS.
1235 4275 1359 4344 Pardus
