2876 4814
250 452 304 528 ²⁸9
606 453 646 508 De
664 452 752 522 opere
766 449 1049 520 Philosophoumenou

251 607 323 664 tum
346 597 473 683 aliquid
496 619 538 664 ex
561 597 602 662 iis
624 597 719 662 citari
733 597 846 682 possit.
892 594 1071 663 Generales
1092 598 1182 664 enim
1205 597 1372 684 quaedam
1432 661 1433 666 ,

253 697 479 762 accusationes
512 695 553 760 dc
585 695 766 760 Novatiani
799 692 1010 758 fraudulenta
1051 694 1252 776 ambitione,
1288 717 1373 781 quae

253 795 287 859 in
321 792 459 878 epistole
491 791 524 859 S.
560 790 704 858 Cornelii
738 790 921 872 habentur,
955 791 1143 857 vehementi
1176 791 1224 856 illi
1257 803 1374 856 conus

253 889 480 976 Zephyrinum
513 899 545 956 et
569 888 743 954 Callistum
775 889 992 974 oppositioni,
1026 891 1086 956 vix
1116 889 1269 975 adaptari
1305 911 1375 974 pos-

254 990 328 1054 sint.
376 987 428 1052 Ob
452 987 535 1054 haec
558 989 659 1072 igitur
676 996 871 1071 argumenta
893 988 1132 1069 existimamus,
1145 987 1375 1052 Novatianum

254 1085 345 1153 haud
368 1107 463 1170 posse
487 1088 612 1152 censeri
636 1096 805 1150 auctorem
827 1083 1220 1172 Philosophoumenon.¹)

211 1193 229 1223 ⁰³
344 1184 396 1248 97.
420 1184 586 1248 Bercni
632 1182 798 1248 haeretico
848 1181 1000 1248 attribuit
1048 1181 1376 1268 Philosophoumena

254 1281 379 1346 Darras
402 1283 436 1346 in
460 1303 520 1346 sua
535 1281 682 1346 Historia
705 1279 967 1367 ecclesiastica2),
992 1301 1151 1367 suamque
1174 1283 1376 1346 sententiam

256 1377 556 1444 combinationibus
580 1378 718 1444 eruditis
752 1376 905 1445 roborare
929 1379 1056 1444 nititur.
1102 1377 1169 1446 Sed
1192 1389 1285 1444 certe
1309 1401 1377 1444 rem

255 1497 318 1538 acu
341 1497 407 1540 non
431 1476 548 1561 tetigit.
576 1513 620 1522 —
644 1475 800 1540 Advertit
827 1478 1008 1562 imprimis,
1046 1476 1196 1561 neglecta
1233 1477 1377 1540 nimium

255 1572 357 1638 fuisse
380 1573 565 1659 fragmenta
588 1573 643 1640 illa
666 1573 822 1640 Auctoris
853 1575 1013 1658 anonymi
1040 1596 1093 1659 ap.
1116 1572 1242 1640 Euseb.
1270 1574 1316 1639 Η.
1340 1574 1378 1638 Ε.

254 1670 276 1736 l.
302 1671 342 1736 V.
367 1693 395 1737 c.
418 1671 472 1754 28,
496 1673 533 1738 in
559 1670 680 1758 quibus
707 1674 816 1757 agitur
848 1671 890 1738 de
916 1670 1154 1738 Theodotianis
1185 1682 1219 1737 et
1248 1671 1294 1736 de
1317 1672 1378 1736 Na·

256 1767 312 1832 tali
333 1769 516 1834 confessore
534 1769 577 1835 ab
602 1772 682 1856 ipsis
701 1769 846 1851 seducto,
872 1779 908 1834 ut
930 1791 1042 1834 eorum
1058 1771 1234 1854 episcopus
1249 1767 1379 1852 esset³l

255 1867 344 1930 Dein
368 1887 410 1930 ex
433 1867 552 1934 iisdem
575 1866 708 1952 colligit,
732 1877 769 1930 ut
792 1868 974 1932 sententiae
1006 1889 1084 1932 suae
1107 1866 1378 1946 fundamentum,

256 1963 408 2028 Natalem
431 1963 532 2030 luisse
559 1968 751 2051 antipapam
775 1965 813 2030 B.
846 1964 998 2030 Pontifici
1023 1967 1220 2050 oppositum.
1273 1965 1379 2030 Noto

258 2060 320 2126 lius
350 2060 409 2146 fut
446 2065 672 2130 cartaiueaumt
707 2087 751 2128 aa
788 2065 952 2149 antipapa,
983 2063 1012 2128 le
1049 2062 1123 2127 titre
1150 2063 1301 2148 d’cofique
1339 2062 1380 2124 da

251 2161 392 2243 premier
422 2161 503 2246 aitpc
537 2163 592 2246 pai
623 2160 670 2226 lai
702 2162 781 2226 asaia
816 2161 921 2224 donat
945 2183 1012 2247 par
1048 2161 1082 2224 la
1117 2170 1196 2224 aecta
1229 2161 1379 2226 caldema-

259 2257 341 2340 ta'qao
380 2256 407 2322 lc
443 2280 564 2343 proava
605 2259 910 2324 uaadoadcmmeat.
972 2258 1101 2324 Revera
1142 2256 1275 2323 Natalis
1315 2279 1380 2320 non

259 2351 391 2416 videtur
413 2353 513 2420 fuisse
537 2357 668 2442 proprio
693 2378 791 2420 sensu
814 2358 973 2441 antipapa
990 2356 1177 2436 Romanus3
1201 2376 1380 2438 argumen-

257 2459 329 2514 tum
352 2454 494 2517 auctcris
518 2454 673 2537 concidit,
698 2456 725 2520 si
758 2453 943 2519 advertitur
970 2455 1005 2518 in
1028 2463 1123 2522 textu
1144 2450 1289 2518 Eusebii
1315 2461 1380 2516 tan·

259 2556 328 2610 tum
353 2546 440 2613 dici:
486 2551 647 2618 Natalis
685 2550 960 2634 δελεαζόμενος
995 2555 1038 2638 τῇ
1075 2573 1115 2614 τε
1142 2552 1217 2630 παῤ
1249 2547 1383 2625 αὐτοῖς

259 2643 596 2734 πρωτοκαθεδρίᾳ,
626 2651 784 2716 inescatus
803 2651 904 2735 primi
927 2649 988 2714 loci
1009 2650 1045 2713 ia
1068 2670 1212 2714 comessa
1241 2648 1296 2714 cel
1315 2649 1382 2734 pri·

258 2765 326 2805 mcc
350 2744 435 2808 aedis
457 2747 545 2832 apud
566 2749 654 2833 ipsos
676 2749 799 2815 dosora.
824 2784 866 2794 —
891 2746 1038 2814 Ulterius
1062 2744 1281 2832 progrediens
1301 2746 1383 2809 Dar·

259 2861 313 2904 ras
345 2844 467 2924 statuit,
501 2866 603 2929 quum
636 2855 726 2910 secta
757 2847 820 2910 ista
843 2843 904 2910 sub
938 2847 1071 2914 nominc
1095 2843 1383 2911 Artemonitarum

260 2943 521 3022 perseveraverit
552 2943 652 3006 etiam
685 2953 759 3028 post
781 2944 1031 3020 conversionem
1053 2940 1195 3020 Natalis,
1228 2941 1316 3006 inde
1341 2963 1384 3004 se·

261 3039 315 3121 qui
329 3063 345 3114 ‚·
370 3039 468 3102 etiam
510 3061 731 3106 successorem
770 3042 963 3126 antipapam
995 3049 1069 3124 post
1091 3038 1244 3106 Natalem
1269 3037 1384 3104 fuisse.

260 3134 417 3201 Jamverc
442 3135 602 3221 ejusmodi
621 3141 813 3224 antipapam
836 3147 945 3204 sectae
958 3137 1242 3204 Artemouitarum
1269 3137 1383 3200 existi·

262 3239 330 3298 mat
343 3232 445 3296 fuisse
459 3233 639 3300 Auctorem
648 3235 1003 3321 Philosophoumencn.
1033 3235 1110 3320 Ipse
1130 3235 1228 3310 enim,
1253 3233 1384 3301 scribit

262 3353 293 3392 se
304 3331 450 3414 presente
475 3333 557 3400 duaa
579 3355 637 3402 aaa
660 3333 737 3398 livre
752 3357 826 3398 oceo
844 3344 913 3398 tous
927 3333 972 3398 les
995 3335 1169 3398 caracteres
1190 3330 1272 3394 d'ua
1303 3333 1384 3394 cati·

257 3450 354 3513 pope.
401 3467 415 3472 -
451 3429 516 3496 Sed
541 3431 574 3495 id
607 3441 733 3498 certum
757 3453 822 3496 non
846 3440 914 3512 cst3
951 3430 1015 3496 fuit
1046 3429 1100 3494 ille
1132 3437 1249 3493 auctor
1273 3431 1386 3513 potius

264 3534 363 3610 caput
386 3523 525 3612 alicujus
549 3528 701 3594 factionis
717 3530 884 3596 sectariae.
909 3567 952 3576 -
975 3525 1159 3608 Praeterea,
1183 3526 1230 3590 ait
1243 3523 1385 3595 Derras.

263 3621 326 3686 fuit
363 3645 407 3688 ex
442 3635 531 3690 secta
568 3625 624 3692 illa
655 3626 947 3707 Artemonitarurn,
987 3625 1081 3710 quus
1117 3631 1216 3688 antea
1252 3621 1387 3688 Natalis

267 3759 369 3766 -—.-—

338 3827 358 3891 ¹)
377 3829 549 3896 Argumenta
566 3827 662 3898 quibus
684 3829 838 3884 Novatiano
861 3843 927 3896 opus
946 3826 1078 3884 vindicari
1097 3831 1194 3894 posset
1212 3823 1288 3883 scite
1306 3835 1385 3896 urget

263 3905 293 3962 P.
314 3905 409 3962 Grisar
427 3907 444 3961 l.
474 3925 504 3973 c,
528 3915 557 3963 et
579 3907 658 3976 plura
677 3924 745 3976 quae
769 3908 935 3976 objiciuntur
960 3913 1023 3976 apte
1046 3906 1139 3971 diluit,
1164 3909 1291 3958 attamen
1313 3922 1386 3974 prae·

264 3986 354 4042 valere
376 3987 453 4042 nobie
476 3989 604 4042 videntur
627 3988 746 4044 rationes
770 4004 838 4056 quae
857 3987 885 4042 in
914 3985 1076 4041 contrariam
1094 3989 1200 4056 partem
1219 3979 1385 4038 afferrmtur.

338 4067 358 4137 ¹)
377 4065 497 4122 Histoire
514 4067 641 4136 gencrale
659 4069 691 4123 de
709 4065 820 4138 l’Iiglise
838 4064 868 4124 Τ.
887 4065 951 4122 vn.
969 4081 1012 4134 pp.
1032 4063 1182 4120 598-609.

338 4147 358 4215 ³)
378 4147 448 4202 Dum
466 4147 566 4202 Derras
585 4146 663 4201 dicit:
682 4147 782 4217 Fleury
795 4147 838 4216 n'y
857 4148 910 4201 fait
927 4162 976 4216 pas
994 4145 1021 4200 la
1034 4144 1153 4200 moindrc
1165 4141 1289 4207 illusion,
1304 4151 1386 4198 emo

265 4226 399 4280 habentur
413 4227 483 4280 enim
502 4225 567 4282 haec
585 4241 627 4296 ep.
647 4225 746 4296 Fleury
765 4227 799 4283 Η.
819 4225 854 4283 Ε.
874 4227 959 4284 LIV.
980 4243 1005 4282 n.
1023 4227 1072 4294 335
1092 4225 1110 4281 l.
1130 4223 1162 4279 V.
1182 4239 1208 4278 u.
1229 4225 1274 4279 24.
