2900 4800
237 443 292 498 450
613 443 653 496 De
672 455 753 496 musa
771 441 883 498 Honorli
902 443 934 498 R
953 445 984 498 P.

239 607 368 668 scmus,
402 587 436 650 in
469 584 618 652 Concilio
650 587 775 650 ratione
805 587 948 673 genesii
977 587 1198 656 damnationis
1231 603 1365 660 senten·

239 685 319 748 tiam
342 683 443 749 latam
467 683 568 748 fuisse
591 685 628 748 in
650 682 741 764 illoa,
767 703 849 769 quos
876 682 977 750 relate
1000 686 1044 750 ad
1067 687 1225 754 turbosa
1249 693 1366 758 Mono-

239 779 369 848 theletis
393 783 554 846 excitatas
576 802 648 845 reos
657 780 871 866 judicarunt,
890 792 922 845 et
944 783 1091 866 generali
1115 786 1363 856 haereticorum

240 881 374 948 nomine
403 901 458 946 eos
490 878 672 966 appellatos
695 878 817 962 fuisse;
842 879 955 944 Patres
987 893 1100 946 tamen
1122 905 1190 950 non
1214 885 1364 951 clareat

240 987 393 1042 accurate
417 977 670 1058 determinasse,
694 997 758 1062 quo
774 975 881 1060 gradu
896 973 1063 1044 Honorius
1086 1003 1162 1046 reus
1184 985 1238 1048 sit
1274 985 1363 1050 Dein

239 1096 318 1140 vero
343 1076 411 1140 Leo
441 1075 475 1140 Π
499 1073 679 1160 apostoliea
711 1096 772 1139 sua
803 1078 998 1140 anctoritate
1029 1081 1218 1144 accuratius
1247 1083 1365 1146 statuit

240 1182 274 1237 et
296 1173 547 1254 determinavit,
572 1191 636 1258 quo
660 1193 758 1236 sensu
781 1172 920 1238 Honorli
954 1173 1122 1241 damnatio
1145 1187 1219 1242 rata
1242 1178 1365 1244 habea-

240 1282 310 1354 tur,
336 1281 368 1336 et
390 1273 461 1356 ipse
485 1291 591 1357 poena
605 1269 826 1336 anathematis
846 1271 981 1358 reliquis
999 1274 1179 1360 jungatur,
1204 1275 1366 1342 videlieet

235 1380 370 1458 propter
392 1369 615 1456 negligentiam
638 1369 673 1432 in
696 1370 926 1456 eaeednyuando
948 1371 1079 1436 lucreti.

103 1477 206 1522 Sinala·
331 1467 383 1532 80.
408 1465 521 1531 Facile
544 1477 654 1530 tamen
690 1467 965 1550 existimaverim,
999 1467 1109 1554 plures
1132 1493 1173 1534 ex
1198 1471 1366 1558 episcopis

81 1539 305 1630 ⁰¹¹⁰”²‘¹¹“¹⁰'illis
329 1565 544 1630 orientalibus
568 1565 603 1628 in
620 1563 769 1630 Concilio
785 1563 834 1629 VI
857 1569 1065 1650 congregatis
1088 1570 1122 1632 in
1146 1568 1365 1634 damnatione

241 1663 381 1728 Honorii
405 1662 531 1750 aliquid
554 1662 690 1726 humani
706 1683 819 1748 passos
833 1685 913 1728 ease.
937 1663 1029 1750 Ipsca
1053 1687 1131 1730 sane
1154 1665 1256 1730 valde
1278 1688 1364 1752 pun-

241 1762 350 1848 gebat,
368 1770 417 1825 tot
440 1760 606 1848 praesules
629 1760 821 1840 orientales,
840 1763 990 1847 interque
1014 1783 1069 1827 eos
1092 1762 1203 1847 plures
1225 1767 1364 1848 patriar-

242 1860 340 1943 chas,
360 1858 569 1924 anathemate
585 1859 693 1940 feriri3
710 1879 750 1922 ac
766 1857 870 1922 veluti
885 1859 1002 1925 solatio
1015 1871 1103 1942 arat,
1119 1860 1235 1926 saltem
1258 1882 1362 1928 unum

242 1957 437 2022 Pontificem
455 1957 642 2022 Romanum
660 1957 740 2040 ipsis
753 1956 862 2040 jungi.
901 1955 1058 2022 Simultas
1076 1959 1242 2044 quaedam
1261 1961 1362 2029 etiam

242 2055 451 2121 cordatorum
482 2055 628 2118 virorum
660 2055 788 2118 animoa
811 2051 908 2118 facile
939 2055 1062 2138 afficit,
1087 2067 1187 2143 atque
1206 2058 1280 2144 jam
1306 2057 1363 2122 du·

243 2153 322 2217 dum
331 2151 516 2218 Orientalcs
528 2153 563 2216 in
572 2149 805 2216 Occidentales
820 2152 968 2216 animum
981 2153 1089 2217 minus
1102 2176 1246 2240 pronum
1259 2167 1362 2220 osten·

243 2251 369 2316 derant.
406 2251 496 2315 Hinc
508 2249 591 2314 forte
609 2251 709 2313 etiam
726 2247 836 2334 plures
851 2250 997 2336 episcopi
1020 2251 1195 2316 orientales
1216 2255 1363 2316 severius

242 2369 348 2433 aequo
361 2345 402 2412 de
419 2347 715 2434 epistolisHonorii
726 2347 939 2434 judicarunt3
962 2349 997 2412 in
1011 2347 1236 2416 damnationis
1252 2363 1362 2416 umen

243 2446 417 2525 sententia,
434 2447 481 2508 uti
497 2445 657 2524 diximus,
674 2444 797 2529 gradum
819 2443 935 2530 culpae
956 2467 1021 2510 non
1036 2459 1189 2512 accurata
1208 2449 1362 2534 exprimi·

242 2557 305 2610 tur.
341 2581 384 2590 -
421 2542 568 2623 Quaeres
590 2543 691 2625 forte,
726 2565 785 2606 cur
807 2541 907 2628 legati
939 2564 1006 2608 non
1028 2547 1208 2610 restiterint
1233 2547 1366 2612 damna·

242 2641 324 2708 tioni
347 2639 542 2706 Pontificis‘l
567 2639 734 2721 Fuerunt,
760 2641 817 2726 qui
840 2641 927 2704 inter
949 2643 1093 2708 rationes
1117 2643 1158 2708 ob
1183 2667 1268 2730 quas
1292 2667 1366 2710 con·
1448 2685 1449 2704 i

187 2761 190 2768 ’
242 2739 420 2805 tenderunt
443 2739 528 2804 Acta
544 2737 685 2804 Concilii
700 2737 749 2802 VI
764 2747 920 2823 corrupta
944 2761 1032 2822 essa,
1056 2741 1157 2814 etiam
1182 2739 1247 2805 hoc
1272 2742 1367 2808 silen-

242 2839 326 2902 tium
348 2836 531 2922 legatorum
562 2836 754 2903 Occidentis
789 2837 824 2900 in
848 2835 1063 2904 damnatione
1086 2837 1228 2904 Honorli
1252 2840 1368 2906 attula-

242 2945 329 3000 runt.
376 2933 472 2999 Certe
496 2935 601 3016 enim,
626 2932 911 3020 inquiunt,legati
932 2945 1047 2999 contra
1070 2935 1236 3022 ejusmodi
1251 2937 1366 3004 Orien·

242 3031 360 3098 talium
391 3053 491 3098 ausus
524 3041 658 3098 strenue
688 3031 932 3098 reclamassent.
980 3031 1045 3098 sed
1078 3035 1206 3098 etiamsi
1232 3057 1366 3100 causam

243 3131 342 3218 hujus
366 3129 490 3196 silentii
515 3129 682 3216 explicare
706 3153 773 3194 non
793 3151 982 3216 possemus,
1008 3131 1085 3195 inde
1109 3139 1221 3196 tamen
1246 3133 1367 3198 inferre
1446 3213 1447 3226 ,

243 3250 310 3294 non
334 3228 465 3310 liceret,
490 3228 577 3293 Acta
595 3227 736 3293 Concilii
760 3227 879 3292 falsata
902 3249 990 3310 esse,
1016 3251 1118 3314 quum
1142 3230 1272 3296 nullum
1296 3231 1367 3296 aoli-

244 3327 324 3391 dum
348 3336 580 3410 argumentum
603 3348 662 3412 pro
691 3325 755 3389 hac
786 3326 967 3390 amartione
990 3327 1093 3411 possit
1115 3329 1236 3392 afferri.
1286 3327 1364 3392 Cae·

243 3435 351 3490 terum
382 3423 474 3489 haud
505 3427 552 3488 ita
586 3426 707 3487 mirum
736 3431 803 3504 eat,
835 3422 960 3506 legatos
991 3422 1070 3487 hnic
1101 3424 1308 3490 damnationi
1332 3447 1367 3490 se
1445 3457 1446 3466 2

244 3546 311 3590 non
335 3523 535 3609 opposuisse.
583 3521 671 3588 Scite
694 3521 738 3586 ad
761 3541 831 3585 rem
854 3519 1120 3606 Hergenrttther:
1161 3523 1365 3604 „Potuerunt

245 3623 309 3710 ipsi
333 3621 540 3702 existimare,
575 3622 700 3706 inquit,
724 3619 816 3705 pacis
846 3621 953 3702 gratia
976 3642 1010 3684 se
1040 3619 1102 3684 hac
1127 3622 1162 3684 in
1185 3643 1220 3684 re
1245 3619 1366 3685 debere

245 3719 382 3800 cedere,
414 3739 452 3784 eo
485 3718 539 3783 vel
563 3719 688 3803 magis,
712 3716 802 3803 quod
837 3717 1014 3782 discrimen
1044 3719 1258 3784 constitutum
1282 3729 1367 3782 esset

246 3821 332 3882 inter
355 3816 653 3881 Moncthelctarum
677 3813 881 3900 coryphaeot
904 3825 937 3878 et
959 3815 1162 3896 Honorium,
1186 3825 1286 3901 atqua
1310 3815 1365 3880 hic
1443 3805 1445 3826 ⁴

245 3924 374 3980 tantum
399 3925 435 3977 ut
459 3915 566 3980 fautor
589 3912 761 3978 haereseos
781 3923 1027 3998 proponeretur.
1073 3913 1178 3979 Juxta
1201 3935 1298 3977 usnm
1322 3913 1367 3977 lo-

245 4013 369 4101 quendi
394 4011 481 4078 illius
511 4013 628 4076 aetatis
661 4009 721 4076 sub
746 4012 879 4076 nomine
908 4011 1146 4076 haereticorum
1173 4013 1271 4076 etiam
1295 4011 1367 4076 fau-

245 4117 331 4176 tores
363 4132 508 4174 errorum
543 4108 682 4194 intelligi
713 4118 874 4196 poterant.
920 4109 1084 4176 Videntur
1116 4107 1163 4174 illi
1188 4112 1366 4183 censuisse,

246 4207 337 4272 haud
366 4229 437 4271 esse
466 4206 679 4292 prudentiae,
711 4229 781 4272 sese
814 4205 962 4272 absolute
995 4207 1199 4272 damnationi
1223 4209 1366 4274 Honorli
