2924 4818
338 1248 700 1370 Dissertatio
750 1247 957 1370 tertia.

101 1521 1206 1626 leopereqnodinsorlbttur‚‚Philosophoumena“

177 1689 274 1770 sive
301 1689 576 1787 ,‚11aeresum
604 1687 805 1768 omnium
832 1685 1122 1771 oont’ntatto.“

179 2079 209 2140 l.
227 2060 347 2157 „Anno
383 2075 468 2139 1840
500 2097 520 2138 a
543 2075 614 2137 viro
645 2093 772 2137 summo
803 2083 836 2136 et
862 2072 1096 2140 litteratissimo
1121 2074 1206 2143 Abel
1233 2059 1359 2162 moll

101 2171 281 2254 Villemain‚
314 2170 498 2237 Galliarum
531 2173 599 2255 regi
633 2193 653 2234 a
685 2169 784 2234 rebus
807 2172 1022 2236 institutionis
1053 2173 1206 2259 publicae

101 2269 303 2336 moderandis
326 2271 487 2346 ministro,
499 2268 674 2353 Myno'r'des
697 2269 827 2352 Mynas,
853 2279 885 2331 et
908 2271 1040 2334 natione
1059 2269 1207 2338 Graecus

101 2377 128 2429 st
147 2367 308 2448 doctrina,
333 2389 405 2431 eam
417 2367 624 2452 provinciam
639 2375 821 2452 acceperat,
847 2377 883 2429 ut
905 2366 998 2430 aditu
1022 2369 1065 2434 ad
1087 2391 1207 2454 graeca

101 2467 288 2530 monateria
311 2463 375 2528 sibi
400 2463 487 2530 facto
518 2462 620 2528 libros
643 2466 892 2550 manuscriptos,
917 2465 973 2549 qui
998 2464 1138 2553 alioujus
1160 2490 1206 2531 es·

100 2573 163 2628 sent
191 2565 288 2650 pretii
320 2563 538 2649 perquireret,
564 2560 746 2644 colligeret,
771 2572 803 2624 et
827 2560 971 2626 collectis
995 2562 1206 2630 bibliotheca-

100 2681 165 2724 rnm
190 2660 427 2726 Parisiensium
457 2680 535 2743 opes
565 2669 709 2744 augeret.
754 2659 845 2723 Inter
873 2669 1002 2723 caetera
1024 2663 1206 2746 priscorum

100 2770 273 2844 temporum
298 2767 520 2834 monumenta,
536 2777 622 2841 quse
636 2754 775 2820 feliciter
788 2766 917 2843 reperta
938 2768 1017 2822 tune
1041 2759 1074 2822 in
1098 2758 1206 2838 lucem

101 2855 250 2938 prodiere,
286 2877 352 2920 non
385 2852 564 2938 ignobilem
589 2851 715 2918 obtinet
745 2852 854 2918 loonm
889 2853 1007 2920 Galeri
1029 2855 1206 2936 dialectiea,

101 2973 191 3036 quam
214 2956 286 3040 ipse
309 2951 429 3036 Mynos
452 2973 539 3014 anno
567 2951 651 3014 1844
681 2953 769 3036 typis
800 2952 987 3034 mandavit,
1013 2952 1206 3017 nobiliorem

103 3047 278 3116 Mureti
291 3049 418 3114 libellum
433 3050 471 3112 de
484 3051 690 3135 pymvuastica,
706 3048 981 3134 Babrdisadellae,
997 3061 1030 3112 et
1046 3051 1207 3136 imprimis

102 3145 196 3210 eodan
209 3169 332 3212 novam
357 3147 492 3210 omnium
515 3147 674 3212 toea-esum
697 3145 943 3231 confutationem
966 3146 1207 3234 continens.“¹)

181 3245 209 3309 2.
234 3245 324 3308 Huic
364 3243 468 3307 codici
511 3242 708 3306 excutiendo
742 3264 844 3328 quum
883 3243 1032 3308 sedulam
1070 3255 1207 3310 novaret

102 3361 224 3426 operam
257 3340 453 3406 Emmanuel
487 3339 652 3418 llillerus,
692 3343 744 3402 vir
784 3340 899 3404 doetus
930 3351 963 3404 et
1001 3343 1207 3428 antiquitatis

102 3458 227 3520 moene
251 3437 385 3504 sedulus
417 3440 641 3520 investigator,
676 3436 772 3500 lisoile
796 3439 932 3520 agnovit
955 3449 1084 3524 partem
1108 3439 1207 3526 hujus

103 3538 208 3620 operis,
242 3536 398 3601 videlieet
429 3536 548 3600 librum
583 3536 654 3620 ejus
677 3537 819 3619 primum
844 3537 877 3599 in
902 3536 1016 3599 codiee
1039 3536 1129 3602 haud
1153 3559 1207 3604 ex·

104 3641 246 3714 danum,
265 3635 337 3720 jam
361 3634 488 3720 pridem
515 3633 667 3698 manibus
691 3633 892 3698 eruditorum
916 3637 989 3698 teri.
1036 3635 1102 3698 Hie
1122 3634 1208 3700 liber

105 3731 218 3811 primns
249 3731 376 3796 scilieet
412 3754 452 3794 ex
484 3731 597 3794 oodioe
632 3730 821 3794 Florentino
851 3733 993 3816 primum
1027 3731 1135 3796 editus
1159 3743 1208 3798 est

105 3848 125 3889 a
144 3827 262 3894 Jseobo
294 3829 463 3894 Gronovio
503 3829 663 3892 Thesauri
697 3829 944 3912 Antiquitatum
977 3825 1095 3894 Graec.
1127 3840 1206 3896 tom.

107 3921 147 3988 X.
167 3948 196 4011 p.
217 3928 280 3992 257
304 3914 460 4010 Lugduni
492 3927 609 3990 Batav.
639 3948 669 3990 a.
696 3925 797 4006 17013
827 3927 962 4012 ipseque
984 3927 1091 3992 editor
1108 3929 1208 4014 juxta

108 4021 339 4108 inscriptionem
365 4022 488 4086 eodiois
513 4021 694 4087 Florentini
723 4021 928 4108 aliorumque
957 4023 1102 4108 Oripem's
1126 4047 1208 4110 opus

178 4265 194 4326 ¹)
211 4259 240 4314 V.
258 4261 362 4324 Graiae,
381 4259 576 4328 Protogenens
594 4261 622 4314 in
642 4257 786 4314 aditionem
805 4259 1088 4328 Philosophonmenon.
