2876 4814
522 483 547 539 S.
566 483 709 540 Fabianus.
1117 493 1169 546 2⁷5

80 632 199 714 rsjecuns
220 641 277 695 est.
324 628 448 694 Scribit
471 626 627 691 videlieet
650 627 754 694 clerus
777 629 944 696 Romanus
967 633 1010 697 ad
1035 631 1170 720 Cypria·

80 749 142 792 unm
163 727 225 814 (ep.
249 725 323 813 36):
351 725 443 799 Quod
472 736 575 789 autem
591 727 733 812 pertinet
763 729 807 792 ad
829 729 991 796 Rioatum
1015 733 1170 797 Lambeci·

79 837 166 888 tauusu
183 848 245 910 pro
269 837 321 888 tuo
350 847 432 888 more
448 824 570 909 fecisti,
594 825 735 909 quirem
762 825 853 890 uobis
876 838 1033 913 tamquam
1055 827 1169 893 sollici·

78 934 129 984 lum
155 925 301 986 metiore
332 921 470 986 voluisti.
522 921 634 985 Οηιποε
666 923 748 986 euim
770 945 828 987 nos
855 923 940 988 dccet
957 947 1019 1010 pro
1043 949 1170 1012 corpore

78 1019 332 1098 totiusEcclesiae‚
357 1023 524 1109 cujusper
545 1019 809 1106 numerosiusque
828 1023 1013 1106 prouincias
1036 1023 1172 1087 membra

77 1117 178 1202 ducatu
210 1129 293 1196 suut,
327 1117 489 1182 naubare.
537 1113 600 1179 Sed
631 1139 690 1179 uos
721 1119 816 1181 etiam
848 1129 921 1182 aute
954 1117 1077 1184 litteras
1101 1131 1172 1184 tuos

70 1215 151 1298 fraus
177 1214 293 1279 callidi
313 1215 446 1278 bominis
469 1213 567 1276 latere
595 1236 660 1277 aaa
676 1216 794 1299 potuit.
849 1215 936 1279 Nom
965 1240 1057 1301 quum
1086 1229 1171 1282 aute·

75 1312 121 1376 luc
140 1313 265 1398 aridam
294 1335 334 1375 eae
363 1313 465 1397 ipsius
495 1311 653 1395 nequitiae
686 1311 805 1375 cohorte
828 1313 962 1376 uenisset
983 1313 1172 1378 occillarius

77 1411 181 1474 fficio
203 1409 352 1488 Falernis,
384 1419 414 1472 et
427 1407 657 1495 fraudulenter
688 1409 811 1472 litteras
834 1433 855 1473 u
877 1410 967 1476 uobis
989 1408 1098 1476 elicere
1122 1437 1170 1478 cu-

75 1520 155 1584 raret,
184 1531 241 1572 uec
272 1508 343 1592 auis
374 1515 453 1570 esset
484 1505 590 1584 latuit,
613 1529 669 1570 aec
692 1504 816 1570 litterae
844 1529 922 1592 quus
943 1507 1066 1572 uolebat
1089 1533 1170 1574 acce·

72 1607 121 1688 pu.
151 1643 190 1652 -
224 1605 277 1668 De
310 1604 404 1668 istius
431 1603 558 1666 Privati
592 1601 756 1667 erroribus
788 1612 820 1667 et
851 1603 1054 1668 facinoribus
1077 1604 1172 1690 plura

74 1701 154 1766 nobis
175 1724 241 1765 non
274 1709 351 1766 sunt
374 1709 461 1782 nota,
485 1697 542 1763 sed
573 1699 748 1764 manifesta
770 1708 847 1764 sunt
868 1702 968 1764 etiam
991 1700 1054 1770 hac
1078 1704 1112 1767 in
1135 1725 1171 1767 re

73 1808 251 1880 argumenta
261 1799 394 1882 agnitae
403 1795 662 1882 principalitatis
671 1795 766 1862 Sedis
779 1795 1000 1884 Apostolicae,
1012 1799 1105 1885 cujus
1116 1823 1170 1885 pa·

73 1897 234 1960 troeinium
244 1895 400 1959 Privatus
414 1893 468 1958 ille
484 1895 655 1982 acquirere
669 1893 879 1958 fraudulento
894 1895 991 1960 modo
1007 1895 1169 1962 studebat.

150 1995 198 2058 17.
223 1993 322 2057 Anno
346 1993 412 2056 249
435 1992 552 2056 Decius
583 1991 741 2056 adversus
772 1991 910 2057 rebelles
941 1992 976 2056 in
999 1993 1171 2058 Pannonia
1190 1982 1329 2085 ”fflffiffi

72 2089 201 2174 legiones
237 2091 375 2172 missus,
408 2089 450 2154 ab
482 2091 523 2153 iis
554 2089 738 2174 Imperator
768 2088 927 2154 salutatus
950 2099 1016 2172 est,
1041 2099 1073 2153 et
1095 2089 1169 2154 Pbi-
1289 2073 1294 2084 ⁹

72 2187 148 2273 lippo
178 2199 271 2275 patre
304 2196 337 2251 et
368 2187 435 2250 filio
468 2186 643 2251 duodenne
668 2185 828 2271 jugulatis
860 2185 1071 2269 amilitibus,
1095 2209 1169 2274 pur·

74 2307 174 2370 puram
197 2286 321 2367 induit,
345 2285 563 2370 regnavitque
591 2305 696 2370 usque
725 2284 768 2348 ad
797 2304 921 2348 annum
945 2284 1020 2350 251.
1045 2285 1169 2349 Decius

73 2379 284 2447 meviisimam
316 2381 576 2467 persecutionem
610 2389 723 2444 contra
756 2377 960 2444 Christianos
1000 2383 1168 2465 excitavit,

73 2501 144 2564 quae
178 2482 301 2566 passim
334 2480 467 2565 septimo
499 2477 630 2560 dicitur,
663 2476 861 2563 duravitque
892 2499 995 2565 usque
1027 2479 1070 2543 ad
1100 2480 1170 2567 ejus

72 2577 243 2660 interitum3
268 2575 432 2641 crudelior
453 2575 536 2640 haec
558 2573 623 2638 luit
645 2576 828 2660 persecutio
852 2596 952 2661 quam
973 2576 1169 2662 praeceden-

72 2681 120 2754 tes,
149 2675 309 2761 multique
341 2674 375 2736 in
409 2694 448 2736 ea
468 2671 553 2758 lapsi
577 2669 695 2760 sunt.¹)
723 2671 755 2737 S.
779 2670 949 2736 Fabianus
972 2674 1066 2737 initio
1090 2675 1169 2737 anni

71 2771 126 2834 250
147 2793 300 2836 coronam
324 2771 473 2855 martyrii
503 2769 627 2834 Romae
650 2768 789 2856 adeptus
819 2777 868 2833 est
890 2768 958 2856 (die
982 2769 1026 2833 20
1048 2769 1169 2834 Janua·

70 2868 126 2952 rii),
147 2881 245 2955 sique
281 2867 364 2932 adeo
398 2867 522 2931 ibidem
555 2865 725 2930 saeviebat
755 2867 949 2951 persecutio,
974 2877 1010 2930 ut
1031 2866 1170 2953 Aposto-

70 2963 123 3028 lica
145 2967 246 3032 Sedes
269 2965 356 3029 ultra
378 2985 502 3028 annum
525 2965 662 3029 vacarit.
700 2961 881 3047 Collegium
904 2963 1170 3049 presbyterorum

70 3063 181 3128 interea
217 3085 270 3126 res
307 3061 545 3126 ecclesiasticas
582 3059 835 3125 administravit.
887 3061 960 3125 Hoc
996 3060 1170 3144 collegium

68 3159 105 3222 ad
131 3161 162 3226 S.
198 3159 404 3246 Cyprianum
439 3157 604 3244 aliosque,
638 3156 727 3222 haud
764 3157 865 3222 dubio
876 3207 885 3240 ,
919 3159 1170 3244 praecipuarum

68 3257 269 3322 ecclesiarum
293 3255 463 3321 Praesnles
486 3255 578 3318 dedit
600 3253 733 3336 litteras,
765 3253 886 3341 quibus
915 3254 1056 3319 Fabiani
1089 3276 1170 3320 mar-

68 3355 179 3436 tyrium
204 3353 412 3418 nuntiabant.
435 3351 476 3416 Id
500 3350 664 3436 colligitur
688 3374 729 3415 ex
753 3351 890 3437 epistola
913 3349 974 3438 (9·)
998 3352 1030 3418 S.
1056 3349 1170 3438 Cypri·

67 3453 114 3515 ani
143 3452 186 3516 sd
211 3449 344 3516 olerum
367 3449 653 3535 Romanumque
681 3449 839 3514 encomiis
862 3470 993 3535 quoque
1016 3449 1049 3514 S.
1074 3449 1170 3514 Fabi-

66 3569 155 3612 anum
184 3549 340 3612 celebrat.
380 3545 456 3611 Cum
479 3547 517 3610 de
541 3569 664 3611 eccesm
691 3546 765 3612 boui
792 3548 864 3626 uiri,
888 3546 1012 3628 scribit,
1036 3545 1170 3633 collegae

67 3648 119 3708 urei
146 3649 214 3711 uisi
237 3667 346 3710 rumor
377 3644 465 3732 apssd
491 3667 548 3708 nos
576 3647 712 3708 incertius
743 3656 831 3724 esset,
847 3644 973 3731 fratres
1005 3645 1169 3727 amissimi,

67 3753 91 3803 et
112 3746 215 3830 opinio
240 3743 340 3807 dubia
363 3752 504 3822 nataret,
535 3743 642 3828 accepi
664 3765 684 3804 a
706 3741 793 3806 uobis
817 3740 941 3805 litteras
964 3741 1008 3804 ad
1029 3765 1076 3804 me
1098 3743 1169 3807 mis·

67 3861 112 3902 stu
136 3866 197 3928 per
232 3837 436 3906 Clementiam
473 3838 737 3926 hypodiaconum,
770 3838 881 3924 quilius
915 3836 1099 3924 plenissime
1131 3839 1169 3902 de

67 3935 189 4018 ylonbso
218 3943 287 4030 ejus
311 3938 400 4000 exitu
430 3938 622 4015 incurrerem·
660 3945 689 3998 et
721 3933 863 4000 ccultaui
894 3935 983 4012 satis,
1007 3935 1090 4019 quod
1105 3957 1169 4020 pro

73 4083 266 4094 m—

133 4160 151 4226 ¹t
169 4157 359 4212 Condicionem
369 4155 582 4210 Christianorum
601 4155 687 4210 medio
705 4155 811 4209 saeculo
823 4154 913 4220 tertio,
933 4159 962 4209 st
980 4160 1171 4222 animatque

68 4233 171 4292 indolem
189 4235 383 4308 pemacutionis
401 4234 476 4290 Decii
495 4233 582 4290 lusius
601 4234 712 4302 exponit
730 4233 826 4290 Petere
843 4233 860 4288 l.
880 4251 910 4302 c,
928 4233 959 4290 L.
977 4233 1014 4288 11
1033 4250 1055 4290 a.
1074 4236 1098 4290 1.

1014 4324 1063 4377 18*
