2936 4814
511 415 757 490 mma
1191 421 1224 476 11

101 553 213 646 luerit,
236 579 337 650 quem
361 563 558 648 ignorantia,
582 563 826 649 superstitione,
850 562 1032 627 ambitione
1054 562 1153 650 plane
1177 566 1224 630 in·

101 663 228 726 sectum
252 671 286 724 et
315 671 507 746 corruptum
536 661 638 726 famae
667 669 885 747 protestantes
915 660 1044 742 volunt,
1072 663 1224 746 ,nonnisi

101 761 304 843 congeriem,
318 761 485 845 inquiunt,
500 759 668 843 ingentem
688 757 894 841 fabellarum,
909 757 1067 843 legendas
1081 763 1224 828 incertas

101 870 134 919 et
156 856 260 921 falsas
282 856 325 921 de
352 859 432 921 vitis
455 857 652 922 Sanctorum
681 877 861 941 eorumque
884 858 1063 942 suppositis
1086 861 1238 932 miracu-⁴

101 954 155 1034 lis,
190 956 397 1019 narrationes
427 956 692 1040 persecutionum
734 954 856 1040 quibus
886 953 1044 1019 baermici
1076 961 1224 1043 oppressi

101 1061 189 1135 sunt,
215 1051 373 1118 chronica
396 1054 670 1116 monasteriorum
700 1059 733 1114 et
762 1053 1012 1137 episcopatuum
1039 1075 1080 1117 ac
1104 1054 1226 1120 similia

101 1151 295 1214 invenimus
326 1169 446 1236 epora,
480 1149 600 1235 quibus
635 1149 894 1214 dominationem
919 1171 1013 1214 suam
1038 1152 1225 1218 sacerdotes

101 1249 210 1330 mgis
233 1250 406 1333 mgisque
439 1246 634 1310 confirmare
666 1255 699 1310 et
730 1245 869 1310 dilatare
902 1246 1103 1314 nitebantur.
1160 1250 1224 1315 Vel

101 1345 307 1435 paucissima
330 1343 395 1428 illa,
420 1367 505 1431 quae
528 1343 669 1429 alicujus
688 1345 845 1408 momenti
870 1344 1034 1410 derebus
1058 1345 1224 1413 historicis

101 1429 282 1528 supersunt
313 1445 455 1528 scripta,
487 1441 725 1508 monachorum
764 1443 898 1528 sapiunt
930 1441 1159 1510 credulitatem
1192 1457 1226 1511 et

100 1539 273 1624 stupidam
297 1543 463 1626 pietatem,
487 1563 527 1604 ac
541 1540 674 1604 nonnisi
690 1539 908 1624 defiguratam
923 1541 1103 1626 quamdam
1127 1543 1225 1608 nobis

101 1635 265 1702 exhibent
280 1637 450 1702 Ecclesiae
465 1637 667 1702 historiam.“
693 1637 760 1702 Sed
784 1637 946 1723 ejusmodi
970 1643 1223 1724 protestantium

100 1756 219 1800 severa
249 1737 413 1800 sententia
443 1737 574 1800 nonnisi
599 1755 641 1798 ex
671 1736 817 1820 ipsorum
840 1735 1077 1821 praejudicatis
1098 1739 1225 1823 opinio-

100 1831 201 1896 nibus
217 1841 251 1896 et
265 1833 406 1897 mnesfir
418 1832 586 1898 erroribus
600 1841 784 1918 promanat.
807 1831 942 1898 Etenim
957 1855 1059 1934 quum
1073 1835 1225 1902 Ecclesia

100 1929 268 1994 catholica
293 1932 397 1994 vitam
428 1953 522 1994 suam
552 1929 836 2016 supernaturalem
860 1931 1117 2018 missionemque
1140 1932 1224 2001 divi-

101 2049 179 2092 nam
204 2027 261 2092 illo
284 2049 367 2092 aevo
391 2027 501 2092 medio
529 2032 621 2092 ta'nto
653 2049 729 2091 cum
759 2026 933 2112 splendore
962 2030 998 2092 in
1021 2039 1070 2094 tot
1092 2032 1224 2096 eximiis

100 2125 336 2206 Pontificibus,
367 2113 559 2212 Episcopis,
589 2127 670 2190 viris
699 2127 840 2208 sanctis,
870 2127 1122 2214 innumerisque
1152 2149 1225 2215 pno-

101 2221 202 2308 digiis
227 2235 260 2286 st
288 2222 457 2288 miraculis
481 2223 677 2305 manifestet,
702 2245 871 2308 quumque
894 2246 931 2290 eo
955 2234 1102 2310 tempore
1125 2230 1226 2294 socie·

101 2333 202 2386 tatem
227 2331 333 2386 tota!
356 2320 562 2407 populosque
577 2320 774 2386 christianos
789 2343 847 2386 suo
871 2322 1002 2387 influxu
1025 2345 1065 2388 ac
1088 2323 1225 2390 salutari

103 2422 266 2504 regimine
289 2419 393 2483 veluti
423 2421 661 2504 penetraverit:
692 2418 727 2483 id
757 2420 958 2504 conspicere,
990 2422 1136 2507 profecto
1160 2421 1226 2486 illis

104 2517 282 2582 haereticis
294 2515 338 2580 ab
353 2515 504 2581 Ecclesia
526 2515 716 2599 rebellibus,
740 2537 868 2580 summe
883 2518 1029 2582 invisum
1053 2529 1103 2584 est
1125 2529 1226 2604 atquo

104 2617 283 2700 ingratum.
330 2614 419 2678 Hinc
448 2614 492 2679 ab
515 2616 579 2678 ista
601 2613 772 2678 Ecclesiae
803 2613 909 2698 gloria
937 2637 1013 2680 suos
1036 2615 1148 2684 oculos
1171 2617 1226 2682 de-

104 2723 269 2800 torquent,
293 2723 326 2776 et
339 2711 448 2776 lucem
462 2713 560 2776 sicuti
575 2711 824 2798 vespertiliones
839 2722 872 2776 et
885 2723 1026 2778 noctrrae
1049 2713 1224 2798 fugientes,
1306 2747 1310 2754 ·

104 2811 187 2875 nihil
202 2811 268 2874 nisi
285 2811 566 2895 superstitionem,
582 2809 749 2895 stupidam
764 2811 986 2894 ignorantiam
1001 2821 1034 2874 et
1048 2811 1224 2896 superbam

103 2907 318 2994 tyrannidem
342 2907 450 2972 medio
474 2927 558 2972 aevo
582 2908 730 2990 viguisse
752 2909 876 2992 passim
900 2906 1120 2974 conclamant.

194 3007 247 3070 14.
271 3005 389 3092 ltaque
406 3005 479 3090 jem
503 3005 767 3090 videamusque
792 3005 889 3070 modo
912 3005 1090 3092 disciplina
1113 3017 1225 3072 nostra

104 3105 161 3171 illa
192 3113 302 3168 aetate
325 3124 397 3168 sese
428 3102 592 3168 habuerit.
638 3103 679 3168 ld
710 3104 874 3188 imprimis
907 3125 978 3168 sese
1010 3103 1107 3168 nobis
1130 3105 1226 3172 offert

102 3199 450 3284 animadvertendum,
473 3223 577 3286 qaum
591 3201 699 3286 prima
722 3200 857 3286 periodo
880 3203 916 3267 in
930 3201 1081 3268 Ecclesia
1095 3199 1225 3272 Graeca

102 3299 280 3366 clarissimi
303 3299 474 3363 floruerint
493 3307 644 3362 auctores
658 3296 817 3380 historici,
832 3299 942 3366 miuus
966 3298 1112 3365 celebres
1135 3299 1224 3386 apud

104 3398 259 3478 muna,
291 3397 491 3461 contrarium
521 3395 691 3460 observari
714 3395 778 3460 hac
802 3395 903 3460 medii
927 3399 1083 3482 temporis
1106 3407 1224 3464 aetate.

103 3497 222 3582 Neque
252 3493 288 3558 id
317 3495 438 3558 mimrn
468 3493 575 3558 videri
606 3493 714 3558 debet.
761 3493 895 3558 Etenim
918 3493 1071 3558 Ecclesia
1094 3493 1225 3560 Graeca

103 3615 141 3657 eo
164 3603 315 3677 tempore
344 3590 499 3676 superbia
526 3601 560 3655 et
589 3591 735 3656 vanitate
765 3591 897 3672 inflata,
922 3593 1028 3676 magis
1052 3593 1224 3678 magisque

101 3714 121 3754 a
145 3699 261 3754 canno
285 3689 422 3753 unitatis
449 3689 594 3772 recessit,
625 3711 665 3752 ac
687 3699 851 3774 postremo
882 3689 924 3754 ab
949 3689 1064 3754 eodem
1089 3691 1223 3756 omnino

103 3811 138 3852 se
171 3787 350 3872 separavit.
405 3785 495 3850 Hinc
526 3787 561 3850 in
600 3784 812 3870 languentem
844 3807 884 3850 ac
917 3788 1073 3852 miserum
1106 3787 1224 3854 incidit

103 3897 238 3966 emtam,
271 3905 312 3948 ae
343 3882 446 3946 veluti
477 3905 590 3948 ramim
621 3882 663 3948 ab
697 3882 814 3948 arbore
837 3885 1005 3969 praecisus
1033 3895 1066 3948 et
1089 3883 1223 3968 solutus,

102 3983 251 4067 obriguit
274 3990 307 4045 et
330 3982 497 4046 exsiccata
526 3989 584 4062 est,
609 3981 656 4045 ita
679 3990 716 4044 ut
738 4003 800 4046 nec
828 3982 1013 4046 sanctitatis
1036 4005 1098 4046 neo
1121 3983 1224 4050 scien-

102 4083 169 4144 tiae
182 4079 314 4144 frum
337 4079 451 4142 eximii
474 4079 510 4144 iu
533 4077 650 4144 eadem
664 4089 924 4164 procrearentur.
971 4079 1121 4144 Ecclesia
1145 4097 1223 4146 vero

102 4179 226 4242 Latina
248 4199 287 4241 eo
311 4185 459 4261 tempore
482 4177 589 4259 magis
607 4178 780 4262 magisque
798 4175 952 4242 roborata
974 4177 1011 4241 iu
1032 4178 1223 4263 peregrinas
