2766 4836
229 453 247 504 4
477 454 517 507 De
536 451 685 510 eueniant
703 455 770 508 tatis
790 471 822 510 ao
839 457 872 511 de
890 455 967 526 lapsu
985 455 1096 514 niuem.

228 593 353 680 hytero:
389 595 427 660 Si
443 595 543 660 Arias
566 591 699 662 decretis
722 597 846 686 Sperodi
868 599 1044 680 rabsaibit,
1069 609 1100 664 et
1123 602 1231 664 eadem
1251 602 1329 664 senat

228 717 296 757 eum
332 693 459 780 Synodo
470 745 479 774 ,
504 717 572 758 erem
594 696 629 759 iu
652 708 849 783 conspectam
875 721 975 762 meam
1005 699 1174 762 admittam
1196 697 1287 762 libau
1305 707 1327 759 et

228 814 296 855 oum
317 793 431 854 horrore
454 795 613 856 remittam
635 795 912 883 Aleaaadre‘am1).

316 891 347 954 5.
373 887 548 972 Colligitur
579 913 620 954 ex
653 892 754 976 hisce,
780 891 1036 958 Constantium
1060 913 1189 978 semper
1211 893 1328 958 firmiter

229 986 436 1051 definitiones
455 988 620 1053 Nicaenas
639 993 760 1055 tuitum
780 1013 859 1074 esse,
879 992 937 1055 sed
957 991 1029 1055 Arii
1049 995 1174 1055 amicos
1188 991 1326 1077 paulatin

228 1107 266 1148 eo
289 1085 443 1166 tendisse,
468 1095 505 1149 ut
528 1085 722 1172 Imperatori
755 1089 1001 1174 persuaderent,
1030 1089 1150 1153 Arium
1177 1107 1327 1174 nunquam

229 1183 379 1247 docuisse
414 1205 538 1247 errores
571 1187 605 1250 ln
639 1185 787 1250 Concilio
820 1187 968 1252 Nicaeno
1002 1186 1191 1270 damnatos,
1238 1182 1327 1271 quoad
1361 1261 1362 1272 ἵ

228 1281 405 1345 doctrinam
428 1291 459 1344 et
471 1281 572 1366 sedan
594 1305 710 1348 revera
744 1305 811 1351 non
845 1307 915 1349 esse
939 1283 1128 1368 discrimen,
1153 1284 1211 1348 sed
1234 1303 1328 1347 omnes
1361 1273 1362 1342 ἶ

229 1381 417 1452 convenire.
472 1379 581 1444 Litem
614 1383 783 1466 vigentem
817 1385 903 1446 inter
935 1382 1054 1446 Arium
1087 1405 1127 1446 ao
1161 1382 1328 1446 defensores

228 1478 341 1561 ipsius,
367 1487 399 1540 ct
422 1478 508 1541 inter
521 1477 592 1564 ejus
606 1478 822 1563 adversarios,
843 1499 957 1566 reapse
973 1501 1041 1544 nou
1055 1481 1223 1544 offendere
1236 1479 1328 1546 fidon.

228 1575 286 1638 sed
309 1576 487 1639 consistere
519 1577 553 1639 in
586 1576 698 1640 subtili
732 1579 948 1642 terminorum
981 1580 1199 1663 expositione.
1244 1578 1328 1640 Voca-

227 1671 342 1736 bulum
367 1671 549 1755 ὁμοούσιος,
574 1675 871 1756 eaasrebstaate'alia,
905 1697 971 1741 non
1008 1699 1078 1740 esse
1096 1676 1329 1740 'necessarium

228 1770 339 1834 multis
363 1770 469 1834 videri
492 1793 609 1856 parurn
633 1783 747 1858 aptum
766 1783 800 1838 et
820 1773 917 1839 valde
940 1773 1077 1838 obvium
1101 1773 1250 1838 sensibus
1271 1772 1329 1834 hae-

227 1869 348 1947 reticis,
372 1867 520 1954 adeoque
544 1891 609 1934 non
634 1891 704 1934 esse
728 1871 924 1955 urgendum.
963 1871 1032 1935 Nec
1056 1871 1163 1956 qualis
1186 1872 1229 1936 sit
1249 1889 1329 1953 gene·

227 1967 310 2030 ratio
334 1966 450 2030 divina
473 1965 626 2031 subtilius
650 1969 772 2055 inquiri
794 1969 923 2053 debere,
948 1991 1050 2055 quum
1075 1969 1191 2032 eadem
1213 1969 1254 2030 sit
1275 1985 1330 2048 my·

228 2065 362 2127 sterium
387 2063 566 2130 ineffabile.
613 2065 701 2129 Satis
724 2087 804 2150 esse,
821 2067 1006 2131 doctrinam
1031 2066 1072 2131 de
1086 2065 1173 2130 Filio
1189 2067 1249 2130 Dei
1271 2083 1329 2150 pro

227 2161 311 2224 fiteri
346 2161 456 2224 verbis
489 2161 695 2248 Scripturae3
743 2167 953 2251 caeteroquin
985 2187 1019 2228 re
1052 2173 1082 2227 a
1115 2163 1331 2250 aepisinaleater

227 2281 341 2322 omncs
373 2259 547 2324 admittere
579 2283 619 2324 ea
656 2281 741 2348 quae
778 2264 812 2328 in
846 2261 996 2327 Concilio
1028 2263 1176 2326 Nioaeno
1209 2261 1330 2326 definita

227 2367 331 2421 erant.
1362 2443 1363 2456 χ

60 2459 217 2502 tattonis·
316 2456 347 2519 6.
371 2453 448 2520 Jam
480 2465 556 2520 ante
588 2456 707 2522 Arium
737 2458 895 2524 videntur
917 2459 1082 2524 Eusebius
1115 2469 1147 2522 et
1177 2453 1329 2540 Theognis
1362 2459 1363 2494 r

227 2554 371 2616 revocati
396 2553 512 2635 fuisse,
537 2565 635 2641 atquc
659 2555 824 2628 Eusebius
852 2577 954 2643 quum
986 2555 1203 2622 orthodoxam
1225 2554 1329 2619 ¹doetri—
1362 2547 1363 2550 ¹

226 2671 303 2714 nam
327 2649 496 2715 simularet
528 2661 560 2715 et
592 2675 727 2717 assensu
764 2675 822 2718 suo
860 2656 903 2719 ad
930 2655 1032 2720 fidem
1055 2653 1237 2718 Nicaenam
1258 2651 1328 2714 Con·
1362 2649 1363 2662 ¹

226 2750 407 2812 stantinum
432 2748 494 2811 sibi
520 2749 721 2833 conciliaret,
743 2773 910 2839 quumque
927 2761 1105 2837 praetcrea,
1131 2755 1178 2816 uti
1203 2750 1328 2815 videtur.

227 2867 268 2908 ex
292 2847 362 2930 ipso
388 2845 595 2911 Constantini
620 2869 740 2932 genere
764 2859 862 2932 esset,
887 2851 921 2914 in
947 2851 1077 2934 magnis
1100 2849 1272 2914 honoribus
1293 2844 1329 2908 ab

227 2943 427 3028 Imperatore
460 2943 593 3008 habitus
626 2957 684 3010 est.
741 2947 814 3028 Quo
848 2949 954 3029 magis
987 2969 1065 3010 vero
1097 2947 1171 3010 Arii
1203 2947 1329 3010 fautores

228 3039 444 3104 Constantino
468 3041 582 3106 fucum
605 3042 763 3126 facerent,
788 3055 858 3109 tum
883 3045 945 3130 ipsi
969 3053 1041 3109 tum
1060 3043 1162 3108 Arius
1184 3043 1255 3108 fidei
1276 3043 1329 3105 for-

228 3138 333 3204 mulas
357 3140 391 3202 in
424 3141 567 3225 speciem
601 3141 789 3224 catholicas,
823 3143 881 3207 sed
904 3141 1058 3206 subdolas
1082 3153 1115 3206 et
1137 3145 1328 3228 aequivocas.

228 3235 421 3320 Imperatori
446 3236 644 3306 obtulerunt.
677 3239 797 3305 Exstat
820 3241 897 3305 fidoi
922 3239 1119 3325 symbolum,
1145 3240 1229 3327 quod
1243 3239 1329 3302 Arius

227 3333 360 3418 obtulit,
385 3335 474 3420 apud
499 3337 667 3401 Socratem
691 3337 735 3402 H.
759 3337 798 3403 E.
812 3339 853 3404 L.
880 3339 904 3403 l.
929 3361 956 3403 e.
982 3339 1035 3403 26.
1060 3338 1098 3402 In
1123 3338 1234 3402 eodem
1256 3339 1329 3399 inter

228 3430 294 3495 alia
308 3433 478 3515 profitetur
492 3432 592 3497 Arius
607 3433 706 3498 fidem
721 3429 767 3512 εἷς
783 3434 906 3521 Κύριον
919 3441 1035 3524 lpaobr
1044 3429 1189 3518 Χριστὸν
1196 3435 1249 3499 τὸν
1266 3429 1329 3496 liin·

229 3527 498 3616 udaobtllarodg),
515 3529 571 3594 τὸν
587 3529 621 3612 ἒξ
636 3530 733 3596 atrro
746 3532 811 3618 πρὸ
827 3532 958 3599 aanor
971 3539 1036 3598 τῶν
1050 3527 1174 3597 αἰώνων
1187 3527 1328 3618 yeyarpr'-

230 3649 291 3705 νον,
308 3623 388 3690 θέον
403 3625 516 3710 Λόγον
535 3623 565 3693 di
586 3620 623 3692 οὗ
642 3629 750 3694 πάντα
765 3629 897 3714 r‘ye‘vero,
915 3653 943 3696 κ.
958 3654 987 3696 τ.
1004 3630 1032 3696 λ.
1043 3631 1157 3696 Facile
1172 3633 1267 3710 vides,
1279 3625 1326 3690 tali

228 3725 429 3810 professione
444 3727 553 3811 specie
571 3727 754 3792 orthodoxa
768 3729 962 3816 Imperatori
984 3731 1019 3794 in
1039 3727 1137 3794 rebus
1156 3724 1328 3811 theologicis

230 3845 438 3856 u—-ss-—m—

304 3912 325 3978 ¹)
343 3911 474 3978 Socrates,
502 3911 536 3968 H.
565 3913 605 3979 E,
632 3913 663 3968 L.
692 3915 713 3968 Ι.
739 3929 761 3968 c.
780 3915 823 3970 25.
848 3945 882 3956 -
901 3915 957 3972 cu.
976 3916 1077 3970 Soaom
1096 3917 1132 3973 Η.
1152 3917 1191 3982 R,
1208 3914 1237 3969 L.
1254 3911 1327 3968 mr.

232 3992 272 4054 15,
292 3991 337 4046 ubi
356 3991 442 4046 refert
459 3993 576 4048 Arianos
600 3995 770 4060 conandum,
796 4000 845 4050 out
875 3997 1008 4052 somatum
1032 4002 1082 4050 met
1107 4013 1196 4051 mass
1220 3995 1327 4050 ruam

230 4087 315 4124 saroa
335 4071 514 4140 Imperatoris
532 4073 696 4140 apparuisse
721 4075 862 4142 diuinitas,
894 4092 949 4143 qua
967 4076 1071 4130 maudo
1089 4077 1136 4142 sit,
1155 4075 1265 4128 nomas
1280 4071 1330 4124 ab<

232 4155 300 4204 recte
318 4151 425 4216 arrtttre,
445 4157 469 4204 rt
488 4151 593 4218 injuste
611 4168 665 4207 esee
683 4153 834 4208 dominatos.
872 4153 935 4207 Ilac
953 4153 985 4208 de
1003 4171 1089 4210 euersa
1096 4155 1279 4224 Imperatorem
1294 4161 1329 4200 tot

232 4229 267 4282 ab
284 4229 366 4282 raetia
384 4245 527 4286 revocasse.
