2876 4814
246 449 300 506 280
645 463 647 468 ’
683 451 724 512 De
742 447 768 504 S.
787 448 929 518 Cypriano.

246 596 479 658 &mentonem
492 582 614 660 dolosis
629 593 803 672 obtendere,
820 594 874 678 qui
887 594 987 658 oiotrm
1002 605 1049 658 ast
1070 597 1105 658 ic
1124 595 1242 659 dolore.
1270 597 1367 660 Nunc

245 714 317 755 vero
340 714 419 777 quoe
442 691 574 756 mdnera
597 692 758 756 ostendere
781 692 857 754 victi
866 701 1012 776 possent,
1036 713 1115 776 quos
1131 692 1253 779 plopus
1274 693 1365 756 idon·

247 791 324 854 nom
354 791 515 867 viscerum,
548 811 627 875 quoe
666 799 820 854 tormenta
858 787 1070 868 membrorum,
1105 790 1160 853 ubi
1190 813 1257 854 noa
1283 791 1366 874 fides

246 908 410 973 conpressa
424 887 545 966 cecidit,
561 887 617 950 sert
631 888 877 972 conpressiocem
895 886 1036 971 perfidio
1055 889 1221 971 praecenit
1229 885 1263 972 ¹).
1313 887 1365 950 Ex

245 982 336 1046 hisce
359 981 532 1068 colligitur,
556 1003 611 1048 eos
644 985 701 1069 qui
725 983 809 1068 lapsi
833 993 910 1047 sunt
934 983 1135 1066 Carthagine
1159 986 1192 1048 in
1217 983 1277 1048 illa
1300 985 1364 1048 De-

246 1081 287 1144 cii
313 1081 549 1171 persecuticne,
580 1083 727 1145 maxima
758 1079 873 1144 saltem
903 1091 996 1165 parte
1018 1079 1109 1146 haud
1133 1081 1167 1143 in
1190 1084 1365 1146 tormentis

246 1178 481 1240 constitutore
504 1177 571 1242 fide
594 1177 763 1257 defecisse,
781 1177 839 1242 sed
854 1198 975 1261 magna
998 1199 1074 1242 cum
1098 1178 1235 1260 ignavia
1264 1181 1364 1244 etiam

245 1283 423 1359 antequam
447 1275 481 1338 in
499 1273 666 1360 judicium
697 1283 896 1340 vocarentur
925 1274 1103 1339 formidine
1125 1277 1365 1360 persecutionis

247 1369 415 1436 Christum
438 1392 585 1456 negasse.
632 1373 750 1436 Merito
780 1374 882 1456 igitur
912 1372 945 1436 S.
970 1370 1156 1457 Cyprianus
1179 1372 1290 1437 noluit
1311 1395 1365 1436 eos

247 1469 340 1531 linita
362 1471 590 1553 persecutione
613 1471 683 1533 sine
704 1467 1006 1534 ullasatiefactione
1029 1471 1072 1535 ad
1096 1473 1364 1534 communionem

246 1565 429 1630 admittere.
552 1574 557 1582 '

335 1663 388 1728 22.
412 1663 489 1728 Jam
513 1663 554 1728 de
575 1664 639 1728 ista
666 1665 877 1728 controversia
915 1687 994 1750 puae
1018 1667 1179 1730 occasione
1202 1664 1366 1750 lapsorum

247 1771 359 1824 scorto
391 1772 437 1826 cst
468 1763 655 1826 accuratius
687 1783 834 1845 agamus.
881 1761 962 1826 Tres
994 1761 1160 1847 lapsorum
1184 1761 1365 1846 distingue·

246 1857 368 1922 bantur
399 1857 527 1942 classes,
551 1858 807 1942 somfloutoram,
840 1860 897 1944 qui
921 1858 1016 1924 idolis
1045 1858 1207 1923 sacrificia
1240 1857 1365 1922 obtule
1429 1939 1430 1948 ἵ

246 1966 330 2038 rant,
364 1955 618 2040 thursflcatonon,
651 1957 707 2041 qui
740 1957 915 2021 numinum
939 1955 1123 2020 amulaeris
1155 1955 1232 2020 thus
1257 1956 1365 2020 adole

249 2062 379 2134 verant,
407 2052 658 2132 libellaticorum,
683 2055 740 2138 qui
773 2075 793 2117 a
822 2053 1067 2138 magistratibus
1099 2063 1263 2134 emerant,
1298 2053 1364 2139 (vel

172 2223 181 2232 ,
247 2151 330 2214 forte
354 2151 417 2236 ipsi
441 2151 481 2212 iis
498 2148 685 2214 obtulerant
705 2150 820 2216 addita
848 2149 1003 2236 pecunia)
1022 2149 1158 2231 libellos,
1183 2152 1218 2215 in
1242 2151 1365 2236 quibus

248 2248 485 2328 continebatur,
510 2247 582 2312 illos
602 2248 667 2312 diis
681 2247 897 2313 sacrificando
912 2247 1124 2334 Imperatoris
1139 2248 1249 2312 edicto
1275 2249 1364 2312 satis·

248 2346 382 2427 fecisse,
414 2344 492 2408 licet
523 2345 558 2410 id
592 2348 701 2432 reipsa
730 2367 796 2412 non
820 2345 983 2411 fecissent.
1030 2346 1076 2410 Hi
1098 2344 1271 2410 libellatici
1297 2349 1363 2432 qni-

248 2443 322 2506 dem
348 2465 411 2507 non
440 2452 509 2506 tam
538 2445 685 2527 graviter
714 2453 950 2528 peccaverant,
980 2465 1081 2529 quam
1104 2441 1161 2506 alii
1184 2442 1282 2527 lapsi,
1308 2443 1364 2506 cri-

249 2539 348 2604 minis
370 2549 481 2604 tamen
505 2542 553 2603 rei
569 2550 671 2621 crant,
689 2563 790 2626 quum
806 2540 924 2605 libellis
940 2542 1011 2604 istis
1031 2540 1237 2626 defectionem
1260 2565 1283 2603 o
1297 2540 1364 2622 fide
1430 2599 1431 2614 ,

248 2637 478 2723 simulas·cut¹)
511 2637 564 2701 De
596 2640 636 2702 iis
668 2636 783 2702 Clerus
806 2638 899 2704 Rom.
929 2636 1066 2723 epistola
1089 2636 1132 2701 ad
1156 2635 1363 2722 Cyprianum
1430 2631 1431 2656 ¹

325 2851 343 2918 ¹)
362 2850 402 2903 De
419 2849 571 2904 libellots'cs's
593 2863 736 2915 eorumque
759 2849 869 2904 crimine
892 2863 945 2904 non
963 2863 1018 2902 una
1036 2853 1237 2903 emersurum
1256 2854 1364 2903 senten·

248 2929 300 2996 tia;
320 2930 424 2984 emdite
443 2929 491 2982 hac
509 2929 542 2983 de
560 2943 589 2982 re
607 2927 717 2984 disserit
732 2928 863 2996 l·¹echtrnp
883 2928 899 2982 l.
919 2945 940 2982 c.
959 2929 983 2998 fl.
1003 2932 1027 2980 7.
1049 2957 1080 2967 -
1101 2927 1230 2982 llosheim
1243 2935 1274 2982 et
1287 2929 1364 2984 Rett

248 3011 314 3078 berg
341 3015 459 3072 censent,
488 3007 647 3063 libellaticos
666 3008 757 3072 fixisse,
785 3009 831 3074 qui
850 3008 914 3062 dato
932 3008 1020 3076 pretio
1047 3024 1065 3061 a
1082 3008 1294 3076 magistratibus
1323 3009 1363 3062 rel

248 3105 295 3158 per
313 3105 341 3144 se
360 3089 403 3144 vel
422 3103 469 3156 per
487 3087 554 3142 alios
578 3087 737 3142 obtinebant
760 3087 888 3152 libellum,
908 3088 926 3143 i.
946 3104 968 3142 e.
987 3087 1206 3142 testificationem
1226 3089 1363 3156 scriptam.

248 3185 292 3224 eos
320 3169 408 3222 edicto
436 3167 568 3235 imperiali
592 3167 764 3232 satisfecisse,
793 3168 915 3234 quamvis
942 3183 995 3221 nou
1022 3167 1227 3222 sacrificassent
1266 3169 1298 3221 In
1319 3169 1365 3220 bac

249 3249 412 3302 enuntiem
436 3248 589 3316 apostasiae
607 3262 699 3303 eorum
717 3247 818 3302 crimen
830 3247 1003 3302 consistebat
1023 3248 1135 3304 Accedit
1148 3247 1287 3315 Fechtrnp
1306 3247 1365 3301 hnic

248 3329 408 3390 sententiae,
431 3343 500 3393 qnae
522 3327 598 3382 nobis
617 3341 721 3394 qnoque
739 3327 848 3380 ridetur
871 3341 936 3380 vera
958 3341 1023 3381 essa
1049 3357 1081 3366 -
1105 3326 1247 3394 Rigaltius
1266 3333 1297 3382 et
1316 3327 1365 3381 ile·

249 3407 301 3461 sele
328 3414 445 3470 censent,
473 3407 556 3462 fuisse
583 3406 678 3470 etiam,
710 3405 755 3474 qui
785 3407 872 3457 alateo,
905 3407 990 3458 libello
1013 3405 1186 3460 affirmabant
1209 3422 1239 3460 se
1267 3406 1365 3462 sacrifi·

248 3503 330 3546 casae.
349 3493 377 3540 et
397 3487 437 3540 ite
455 3485 547 3540 addito
566 3485 695 3554 pecuniae
714 3500 823 3540 munere
842 3483 1009 3549 obtinebant,
1028 3493 1132 3539 utnon
1151 3485 1268 3540 ulterius
1288 3502 1365 3554 urge·

249 3571 350 3620 rentur.
376 3597 408 3605 —
433 3567 560 3621 bleranus
578 3570 607 3619 et
625 3565 720 3619 Petere
742 3565 908 3628 existimant,
928 3566 1027 3618 crimen
1051 3564 1259 3620 libellaticorum
1284 3567 1315 3620 in
1337 3581 1365 3618 eo

248 3647 338 3712 tuisse,
358 3647 427 3713 quod
445 3647 511 3700 slata
528 3645 641 3714 pecunia
659 3645 821 3710 obtinerent,
839 3651 871 3698 ut
889 3645 1101 3699 inscriberentur
1119 3661 1136 3698 a
1154 3645 1363 3713 magistratibus

249 3726 380 3790 litrltiei
409 3743 431 3780 e.
460 3725 577 3780 indiculo
596 3740 687 3780 eorum
714 3725 760 3790 qui
779 3723 1006 3788 sacrificaverant,
1033 3729 1118 3790 utque
1136 3725 1185 3780 hac
1203 3726 1313 3780 ratione
1338 3744 1363 3780 ae

249 3805 402 3860 liberarent.
441 3805 577 3873 Ejusmodi
600 3803 701 3859 indices
723 3803 857 3858 contectos
876 3803 960 3858 sitisse
983 3804 1124 3872 admodum
1151 3805 1289 3871 probabile
1318 3813 1364 3860 est

248 3884 358 3939 dubium
377 3893 475 3950 temen,
494 3884 701 3938 libellaticorum
719 3899 814 3938 nomen
834 3884 985 3938 sanatione
1003 3889 1091 3938 ortum
1110 3900 1175 3938 essa
1186 3915 1220 3924 —
1231 3885 1292 3938 Fell
1313 3887 1364 3940 exi·

248 3964 349 4030 stimat,
370 3965 537 4018 Christianos
556 3964 684 4030 quosdam
703 3963 806 4017 misisse
825 3978 947 4031 paganos
966 3963 1011 4030 qui
1031 3979 1122 4017 eorum
1140 3965 1247 4018 nomine
1266 3965 1363 4020 sacnt-

249 4051 343 4098 carcnt
361 4050 389 4098 et
412 4043 599 4098 attestationis
622 4043 741 4097 libellum
765 4041 928 4096 obtinerent
970 4042 1045 4109 Quod
1069 4041 1140 4098 sorte
1164 4044 1302 4099 internum
1322 4047 1363 4098 fle

249 4123 308 4188 bat;
329 4125 405 4177 varia
423 4123 494 4177 enim
512 4129 620 4191 poterat
645 4137 703 4178 esse
721 4122 824 4176 occasio
837 4121 957 4176 libellum
975 4121 1121 4177 obtinendi.
1151 4123 1220 4178 Vide
1238 4124 1306 4178 baec
1325 4140 1363 4192 ep.

250 4201 384 4270 Feobtrup
403 4203 421 4257 l.
440 4221 461 4255 c.
557 4221 563 4234 ·
1369 4203 1371 4206 ’
