2900 4800
518 465 606 535 Sergii
625 467 747 535 epistola.
1136 469 1188 525 tot

72 616 137 688 est,
171 615 205 670 et
236 607 438 672 contradixit
469 607 513 672 ad
546 612 644 674 unius
667 613 867 696 operationis
891 613 1082 698 capitulum,
1107 613 1190 677 duas

72 707 209 768 omnino
239 706 444 790 operationes
477 705 601 772 Christi
633 708 696 772 Dei
729 710 832 773 nostri
869 708 1007 794 dignum
1037 711 1190 796 inquiens

71 805 219 884 censeri,
244 804 492 888 praenominato
516 815 626 868 autem
659 807 865 870 sanctissimo
888 829 975 894 papa
998 810 1190 893 praesertim

71 902 263 965 testimonia
293 901 323 964 ei
360 901 579 986 quorumdam
616 911 803 968 sanctorum
835 903 972 970 Petrum
1005 913 1190 970 nostrorum

69 999 276 1086 proferente,
307 999 480 1083 dispersim
510 1001 545 1063 in
577 1000 775 1086 quibusdam
809 1001 975 1087 opusculis
998 1005 1065 1068 suis
1088 1025 1190 1068 unam

70 1098 297 1184 operationem
320 1098 553 1179 asserentium,
577 1096 718 1162 adhaec
739 1119 869 1185 quoque
885 1108 918 1163 et
940 1123 982 1165 ex
1005 1101 1189 1166 abundanti

70 1195 252 1282 inquienti,
286 1194 374 1280 quod
407 1194 571 1258 multoties
603 1198 709 1260 sancti
737 1197 852 1261 Patres
881 1200 999 1281 nostri,
1027 1197 1189 1262 111111111-

70 1303 187 1357 rentur
209 1292 427 1378 plurimarum
452 1293 638 1357 animarum
668 1294 817 1377 salutem,
842 1295 922 1359 dum
945 1296 1024 1360 talia
1047 1317 1189 1380 emerge-

68 1401 144 1456 rent
167 1389 329 1475 capitula,
353 1390 425 1454 Deo
457 1392 560 1475 gratis
583 1391 884 1478 dispensationibus
916 1415 956 1457 ac
985 1393 1115 1478 placitis
1138 1393 1189 1456 usi

68 1489 172 1553 firisse
187 1487 354 1569 videntur,
379 1486 463 1552 nihil
486 1485 527 1552 de
549 1487 730 1553 subtilitate
745 1499 908 1554 rectorum
921 1488 1091 1554 Ecclesiae
1114 1489 1189 1576 dog-

69 1597 199 1652 matum
223 1587 444 1670 exagitantes,
469 1595 502 1650 et
518 1587 658 1668 dicente,
679 1587 768 1673 quod
783 1597 931 1675 oporteat
953 1589 1067 1674 utique
1089 1589 1189 1652 etiam

68 1689 101 1751 in
126 1685 306 1771 praesenti,
331 1683 410 1747 dum
434 1693 600 1748 tantorum
617 1684 758 1749 millium
781 1685 977 1772 populorum
1001 1685 1089 1750 salus
1111 1707 1190 1771 prae

68 1782 228 1848 manibus
250 1783 392 1868 ponitur,
416 1780 502 1846 nihil
527 1781 567 1848 de
591 1781 654 1847 hoc
673 1804 733 1869 per
756 1785 999 1848 contentionem
1023 1782 1190 1864 altercari;

68 1881 197 1946 idcireo
221 1878 328 1966 quod,
352 1881 438 1943 sicut
459 1878 585 1943 dictum
610 1889 675 1964 sst,
699 1881 799 1944 etiam
823 1903 843 1944 a
866 1879 1065 1966 quibusdam
1089 1881 1190 1944 saeris

67 1978 227 2044 Patribus
250 1999 318 2042 vox
340 1977 531 2062 hujusmodi
555 1976 645 2042 dicta
668 1987 729 2060 111,
760 1977 909 2066 nihilque
933 1977 974 2042 de
996 1977 1060 2042 hoc
1082 1977 1190 2042 laeda-

67 2092 121 2142 tur
144 2085 257 2141 rectae
280 2075 358 2139 fidei
380 2076 480 2158 rati03
505 2086 704 2140 memoratus
720 2077 792 2141 Deo
809 2075 961 2142 amabilis
984 2075 1189 2162 Sophronias

65 2177 170 2242 talem
195 2173 475 2259 dispensationem
498 2171 685 2238 nullatenus
708 2183 843 2260 accepto
866 2173 950 2240 tulit.
980 2173 1068 2255 Quia
1090 2174 1192 2258 igitur

66 2297 126 2360 pro
152 2272 218 2336 hoc
241 2291 317 2336 oum
349 2270 469 2335 litteris
498 2271 647 2357 ejusdem
681 2273 877 2336 sanctissimi
907 2273 1123 2336 comministri
1147 2273 1190 2337 ad

67 2395 128 2436 nos
154 2370 341 2456 conjunxit,
366 2369 407 2433 de
439 2368 502 2433 hoc
526 2391 656 2455 quoque
687 2371 787 2435 etiam
810 2370 900 2457 apud
924 2391 984 2434 nos
1007 2389 1191 2434 sermonem

64 2468 233 2536 movendo
257 2470 422 2549 insistens,
446 2475 483 2531 ut
507 2467 548 2532 de
571 2465 693 2531 talibus
716 2468 918 2533 adimeretur
941 2467 1095 2554 capitulis
1117 2475 1192 2553 post

64 2571 190 2634 iactam
206 2567 390 2630 unitionem
406 2585 472 2628 vox
489 2567 587 2630 unius
609 2567 822 2650 operationis,
838 2565 958 2630 durum
982 2587 1041 2630 nos
1065 2563 1128 2628 hoc
1142 2587 1190 2628 sr-

65 2667 182 2732 bitrati
198 2684 322 2728 sumus.
348 2662 523 2743 Quomodo
539 2664 629 2726 enim
642 2683 707 2727 non
723 2673 807 2727 esset
822 2664 940 2728 durum
955 2671 988 2727 et
1003 2661 1189 2727 1111111111-

65 2753 349 2848 11111111,’111111111
365 2761 427 2825 boc
443 2760 606 2824 resolvere
621 2771 834 2847 evertereqne
855 2769 925 2825 erat
947 2761 1095 2824 futurum
1118 2759 1188 2846 qui·

65 2864 144 2928 dem
170 2881 303 2925 omnem
326 2857 417 2923 illam
442 2857 653 2923 concordiam
679 2867 777 2945 atque
801 2860 971 2941 unitatem,
996 2879 1081 2944 quae
1103 2856 1189 2922 bene

65 2962 178 3025 fuerat
202 2959 328 3040 effecta,
352 2967 420 3021 tam
435 2955 524 3041 apud
540 2955 805 3022 Alexandrinam
829 2977 984 3041 magnam
1008 2957 1187 3037 civitatem,

65 3077 237 3145 quamque
259 3077 319 3142 per
341 3056 514 3119 universas
535 3052 595 3117 rub
613 3076 652 3117 ea
665 3057 865 3140 provincias,
890 3076 974 3140 quae
997 3053 1087 3118 nullo
1109 3063 1188 3117 tem-

64 3177 148 3244 pore
173 3175 283 3240 nsque·
300 3175 390 3218 nunc
412 3153 663 3238 acquieverant,
688 3173 807 3218 nomen
837 3152 952 3217 saltem
977 3151 1119 3238 simplex
1142 3151 1189 3215 di-

66 3255 141 3319 vini
176 3261 275 3338 atque
306 3249 483 3316 laudabilis
512 3252 615 3336 patris
647 3253 750 3314 nostri
782 3251 918 3332 Leonis,
948 3259 1006 3314 aut
1028 3251 1133 3314 sancti
1157 3257 1190 3314 et

66 3352 184 3437 magni
214 3359 313 3436 atque
344 3347 541 3414 universalis
574 3345 856 3412 Chalcedonensis
889 3346 1029 3413 Consilii
1053 3348 1189 3412 mentio·

65 3471 147 3515 nem
172 3450 290 3530 faeere,
315 3469 404 3512 nunc
428 3468 507 3511 vero
523 3445 694 3532 praeclara
708 3455 741 3510 et
755 3467 877 3531 magna
901 3447 1041 3510 1111111
1065 3444 1190 3509 divinis

65 3553 247 3616 missarum
270 3548 400 3612 arcanis
422 3545 485 3609 boo
508 3544 786 3630 praedicantes?“

160 3647 214 3712 24.
242 3645 376 3730 ,Multis
399 3645 500 3729 igitur
531 3665 551 3707 a
583 3643 679 3707 nobis
710 3641 751 3708 de
775 3641 838 3706 boo
862 3643 959 3706 motis
983 3639 1189 3705 sermonibus

64 3747 113 3812 ad
137 3745 426 3832 praenominatum
449 3740 674 3805 venerabilem
691 3737 923 3826 Sophronium,
947 3747 1110 3825 postremo
1133 3735 1188 3801 ad-

65 3846 192 3911 hortati
224 3863 300 3906 eum
332 3861 463 3922 11111111,
497 3839 685 3903 testimonia
707 3837 802 3903 nobis
832 3837 978 3924 proferre
1001 3845 1189 3900 sanctorum

65 3965 109 4009 ac
134 3939 358 4029 probabilium
372 3939 518 4016 Patrum,
542 3936 673 4001 illorum
697 3935 847 4000 vidilicet
870 3956 952 4021 quos
974 3955 1088 3998 omnes
1104 3954 1188 3996 com·

67 4041 218 4106 muniter
244 4038 405 4102 Doctores
437 4033 648 4116 eonfitemur,
674 4044 706 4098 et
735 4053 874 4120 quorum
888 4051 891 4060 ’
905 4032 1059 4116 dogmata
1081 4029 1187 4114 legem

67 4147 206 4204 11111111
221 4136 286 4200 Dei
310 4143 514 4221 cognocunt
526 4133 705 4216 Ecclesiae,
730 4131 812 4196 dues
835 4131 1029 4194 nominatim
1054 4137 1087 4194 et
1108 4129 1189 4214 ipsis

65 4236 184 4301 verbis
203 4235 408 4320 operationes
423 4234 458 4297 in
474 4230 604 4297 01111111
629 4231 788 4296 dicendas
803 4229 984 4309 tradentia3
1008 4226 1063 4292 ille
1077 4237 1188 4290 autem

116 4357 247 4408 immun,
261 4352 436 4395 Dissertationos.
452 4351 511 4393 Tem.
525 4350 551 4393 11.
1045 4331 1081 4386 26
