2836 4804
448 436 525 491 Lites
542 435 766 505 On'genistuum.

580 672 640 736 Π.

173 800 512 868 controversae
540 803 593 867 dc
616 803 770 868 trtboa
793 802 1043 882 centenus.

142 941 196 1005 33.
218 941 296 1006 Jam
326 942 499 1006 veniamus
532 941 576 1006 ad
606 941 768 1008 celebrem
800 944 896 1007 istam
919 943 958 1008 de
982 943 1080 1008 ottae
1107 940 1164 1008 Ca·

1 1089 2 1108 ,
44 1037 164 1125 piratis
197 1040 462 1121 controversiam,
495 1061 581 1125 quae
611 1042 715 1104 vitam
745 1049 777 1104 et
798 1039 1027 1125 pontificatum
1050 1040 1164 1125 Vigilii

1 1127 2 1138 ¹
47 1137 133 1202 adeo
160 1138 353 1221 exagitavit,
376 1145 476 1223 atque
499 1139 533 1202 in
548 1138 621 1224 ipsa
643 1137 793 1204 Ecclesia
816 1135 1076 1204 vehementiores
1100 1159 1164 1202 mo·

1 1261 2 1318 }
47 1248 100 1300 tus
125 1235 295 1322 produxit.
333 1233 550 1300 Occasionem
575 1236 815 1300 controversiae
839 1234 1001 1302 dederunt
1022 1235 1165 1300 fautores

46 1333 161 1397 litium
184 1332 490 1417 Origenisticarum.
535 1333 605 1398 Has
637 1333 710 1398 lites
732 1333 897 1419 prioribus
923 1334 1020 1398 annis
1044 1332 1164 1398 saeculi
1180 1365 1327 1414 armna,

46 1430 162 1516 quinti
184 1432 379 1495 auctoritate
396 1430 429 1496 S.
444 1429 612 1496 Anastasii
628 1431 796 1516 Isopitas,
820 1429 949 1496 saeculo
974 1440 1064 1496 sexto
1088 1451 1165 1496 nou·

47 1527 136 1593 nulli
174 1527 329 1594 monachi
370 1531 641 1594 monasteriorum
680 1527 887 1594 Palaestinae
920 1529 1165 1594 resuscitarunt.

1 1677 2 1710 ,
48 1627 206 1690 Fuerimt
237 1628 325 1692 enim
355 1625 509 1692 monachi
532 1627 642 1712 plures
669 1629 726 1713 qui
750 1625 904 1711 Origcnis
931 1627 1088 1692 doctrinis
1111 1627 1165 1692 ad·

1 1731 2 1742 ¹
48 1724 241 1806 haeserunt,
264 1725 350 1788 inter
383 1745 464 1810 quos
498 1723 648 1789 doctrina
671 1723 878 1788 excellebant
899 1723 1111 1790 Domitianus
1135 1733 1167 1790 et

47 1819 249 1886 Theodorus
262 1820 413 1886 Ascidas.
461 1820 573 1901 Quum
585 1821 619 1886 hi
634 1822 656 1888 J
658 1823 815 1886 ustiniani
835 1821 1021 1888 fruerentur
1043 1821 1166 1904 favore,

49 1941 172 1984 versus
204 1942 233 1984 a.
266 1919 330 1985 537
363 1919 446 1984 alter
467 1919 623 2004 Ancyrae
654 1921 689 1986 in
722 1917 853 1984 Galatia
879 1921 1062 2006 episcopus,
1086 1919 1169 1984 alter

47 2039 149 2100 vero,
175 2017 300 2082 sedicet
322 2016 523 2099 Theodorus,
549 2016 729 2084 Caesareae
760 2019 794 2082 in
818 2015 1030 2104 Cappadocia
1052 2027 1166 2082 metro-

47 2115 159 2201 polita
181 2115 287 2180 factis
311 2125 368 2180 est.
409 2116 543 2180 Exinde
558 2115 766 2200 Origenistae
789 2117 824 2180 in
845 2114 947 2180 lauris
961 2115 1167 2180 Palaestinae

47 2213 164 2298 magis
185 2213 458 2298 praevaluerunt3
490 2212 548 2278 sed
570 2213 627 2278 alii
645 2213 798 2279 monachi
823 2214 893 2278 istis
916 2212 1074 2278 doctrinis
1096 2236 1167 2278 sese

45 2333 246 2398 opposuere.
294 2311 360 2390 Qui
393 2333 495 2396 quum
529 2312 572 2376 ab
603 2311 798 2396 Origeuistis
825 2313 934 2376 acrius
957 2321 1166 2392 vexarentur,

45 2409 91 2474 ad
105 2407 350 2494 Ephraemium
360 2408 582 2494 patriarcham
599 2408 843 2474 Antiocheuum
867 2409 1057 2494 confugere,
1072 2409 1167 2496 isque

45 2511 142 2572 circa
175 2529 299 2572 annum
329 2506 394 2572 542
427 2509 461 2570 in
485 2506 611 2591 synodo
634 2505 832 2572 Antiochiae
864 2506 979 2572 habita
1002 2506 1167 2590 Origenis·

47 2626 146 2670 mum
181 2601 361 2669 damnavit.
408 2603 492 2668 Cum
525 2605 640 2670 eodem
670 2615 816 2690 tempore
847 2604 1001 2690 Pelagius
1042 2607 1166 2690 apocri-

46 2704 175 2767 siarius
206 2701 321 2787 Vigilii
353 2702 478 2787 synodo
509 2701 667 2768 adfuisset
699 2703 741 2768 ob
771 2702 837 2768 alia
859 2705 992 2786 negotia
1016 2702 1165 2768 ecclesia-

46 2803 136 2866 stica
170 2797 280 2866 Gazae
312 2800 454 2882 habitae,
488 2802 656 2888 cumipse
689 2801 831 2886 delegati
861 2800 1097 2866 monachorum
1121 2822 1167 2864 or·

45 2901 276 2966 thodoxorum
307 2907 340 2964 et
370 2899 459 2964 Petri
490 2899 635 2984 episcopi
658 2898 951 2983 Hierosolymitani
984 2898 1167 2964 Constanti-

44 2998 202 3086 nopolim
231 2998 368 3084 profecti
398 3005 489 3080 sunt,
523 3005 560 3060 ut
586 2997 774 3064 Justiniano
799 2996 991 3082 Imperatori
1019 2994 1167 3062 libellum

43 3098 275 3164 accusationis
298 3103 412 3160 contra
435 3093 639 3179 Origenistas
661 3093 838 3160 traderent.

141 3214 197 3279 34.
223 3211 335 3292 Quum
368 3208 649 3294 Constantinopoli
678 3209 849 3295 Pelagius,
872 3208 1065 3294 Imperatori
1098 3231 1168 3292 gra-

43 3315 213 3394 tissimus,
237 3319 270 3374 et
291 3310 431 3374 Mennas
455 3307 546 3372 hisce
568 3307 684 3392 legatis
698 3308 848 3373 faverent
871 3317 902 3371 et
925 3329 1038 3372 eorum
1060 3317 1168 3393 postu·

42 3413 120 3476 lata
144 3410 364 3488 sustinerent,
395 3407 608 3472 obtinuerunt
637 3405 684 3471 illi
708 3405 804 3470 facile
827 3429 847 3470 a
870 3405 1059 3471 Justiniano
1082 3403 1168 3468 edic·

42 3521 125 3573 tum
159 3515 274 3570 contra
306 3504 494 3589 Origenem.
540 3503 681 3583 Annuit,
715 3505 823 3590 inquit
852 3503 1029 3568 Liberatus
1062 3525 1089 3567 c.
1114 3503 1167 3580 23,

42 3609 232 3692 Imperator
256 3602 436 3689 facillime,
466 3601 661 3688 ponderares
691 3601 729 3664 de
753 3601 870 3665 talibus
893 3603 997 3664 canas
1012 3601 1169 3689 pubium

32 3705 148 3792 fer-re.
195 3702 331 3768 Jabenta
354 3723 388 3765 co
417 3700 538 3764 dictato
570 3711 616 3764 ert
637 3701 672 3764 in
700 3699 862 3786 Oriqanern
890 3709 920 3762 et
942 3699 977 3762 in
999 3697 1061 3762 illa
1083 3700 1167 3784 capi·

43 3801 125 3867 tulo
160 3801 368 3864 nnadrernatia
398 3797 580 3876 damnatio,
618 3819 711 3884 quum
749 3796 974 3862 subscribentes
1005 3819 1070 3860 anu
1101 3818 1169 3858 cunr

42 3901 177 3966 Manna
198 3897 430 3983 wmbpiscopo
463 3895 550 3982 apud
582 3891 885 3981 Constantinopolim
913 3896 1041 3979 reperti,
1065 3892 1168 3979 (Pela-

40 3999 131 4084 gius
153 4004 186 4058 et
209 3995 293 4058 varii
318 3991 488 4080 episcopi),
513 3993 626 4057 deinde
649 3993 771 4058 directa
801 4004 846 4058 est
875 3991 990 4077 thitto
1015 3993 1167 4067 Rornano,

42 4091 147 4160 zotto
170 4092 403 4171 Alaoenndrt'no,
423 4092 611 4178 prraemio
634 4091 825 4156 Antiocheno
853 4101 882 4154 et
906 4091 996 4154 Petro
1022 4090 1168 4154 Hieroso·

43 4191 219 4281 lyme'tuno.
270 4188 389 4264 Quidem
412 4213 480 4254 oum
503 4189 727 4276 accipierttt'bus
750 4201 779 4253 et
802 4187 1070 4266 absentantibus,
1100 4187 1168 4252 Ori·
