2924 4818
540 497 605 551 Vita
623 497 738 552 Callisti.
1145 499 1190 554 181

95 651 182 704 wem
203 639 376 704 Ecclesiae
400 641 434 705 id
458 643 614 726 temporis
636 641 850 727 Episcopum,
876 643 1100 727 interrogavit,
1126 644 1195 728 qui·

95 759 159 802 nam
179 747 289 803 eaent
312 739 346 800 in
371 737 526 803 Sardinia
549 747 720 823 martyres.
767 739 832 802 Hic
859 760 938 802 vero
962 743 1110 804 omnium
1133 751 1194 804 trs-

94 835 163 898 dcns
184 835 330 916 nomina,
343 835 470 900 Callisti
495 858 562 900 non
586 837 687 919 dedit,
710 859 813 922 quum
837 838 908 921 ejus
931 860 1012 902 ausa
1036 849 1193 904 nosceret.

94 933 203 998 llareia
224 943 349 1012 autem,
380 936 486 1018 gratia
523 934 747 1000 aCommodo
779 937 962 1020 impetrata,
992 935 1195 1000 liberatrices

94 1029 200 1096 litteras
238 1033 360 1097 seniori
403 1033 536 1096 cuidam
573 1033 726 1098 eunucho
763 1031 938 1120 (nattam
975 1031 1194 1119 πρεσβιτέρῳ)

96 1129 270 1212 Hyacinthe
305 1132 437 1194 nomine
470 1129 654 1218 cretlidit¹).
702 1131 833 1211 Quibus
860 1135 1005 1217 acceptis
1028 1134 1062 1194 in
1087 1132 1195 1197 Sardi-

95 1229 168 1290 niam
190 1230 377 1311 navigavit,
402 1228 596 1313 traditisque
618 1227 734 1294 litteris
751 1231 780 1292 ei
805 1231 862 1314 qui
887 1229 920 1292 id
945 1231 1100 1315 temporis
1124 1250 1195 1314 pro-

94 1326 224 1390 vinciam
249 1325 514 1408 administrabat,
546 1337 680 1391 cunctos
709 1337 868 1411 martyres
898 1337 1035 1413 excepto
1061 1325 1194 1392 Callisto

94 1444 183 1506 poena
219 1423 372 1488 exsolvit.
418 1421 572 1488 Callistus
603 1433 714 1489 autem
746 1425 789 1490 ad
821 1447 930 1510 genua
953 1426 1023 1509 ejus
1046 1447 1195 1510 procum-

93 1519 160 1586 bens
190 1533 226 1586 et
256 1521 421 1606 lacrymas
453 1522 596 1586 fundens
628 1525 788 1606 exoravit,
820 1533 857 1586 ut
889 1533 921 1587 et
952 1525 1022 1608 ipse
1044 1523 1195 1588 libertate

94 1617 268 1684 donaretur.
325 1619 429 1706 Cujus
460 1621 614 1706 precibus
647 1632 754 1686 motus
795 1645 815 1686 a
847 1625 1039 1707 provinciae
1071 1631 1195 1684 rectore

94 1715 291 1800 Hyacinthus
315 1720 448 1783 veniam
471 1727 573 1804 rogat,
599 1719 713 1784 dicens
736 1742 757 1782 a
779 1741 813 1784 se
837 1721 996 1784 Marciam
1021 1719 1194 1784 educatam

94 1814 190 1901 ew),
215 1838 323 1902 neque
347 1838 416 1880 rem
439 1819 470 1880 ci
494 1817 712 1902 periculosam
735 1818 814 1882 fore.
837 1817 897 1882 Ille
919 1818 1064 1882 consiliis
1078 1839 1196 1902 parcns

95 1909 253 1978 Callistum
286 1936 364 1978 cum
396 1917 533 1980 caeteris
565 1916 701 1980 dimisit.
762 1915 835 1996 Quo
868 1916 1008 1980 Romam
1040 1936 1194 1998 regresso,

95 2023 236 2076 eventum
260 2013 377 2076 Victor
399 2015 579 2098 aegerrima
607 2013 692 2094 tulit,
722 2023 757 2078 at
780 2035 881 2100 quum
905 2014 1089 2078 misericors
1113 2022 1197 2074 esset

95 2112 250 2175 conticuit.
296 2111 456 2176 Attamen
487 2122 524 2175 ut
555 2112 676 2196 probra
700 2111 877 2176 multorum
910 2113 1078 2195 effugeret,
1116 2108 1195 2196 (uon

97 2207 334 2274 neamenim
358 2211 607 2295 praeterflueret
636 2221 766 2295 tempus
790 2231 831 2273 ex
865 2231 929 2295 quo
953 2209 1101 2272 facinora
1126 2205 1196 2272 Cal-

96 2301 174 2368 listus
196 2305 409 2394 patraverat),
424 2329 617 2394 semperque
641 2310 854 2392 conquerenti
871 2305 1083 2392 Carpophoro
1107 2307 1197 2370 satis-

97 2401 210 2484 faceret,
230 2407 332 2490 jussit
363 2415 401 2468 ut
433 2405 570 2469 Antium
603 2415 738 2490 peteret,
772 2415 861 2470 certa
884 2405 927 2470 ad
951 2405 1077 2469 vietum
1100 2424 1197 2488 pecu-

97 2501 158 2564 niae
179 2523 307 2566 summa
341 2505 375 2568 in
409 2525 537 2568 menses
560 2503 705 2586 singulos
737 2504 934 2589 adscripta.“
964 2541 1008 2550 -
1032 2501 1130 2582 Quod
1154 2499 1196 2564 ad

96 2609 209 2684 tempus
240 2611 421 2666 eventuum
454 2603 510 2686 qui
543 2600 713 2686 hucusque
746 2604 869 2668 narrati
901 2612 978 2666 sunt
1000 2602 1130 2680 attinet,
1155 2621 1196 2661 ex

97 2696 341 2763 indicationibus
373 2701 408 2762 in
439 2701 510 2784 ipsa
534 2701 722 2764 narratione
752 2700 914 2764 contentis
944 2697 1117 2782 colligitur,
1142 2717 1197 2760 eos

97 2795 239 2860 accidisse
254 2796 298 2860 ab
314 2819 401 2861 anno
428 2798 491 2861 186
515 2797 558 2862 ad
582 2818 707 2861 annum
733 2798 806 2862 191.
831 2797 946 2860 Victor
968 2795 1197 2882 pontificatum

98 2895 187 2956 tenuit
205 2896 336 2958 circiter
351 2894 394 2959 ab
413 2917 500 2960 anno
523 2895 586 2959 190
601 2917 704 2980 usque
719 2895 762 2960 ad
785 2917 911 2959 annum
935 2893 1010 2960 200.
1048 2891 1198 2957 Commo·

99 2985 148 3050 dus
168 2994 295 3056 occisus
319 3002 369 3056 cst
390 3015 420 3058 a.
447 2993 767 3078 1923o1areiajam
791 2992 869 3057 inde
899 2993 941 3056 ab
966 3017 995 3056 a.
1023 2991 1084 3054 183
1108 2990 1198 3076 apud

99 3106 161 3150 eum
190 3091 224 3154 in
256 3093 365 3175 gratia
397 3101 480 3171 crat,
514 3100 546 3154 et
576 3092 664 3156 circa
687 3114 717 3156 a.
746 3091 814 3170 ,190
837 3092 982 3154 maximo
1006 3091 1040 3152 in
1064 3088 1197 3153 honore.

101 3183 266 3253 Fascianus
298 3189 341 3254 ab
383 3213 413 3252 a.
455 3189 517 3254 186
552 3188 595 3252 111
619 3213 649 3252 a.
685 3190 747 3253 189
770 3189 894 3254 Romae
917 3187 1102 3274 praefectus
1125 3186 1197 3249 fuit.

100 3317 134 3328 —
153 3283 200 3348 De
223 3287 321 3350 annis
343 3285 462 3372 elapsis
485 3307 589 3370 usquc
613 3287 656 3350 ad
680 3297 817 3350 mortem
841 3287 985 3352 Victoris
1008 3283 1198 3350 1111011110-

100 3387 141 3442 tor
160 3393 265 3448 noster
297 3383 405 3466 refert,
439 3383 496 3448 sed
519 3406 562 3446 ex
595 3385 734 3469 abrupto
763 3386 881 3450 transit
904 3384 946 3449 ad
970 3393 1118 3468 tempora
1140 3383 1196 3446 Ze·

100 3475 226 3560 phyrlni.

176 3578 224 3644 10.
251 3581 349 3663 ,Post
382 3589 517 3642 mortam
550 3588 660 3644 autem
685 3579 836 3661 Victoris,
871 3579 1079 3665 Zephyrinus
1103 3578 1199 3644 Calli·

100 3683 173 3738 stum
195 3678 256 3744 sibi
280 3679 406 3742 socium
431 3676 529 3760 elegit
544 3677 587 3741 ad
603 3699 654 3740 res
673 3676 761 3742 Cleri
785 3677 986 3742 ordinandas
1010 3674 1199 3765 (συναράμε-

126 3821 294 3834 *νυ-ὴ-

103 3865 173 3932 im
197 3873 268 3926 enim
296 3888 350 3926 non
378 3872 517 3926 invenitur
544 3871 600 3926 alia
624 3871 697 3925 illius
725 3871 831 3939 conjux.
878 3870 951 3937 Alii,
988 3870 1030 3924 uti
1049 3869 1198 3938 Dtllinger,

103 3947 388 4099 ἷίῑῑὶῗῑᾝέυξέῑηίαω
407 3951 695 4019 fuisseChristianam3
715 3951 771 4016 alii,
790 3951 882 4004 utiDo
901 3950 987 4016 Rossi,
1006 3964 1062 4004 rem
1080 3949 1109 4003 in
1128 3950 1199 4002 anci-

166 4111 183 4180 ¹)
200 4111 388 4182 Presbyterum
407 4127 453 4167 sen
477 4113 641 4167 sacerdotem
660 4111 744 4165 fuisse
762 4109 953 4179 Hyacinthum,
972 4125 1005 4164 ex
1024 4114 1152 4162 contextu
1172 4113 1199 4162 et

105 4187 210 4254 Μ
226 4193 303 4248 modo
320 4207 462 4248 demerem.

165 4270 269 4338 'illinc
285 4274 383 4344 conjici
400 4277 499 4342 posset,
516 4273 644 4328 mrum
662 4270 747 4326 fnisse
765 4269 955 4326 Christianam
