2790 4812
211 485 262 536 696
492 481 532 534 De
552 479 702 534 Arianismo
721 497 752 533 ac
770 481 802 533 de
822 479 899 532 (lonc.
920 480 1044 534 Nicaeae.

211 649 272 689 rem
303 625 490 689 Thebaidem
517 626 681 710 peruasit;
719 623 845 688 taudem
876 645 948 687 uero
979 625 1120 710 reliquae
1146 627 1340 712 provinciae

212 747 249 788 uc
273 725 416 787 ciuitates
440 723 604 808 depastum
627 719 714 806 eet¹).

300 821 353 887 55.
378 821 460 884 Erat
481 829 593 884 autem
618 818 718 882 Arius
742 826 838 882 natus
862 821 896 882 in
930 819 1040 903 Lybie
1074 819 1229 906 Aegypto
1262 843 1337 906 pro·

213 919 305 982 xima
328 928 361 982 et
382 920 535 1004 episcopo
564 915 790 980 Alexandrino
820 915 982 1002 subjecta,
1016 919 1069 980 vir
1097 917 1235 1003 quidem
1258 918 1337 982 sub-

216 1016 282 1081 tilis
305 1019 439 1102 ingenii,
463 1015 619 1101 eloquens
643 1024 675 1078 ct
699 1012 946 1078 dialecticarum
969 1016 1090 1080 artium
1115 1015 1207 1080 haud
1230 1018 1336 1103 impe

71 1129 98 1168 rii
115 1129 136 1168 in
153 1142 203 1169 uc.
214 1116 307 1195 ritus,
332 1115 390 1178 sed
412 1136 579 1198 arrogans,
594 1112 730 1177 invidus
744 1120 777 1176 ct
797 1110 990 1176 dominandi
1005 1111 1157 1197 cupidus.
1180 1115 1335 1178 Primum

212 1211 364 1276 adhaesit
386 1211 529 1290 Meletio,
554 1213 610 1297 qui
635 1219 750 1274 contra
771 1210 907 1273 Petrum
931 1207 1112 1275 Alexandr.
1138 1213 1335 1298 episcopum

211 1309 354 1374 schisma
377 1312 591 1388 excitaverat,
615 1318 728 1394 postca
759 1329 837 1372 vero
867 1307 910 1371 ad
934 1316 1043 1393 partes
1075 1308 1215 1393 legitimi
1252 1312 1337 1395 epis·

212 1410 284 1492 copi
315 1410 476 1472 trendens
504 1429 524 1470 a
547 1407 642 1472 Petro
676 1406 835 1470 diaconus
859 1404 1031 1470 ordinatus
1055 1415 1113 1472 est.
1161 1407 1230 1472 Sed
1256 1429 1336 1471 mox

211 1504 299 1567 Petri
323 1506 356 1569 in
381 1504 550 1568 Meletium
574 1512 647 1566 acta
671 1505 716 1566 ita
731 1503 909 1588 redarguit,
935 1511 970 1567 ut
993 1523 1161 1568 sacrorum
1186 1525 1335 1569 commu·

211 1604 310 1666 nione
333 1603 528 1687 privaretur.
557 1602 635 1665 Post
647 1601 738 1665 Petri
761 1602 955 1685 martyrium
981 1603 1015 1666 in
1038 1601 1215 1667 ecclesiam
1231 1601 1336 1667 Arius

211 1701 329 1763 iterum
363 1701 511 1784 irrepsit,
545 1707 578 1762 ct
609 1698 651 1762 ab
676 1697 807 1762 Achilla
839 1718 1026 1764 successore
1059 1723 1125 1766 non
1159 1699 1269 1765 solum
1301 1704 1334 1765 in

210 1799 476 1862 communionem
508 1798 572 1860 fuit
602 1805 764 1882 receptus,
800 1817 915 1861 verum
949 1799 1049 1862 etiam
1076 1797 1120 1862 ad
1143 1798 1333 1884 presbyteri

210 1895 404 1978 dignitatem
437 1893 598 1974 elevatus,
632 1915 698 1980 qua
727 1893 948 1979 indignitate
980 1897 1189 1961 occasionem
1214 1895 1336 1959 habuit

211 1991 329 2057 multos
343 1993 406 2057 sibi
430 1994 555 2056 amicos
579 1991 766 2075 colligendi,
786 1993 931 2056 maxime
954 2013 1031 2056 cum
1054 1991 1253 2078 popularem
1268 2015 1335 2057 sec-

209 2099 334 2154 taretur
355 2089 575 2176 eloquentiam
600 2099 742 2175 apteque
758 2099 843 2154 esset
857 2089 900 2154 ad
919 2087 1159 2155 blandiendum
1185 2093 1333 2175 ingenio.

210 2188 320 2252 Unam
344 2209 385 2250 ex
409 2188 555 2252 ecclesiis
579 2186 831 2270 Alexandrinis,
856 2210 942 2274 quac
966 2188 1121 2253 Rauealia
1139 2187 1333 2270 dicebatur,

210 2305 307 2348 curae
331 2307 409 2349 suae
442 2275 650 2350 commissam
684 2284 810 2350 habuit.
845 2285 1116 2352 Famosissimum
1149 2285 1333 2350 haeresiar-

208 2381 308 2446 chum
331 2384 378 2446 sio
403 2384 553 2469 depingit
571 2383 604 2449 S.
619 2383 838 2470 Epiphanius.
886 2385 961 2448 Fuit
982 2385 1164 2470 proceriore
1190 2396 1332 2464 statura,

209 2480 341 2544 demisso
365 2480 466 2560 uultu,
488 2492 611 2568 totaque
630 2483 773 2568 eorporis
793 2482 1037 2569 coufipuratiouc
1056 2481 1183 2546 subdoli
1208 2506 1334 2570 sepeu-

209 2579 251 2642 tis
273 2580 377 2642 instar
400 2579 444 2642 ud
458 2579 613 2665 fraudem
635 2589 666 2643 ct
680 2579 855 2666 fallacium
877 2580 1059 2666 composita,
1084 2581 1132 2643 ita
1154 2589 1192 2642 ut
1215 2580 1336 2644 callido

208 2675 265 2739 illo
289 2687 476 2762 ceteraeque
499 2676 607 2740 habitu
622 2677 727 2763 facile
750 2676 994 2762 simplicioribus
1017 2677 1133 2742 animis
1157 2677 1334 2763 obreperet.

211 2774 296 2838 Nam
318 2765 540 2860 hemiphorium
567 2785 597 2838 et
619 2773 784 2839 collobium
810 2774 950 2855 cadumi,
973 2775 1010 2838 iu
1032 2773 1200 2860 colloquiis
1224 2799 1265 2840 ac
1288 2799 1336 2840 su-

209 2871 416 2935 lutatiorsibue
448 2870 584 2936 blundus
616 2883 685 2936 erut
712 2873 877 2958 imprimis,
911 2882 1003 2958 atque
1037 2873 1174 2935 omnium
1209 2875 1336 2938 amireos

208 2967 428 3032 adulationum
445 2969 600 3034 illecebris
616 2970 774 3034 deuectos
795 2967 956 3055 umber).
983 3007 1025 3020 -
1049 2968 1131 3055 Ejus
1145 2979 1262 3035 autem
1288 2995 1334 3035 ar·

207 3068 410 3150 ‘gumentatio
435 3067 573 3132 subdola
596 3067 759 3153 ejusmodi
784 3077 870 3131 erat:
896 3067 931 3134 Si
955 3067 1055 3132 Pater
1077 3076 1126 3130 est
1149 3069 1334 3152 ingenitus,

210 3163 314 3227 Filius
347 3185 424 3228 vero
457 3165 598 3250 genitus,
631 3165 729 3230 Pater
761 3165 925 3250 principio
959 3175 1058 3246 caret,
1084 3163 1188 3228 Filius
1219 3177 1333 3231 autem

208 3262 409 3347 principium
433 3261 600 3348 quoddam
625 3262 741 3345 habet,
773 3273 805 3327 ct
835 3272 905 3326 erat
934 3263 1068 3349 quando
1091 3283 1157 3326 non
1181 3275 1258 3328 erat
1283 3265 1333 3329 Fi·

208 3358 286 3439 lius3
311 3381 387 3423 nam
412 3381 509 3424 omne
525 3359 614 3444 quod
628 3361 777 3444 genitum
792 3369 850 3442 cst,
867 3359 1047 3447 aliquando
1062 3381 1129 3425 non
1144 3371 1226 3444 erat,
1253 3363 1333 3428 hinc

208 3455 315 3520 Filius
338 3477 403 3520 non
427 3466 476 3520 cst
499 3465 662 3521 aeternus.
709 3457 744 3522 si
769 3467 878 3522 autem
909 3479 976 3522 non
1001 3467 1050 3521 est
1073 3467 1240 3542 aeternus,
1266 3482 1332 3525 non

208 3559 358 3617 estsere
382 3562 414 3617 et
436 3554 568 3639 proprie
592 3553 693 3636 Deus,
718 3575 826 3641 nequo
849 3556 981 3640 genitus
1005 3565 1055 3619 cst
1077 3575 1120 3619 ex
1143 3555 1332 3623 substantia

207 3647 333 3730 divina,
358 3671 435 3714 narn
459 3673 552 3715 secus
576 3661 660 3715 esset
674 3651 776 3718 Deus.
800 3651 919 3738 Itaque
933 3674 1021 3717 unus
1045 3652 1132 3717 solua
1155 3663 1206 3718 est
1231 3677 1331 3720 verus

207 3746 308 3828 Deus,
341 3747 458 3826 Pater‚·
491 3747 596 3813 Filius
628 3771 686 3813 seu
719 3749 866 3814 Verbum
901 3771 967 3816 non
1004 3759 1057 3815 est
1076 3753 1140 3816 nisi
1165 3763 1330 3834 creatura,

207 3846 354 3909 omnium
378 3853 487 3910 tamen
513 3847 620 3931 prima
644 3855 677 3910 et
691 3869 853 3933 suprema,
870 3869 936 3934 qua
958 3849 1057 3913 Pater
1079 3849 1123 3914 ad
1147 3851 1329 3915 creandam

206 3961 313 4005 rerum
339 3944 487 4007 omnium
511 3945 761 4009 universitatem
793 3967 872 4010 usus
895 3955 954 4026 est,
979 3948 1058 4032 quia
1081 3946 1229 4012 mundus
1253 3949 1329 4012 visi·

207 4036 282 4103 bilis
306 4040 532 4106 immediatam
555 4042 619 4107 Dei
653 4043 817 4108 actionem
848 4044 933 4108 ferre
956 4066 1023 4110 non
1045 4053 1166 4132 posset.
1213 4045 1252 4111 Si
1278 4047 1329 4110 Fi·

281 4249 625 4320 inarmans.
855 4255 1038 4326 cumaeo.
