2900 4800
420 484 533 540 Honorii
553 485 683 554 epistolae
701 486 896 554 expenduntur.
1162 486 1218 540 433

100 631 204 693 tramit
216 651 256 693 ece
262 629 540 716 praevaricatione
545 631 647 716 primi
656 629 797 694 hominis.
809 668 853 678 —
861 629 964 694 Paulo
973 629 1217 696 inferiusJoen·

99 725 505 812 nesoccurritobjectioni‚
519 749 620 814 quero
626 726 794 792 Honorius
804 726 1000 792 houdetiem
1015 729 1217 792 mentionem

99 825 218 889 iecerit
239 823 419 889 voluntatis
439 823 573 890 divinae
596 827 632 888 in
649 821 801 907 Christo,
825 823 916 889 hisee
939 824 1069 890 verbis:
1095 825 1158 891 Sed
1179 851 1219 890 ne

99 925 172 1008 quie
194 945 417 1008 nonnunquam
439 923 543 986 minue
575 922 754 1008 intelligens
776 921 1000 1008 reprehendet,
1024 923 1220 1011 qaamoimtn

101 1019 141 1084 de
164 1022 303 1084 hnmana
326 1029 449 1084 tantum
470 1031 603 1099 natura,
637 1031 667 1084 et
697 1044 760 1084 non
788 1021 881 1084 etiam
906 1021 944 1085 ele
968 1021 1079 1085 diuina
1101 1032 1221 1085 nattera

102 1117 213 1182 docere
246 1119 380 1182 sciatur:
417 1119 529 1182 etenim
564 1115 705 1182 Christus
737 1120 772 1182 in
803 1117 926 1183 dnobus
949 1119 1076 1184 naturis
1097 1121 1133 1182 in
1155 1142 1222 1183 una

95 1238 240 1302 persona
254 1217 354 1280 nnitis
368 1217 580 1301 cognominor,
605 1215 761 1280 cenatur
768 1267 778 1296 ,
803 1228 833 1280 et
855 1215 969 1281 colitur
983 1215 1071 1280 Dens
1091 1216 1221 1280 etimne

97 1312 270 1400 peffectne.
317 1313 417 1378 Debet
451 1315 506 1400 qui
537 1315 708 1400 creperico
731 1313 861 1402 ambigit
888 1316 983 1396 seire,
1008 1315 1156 1400 ciconiam
1178 1314 1222 1378 ad

100 1413 155 1475 hoc
170 1410 268 1497 facta
290 1421 336 1475 eet
357 1413 520 1498 responsio
544 1412 589 1476 cei
603 1415 675 1502 jam
708 1411 785 1476 dicti
812 1413 1020 1476 Patriarcicac
1048 1414 1221 1499 interrepe-

102 1511 228 1573 tionem.
275 1510 446 1573 I'taetereu
469 1519 498 1574 et
520 1509 575 1573 icoc
588 1510 667 1594 fieri
689 1509 781 1590 solet,
816 1521 852 1575 ut
873 1507 991 1575 eeiiicet
1012 1509 1067 1574 nbi
1089 1519 1136 1574 est
1156 1509 1222 1574 inci-

102 1630 177 1689 nne,
201 1605 249 1671 ibi
269 1605 456 1672 medicinale
479 1617 623 1672 accurunt
651 1607 817 1672 ancilium.
866 1607 952 1672 Nam
975 1618 1005 1671 et
1026 1607 1064 1672 B.
1089 1606 1223 1694 Aposto-

103 1707 154 1769 lus
167 1707 222 1769 hcc
245 1727 338 1791 caepe
352 1704 472 1790 fecisse
496 1705 700 1792 dignoscimur,
718 1729 749 1770 ce
770 1706 937 1770 secundnm
960 1705 1140 1769 auditorum
1154 1728 1223 1769 con·

103 1803 300 1867 sandicem
323 1825 544 1890 praeparans,
573 1813 603 1866 et
639 1802 813 1889 aliquando
846 1803 969 1890 quidem
1001 1803 1039 1866 ele
1078 1825 1225 1888 suprema

102 1911 223 1964 natura
246 1901 372 1980 docens,
397 1901 435 1964 de
463 1902 599 1965 hicmana
615 1903 748 1988 penitus
775 1911 869 1980 tacet,
894 1899 1067 1987 aliquando
1091 1923 1162 1964 cero
1186 1900 1224 1963 de

102 2001 241 2062 hnmana
263 1997 498 2084 dispensatione
533 1999 716 2086 disputans,
750 1999 929 2086 mysterium
956 1998 1134 2062 divinitatio
1158 2001 1226 2088 ejus

103 2119 168 2160 non
201 2096 344 2182 tanpiffl).
390 2095 489 2160 Hanc
521 2095 775 2182 explicationem
805 2096 946 2161 Joennis
978 2093 1028 2160 IV
1058 2097 1157 2159 etiam
1190 2093 1224 2160 S.

103 2195 273 2258 Maximus
306 2195 340 2257 in
371 2215 430 2258 sue
462 2195 697 2280 Disputatione
729 2217 805 2258 eum
834 2193 963 2280 Pyrrho
998 2193 1095 2258 effert
1125 2201 1225 2278 atque

105 2289 288 2379 adeptae).
806 2287 809 2294 ’

195 2389 249 2456 63.
272 2389 373 2454 Porro
398 2389 437 2454 2⁰
461 2411 536 2455 cum
561 2392 632 2476 ipso
656 2401 804 2455 contentu
832 2389 916 2454 hoec
939 2387 1116 2476 explicatio
1140 2387 1225 2454 bene
1250 2435 1373 2479 cnm

107 2489 275 2554 convenit.
321 2487 525 2572 Legentibus
558 2489 646 2552 enim
676 2497 786 2575 putet,
816 2499 947 2574 praeter
979 2485 1129 2550 divinam
1153 2509 1226 2572 sup·

106 2588 186 2673 poni
221 2585 401 2650 humanam
427 2585 549 2650 Christi
582 2585 786 2651 voluntatem
819 2585 861 2651 cb
885 2585 1052 2664 Honori0‚
1084 2605 1226 2670 eumque

184 2887 204 2958 ¹)
223 2887 289 2942 eon
317 2885 394 2943 Cone.
422 2887 513 2942 chbe
531 2887 604 2942 Turn.
624 2887 658 2944 V.
686 2903 711 2955 p.
731 2888 808 2941 1758.
838 2917 870 2927 -
898 2887 970 2941 Setis
994 2886 1090 2941 mirum
1109 2887 1226 2954 videtur,

107 2967 181 3036 quod
199 2967 228 3022 in
246 2967 297 3022 hcc
314 2967 429 3035 epistole
448 2967 585 3032 asseritur,
600 2965 724 3036 Sergium
742 2965 860 3021 Honorio
879 2966 1062 3036 significasse,
1081 2969 1150 3034 qnod
1168 2969 1226 3034 qui-

107 3049 172 3104 dem
189 3047 220 3102 in
234 3047 414 3116 Redemptore
432 3053 526 3102 nostro
537 3048 570 3104 D.
583 3047 610 3104 J.
624 3047 652 3103 O.
672 3047 738 3102 dues
756 3047 906 3102 contreriss
924 3047 1045 3102 dicerent
1062 3048 1225 3114 uoluntetes,

108 3134 138 3184 et
164 3129 339 3196 percontanti
365 3127 459 3198 Sergio
488 3127 638 3184 Honorium
664 3127 742 3182 modo
769 3126 891 3196 exposito
909 3127 1084 3196 respondisse.
1120 3128 1154 3182 In
1172 3129 1226 3196 epi·

108 3207 180 3263 stolo
198 3205 288 3276 Sergii
307 3205 357 3262 hoc
375 3207 481 3262 ratione
499 3207 621 3276 quaestio
634 3208 667 3262 de
685 3207 788 3262 duobus
807 3207 949 3262 contrariis
967 3206 1155 3262 voluntatibus
1173 3224 1227 3264 non

107 3285 276 3356 proponitur.
314 3287 385 3341 Hinc
402 3287 474 3342 nerii
493 3287 746 3342 suctoresvelidum
764 3292 954 3356 argumentum
972 3287 1090 3356 depromi
1110 3295 1227 3352 censent,

108 3365 357 3434 interpolctesesse
375 3367 463 3436 Sergii
483 3367 634 3422 etHonorii
653 3367 781 3435 epistolas
791 3389 797 3435 ;
816 3365 895 3436 hujus
905 3371 997 3421 temen
1015 3367 1149 3435 opinionis
1166 3367 1226 3422 fun·

107 3449 264 3502 dementum
292 3448 359 3502 setis
386 3447 500 3502 solidum
526 3463 580 3502 non
598 3447 760 3504 invenimus.
796 3447 847 3502 Sed
865 3463 898 3502 ex
916 3447 988 3502 hisee
1012 3447 1166 3516 conjecture
1183 3447 1228 3501 flr-
1305 3459 1307 3464 ’

108 3532 218 3590 matur,
246 3533 367 3594 tempore
393 3527 507 3584 Josunis
537 3528 578 3582 IV
603 3528 660 3597 jem
679 3527 864 3597 apographum
890 3527 1065 3596 epistolarum
1083 3527 1172 3597 Sergii
1199 3534 1229 3583 et

109 3605 224 3660 Honorii
246 3605 274 3660 in
294 3605 428 3661 tabulario
449 3608 586 3662 &mance
609 3607 737 3662 ecclesiae
759 3623 813 3661 non
831 3607 965 3672 adfuisse,
985 3613 1013 3663 et
1030 3608 1161 3663 Joennem
1183 3608 1228 3662 eiu

109 3687 201 3744 butem
223 3691 366 3754 propterea
389 3703 422 3742 ex
441 3688 568 3742 memorie
585 3687 682 3742 aliisve
700 3686 857 3755 quibusdem
877 3688 1039 3756 adjumentis
1057 3688 1090 3742 de
1108 3687 1228 3756 epistolis

109 3765 198 3835 &rgii
218 3773 247 3820 et
265 3765 377 3821 Honorii
397 3767 572 3822 disserentem
591 3766 680 3821 minus
698 3771 823 3821 coeunte
841 3767 951 3836 singule
969 3768 1076 3822 referre.

186 3847 363 3914 ¹)Qusntum
387 3863 420 3901 ex
447 3847 562 3902 internis
590 3847 759 3916 ergumeutis
787 3847 883 3915 conjici
910 3853 1016 3916 potest,
1045 3847 1070 3903 S.
1094 3847 1228 3901 dioximus

109 3925 210 3982 mbnit
235 3927 342 3994 quidem
369 3927 554 3996 apographum
581 3927 735 3982 litterarum
762 3927 875 3981 Honorii
903 3929 938 3982 ed
955 3928 1090 3996 Sergium,
1115 3928 1162 3982 sed
1179 3943 1230 3982 nec

110 4007 219 4076 qundo
236 4007 345 4076 sempsit
363 4007 504 4076 epistolem
522 4007 557 4061 ed
576 4007 728 4072 Merinum,
756 4023 806 4062 nec
823 4007 928 4074 quando
939 4007 1151 4076 disputationem
1169 4023 1229 4062 cum

111 4087 216 4156 Pyrrho
235 4089 310 4156 egit,
329 4088 514 4158 apographum
527 4088 657 4156 epistolae
669 4087 758 4157 Sergii
776 4087 901 4142 habuisse
920 4089 1035 4143 videtur.
1072 4087 1139 4142 Inde
1157 4088 1228 4142 enim

111 4167 299 4237 explicandum
317 4183 427 4234 censeo,
453 4167 522 4236 quod
549 4168 638 4222 minus
656 4173 781 4222 occurete
809 4166 841 4222 de
860 4167 893 4221 iis
912 4183 981 4235 quoe
999 4167 1028 4222 in
1046 4167 1097 4222 hec
1115 4167 1231 4235 epistole

111 4247 298 4312 continentur,
318 4247 450 4314 loquetur.

155 4361 285 4410 rumen.
301 4359 474 4402 nivernense.
504 4359 563 4402 rom.
578 4359 605 4402 11.
1087 4337 1123 4392 28
