2766 4836
411 495 510 564 legati
528 495 627 564 Synodi
646 495 791 564 ancyrani.
1121 487 1155 544 tt

131 641 186 706 57.
211 641 299 706 Dein
322 639 464 704 Basilius
497 639 667 726 Ancyrae,
693 639 890 706 Eusthatius
920 637 1092 718 Sebastae,
1124 643 1156 700 et

54 739 199 804 Eleusina
223 737 337 822 Cyzici
362 739 578 824 episcopitii
606 739 704 824 legati
729 737 846 823 synodi
870 737 1068 822 Ancyranae
1092 733 1156 802 Sir-

53 839 146 900 mium
180 837 321 922 proseoti
351 847 437 918 sunt,
470 859 613 924 moxque
646 838 843 918 effecerunt,
877 843 914 900 ut
946 833 1326 910 consensurus-nemu

52 935 231 1000 ⁴inomoeos
244 936 397 1021 rejiciens
413 937 446 1000 in
461 935 682 1000 semiarianos
696 936 844 1000 savorem
869 941 1018 997 verteret.
1039 969 1082 978 -—
1104 931 1157 994 Ex

50 1033 328 1098 anathematismis
357 1033 512 1118 Ancyrae
542 1033 699 1098 consectis
733 1055 828 1119 porro
863 1031 1036 1096 duodecim
1076 1023 1157 1114 epis·

51 1133 132 1216 copis
165 1131 320 1213 Valenti,
354 1132 491 1196 Ursaeio
524 1153 702 1218 eorumque
740 1130 873 1195 asseclis
905 1127 1158 1194 subscribendos

50 1229 251 1312 detulerunt,
285 1229 411 1294 scilieet
442 1249 515 1311 eoa,
547 1228 669 1316 quibua
697 1228 941 1294 Anomoeornm
974 1226 1155 1291 doctrinam

50 1325 258 1393 damnabant.
305 1326 534 1413 Comperimus
566 1349 608 1391 ex
639 1327 778 1407 Hilario,
810 1327 993 1412 propositos
1026 1322 1158 1387 anathe-

50 1427 212 1492 matismos
236 1425 435 1490 orthodoxos
462 1425 576 1508 fuisse,
601 1447 721 1514 eosque
749 1425 781 1490 S.
811 1426 936 1489 Doctor
967 1445 1025 1486 suo
1048 1420 1158 1485 libello

49 1521 82 1586 de
97 1522 246 1608 Synodis
268 1525 422 1606 inseruit3
445 1525 599 1588 intereos
622 1533 732 1588 autem
758 1525 821 1588 18¹*
844 1545 909 1587 non
924 1521 1074 1585 habetur.
1108 1517 1158 1581 Ac

47 1623 225 1697 generatim
258 1621 442 1686 doctrinam
475 1643 559 1708 quae
595 1645 616 1686 a
652 1621 774 1686 Basilio
811 1620 1010 1706 reliquisque
1043 1617 1159 1701 legatis

47 1719 151 1782 s'irmii
176 1721 346 1804 proposita
378 1729 464 1800 eret,
494 1719 660 1785 collaudat
689 1720 722 1785 S.
746 1720 885 1800 Doctor,
910 1719 966 1804 qui
990 1713 1087 1779 simul
1112 1715 1158 1778 in-

48 1817 158 1898 sinuat,
195 1837 263 1881 non
295 1818 407 1902 ignota
431 1817 493 1884 sibi
527 1839 597 1882 esse
628 1829 720 1902 gesta
743 1816 933 1901 Ancyrana,
965 1835 1069 1900 esque
1090 1834 1158 1876 non

48 1935 142 2000 aeque
176 1913 282 1978 fuisse
314 1914 633 2001 irreprehensibilis,
667 1937 767 2001 quam
804 1936 889 2002 quae
926 1913 1037 1979 Sirmii
1069 1907 1158 1974 facta

49 2021 131 2076 erant
154 2033 217 2098 per
241 2011 363 2096 legatos
387 2013 529 2079 concilii.
575 2014 717 2100 Legatos
746 2013 915 2099 alloquens
944 2033 977 2074 n.
1001 2009 1045 2074 90
1068 2008 1158 2073 Hila-

49 2111 106 2174 rius
129 2109 172 2174 de
198 2107 254 2174 his
276 2112 323 2176 ita
346 2112 476 2176 scribit:
520 2113 635 2182 Vereor
657 2113 748 2190 caim,
764 2111 899 2198 fratres,
927 2109 1067 2173 Orientis
1089 2109 1158 2170 hoe-

49 2231 121 2272 reses
142 2211 180 2272 iu
206 2217 349 2294 tempora
378 2209 503 2296 mapula
530 2209 739 2296 pullulantes,
769 2207 897 2294 etquid
921 2207 1021 2270 uereri
1041 2229 1088 2268 me
1111 2204 1158 2266 (li-

48 2307 124 2369 rossl
139 2310 218 2395 jam
243 2317 273 2369 et
295 2305 365 2392 lapi.
414 2307 506 2370 Nihil
528 2309 611 2372 etaim
642 2309 678 2371 iu
700 2308 748 2370 his
770 2329 849 2392 quae
871 2327 926 2368 vos
948 2303 986 2368 de
1015 2303 1158 2367 Meam-

47 2401 115 2466 liasr
136 2405 349 2490 quorumdam
372 2427 511 2483 asemon,
544 2407 704 2491 susceptae
736 2405 902 2490 leqots'oot'a
928 2403 1068 2465 ministri
1090 2399 1158 2463 suh-

48 2502 213 2566 saideada
236 2499 386 2566 Sirmium
407 2502 576 2580 detulistis,
608 2503 689 2568 nibil
719 2503 907 2588 suspicionis
938 2501 1079 2564 relictum
1102 2509 1157 2561 eat.

50 2599 103 2662 tet
123 2599 306 2664 babuerunt
328 2599 368 2664 ob
391 2601 522 2665 ceordic
532 2601 728 2666 nonnihilrsm
751 2599 941 2687 offensionis,
965 2621 1044 2685 qaae
1068 2597 1159 2662 credo

49 2827 109 2884 risui
133 2829 253 2884 vrrburn
280 2827 444 2886 homousion.
462 2831 606 2886 admittere
636 2831 746 2886 nollent.
792 2819 848 2897 „De
872 2829 1031 2896 homoeusio,
1060 2829 1156 2896 inquit.

49 2911 109 2975 qnod
126 2919 171 2965 est
193 2911 291 2964 similis
309 2912 450 2974 essentiae.
470 2929 607 2967 commune
621 2913 752 2982 iudicium
771 2917 820 2966 est.
871 2911 910 2965 De
928 2911 1065 2964 homousio
1085 2925 1156 2972 vero,

49 2991 109 3056 used
136 2999 182 3046 est
213 2992 293 3046 unius
319 2993 462 3058 aarum,
486 2999 644 3058 tractantes,
669 2995 754 3064 primo
777 2993 876 3048 idcirco
904 2992 1079 3059 respuendum
1099 3007 1157 3058 pro·

49 3071 204 3136 rmtiastis,
223 3072 287 3138 quia
304 3089 352 3140 per
376 3073 451 3130 verbi
475 3074 555 3144 hujus
574 3073 788 3135 enuntiationem
811 3072 965 3128 substautia
989 3073 1061 3140 prior
1079 3071 1158 3126 intel·

49 3147 175 3218 ligeretnr
204 3166 284 3218 quam
306 3153 358 3208 duo
380 3154 452 3210 iuter
477 3170 505 3208 se
524 3155 620 3222 pertiti
645 3161 743 3210 essent.
786 3155 823 3210 m
845 3153 973 3222 profanus
997 3152 1040 3208 bic
1065 3169 1158 3208 sensus

49 3239 91 3292 et.
110 3237 138 3286 et
167 3232 304 3286 communi
327 3233 429 3302 judicio
456 3235 490 3288 ah
509 3233 629 3310 Ecclesia
655 3231 826 3303 respuendus.
863 3233 983 3288 Secundo
1008 3249 1111 3300 quoque
1131 3232 1157 3287 id

50 3311 194 3374 addidistis,
221 3313 290 3378 quod
315 3311 410 3368 Patres
434 3315 527 3380 nostri,
551 3331 632 3382 quum
665 3315 766 3368 Paulus
790 3315 978 3368 samosatenus
1008 3313 1158 3367 haereticus

50 3393 239 3456 mundatos
257 3401 306 3458 est,
323 3395 407 3448 etiam
430 3395 585 3450 homousion
604 3394 817 3463 repudiaverint:
846 3393 909 3461 quia
927 3409 975 3462 per
993 3393 1061 3447 banc
1079 3391 1159 3446 unius

50 3473 181 3528 marmiae
199 3473 426 3544 uuuatpationem
448 3475 599 3532 solitarium
627 3482 709 3542 atque
733 3474 840 3530 unicum
859 3490 916 3530 esse
933 3473 984 3528 sibi
1004 3475 1113 3527 Patrem
1131 3471 1160 3528 ei

50 3551 141 3608 lilium
159 3553 344 3622 praedicabat
382 3555 419 3610 Et
436 3555 485 3610 hoo
503 3571 567 3612 sene
589 3571 660 3610 nunc
683 3570 788 3622 quoque
805 3555 1023 3622 profanissimum
1041 3553 1160 3610 Ecclesia

50 3631 227 3700 recognoscit,
255 3632 365 3690 Patrem
397 3641 426 3689 et
461 3635 558 3689 Filium
592 3635 620 3690 iu
657 3635 698 3689 his
724 3636 859 3690 nominum
889 3635 1097 3704 professionibus
1125 3635 1159 3689 ad

49 3710 148 3765 unionis
177 3725 212 3764 ac
241 3710 388 3780 singularia
405 3714 587 3780 solitudinem,
610 3723 712 3786 negata
730 3731 902 3782 personarum
920 3716 1098 3784 proprietate,
1119 3731 1158 3770 re·

50 3803 146 3846 voum.
164 3791 262 3846 Tertio
280 3793 362 3848 etiam
389 3794 454 3850 baec
477 3809 557 3849 causa
580 3795 737 3866 reprehendi
765 3793 895 3850 homousii
920 3798 1159 3849 commemoratos

51 3871 119 3926 rabia
136 3879 195 3928 ut:
214 3873 287 3939 qaia·
297 3874 325 3928 in
336 3876 441 3943 syuodo
457 3889 528 3942 quae
545 3875 617 3945 apud
628 3875 755 3932 Nicaeam
773 3874 835 3940 luit,
854 3876 940 3930 coacti
959 3875 1055 3930 Patres
1073 3877 1159 3930 nostri

50 3961 154 4020 propter
173 3968 220 4006 eoa
237 3955 283 4020 qui
302 3962 453 4012 creaturam
460 3955 559 4012 murm
576 3955 709 4024 dicebant,
727 3971 824 4012 nomeu
842 3956 971 4012 homousii
990 3957 1158 4022 iantassent,

51 4031 113 4097 quod
131 4049 188 4088 non
211 4034 393 4102 recipiendum
410 4036 507 4090 ideirco
534 4035 579 4101 sit,
602 4035 666 4103 quis
692 4052 824 4104 nusquam
841 4037 969 4106 scriptum
987 4037 1158 4106 reperiretur.

52 4111 119 4175 Quod
137 4129 155 4166 a
174 4113 250 4167 vohis
268 4113 368 4170 dictum
386 4116 454 4170 satis
472 4116 560 4171 miror.
598 4115 626 4172 Si
650 4117 721 4171 euim
748 4116 903 4172 homousion
926 4123 1036 4188 propter
1053 4119 1159 4173 novita-

53 4197 100 4246 tem
127 4193 205 4248 verbi
235 4195 428 4261 repudiandum
455 4195 500 4260 sit,
513 4211 607 4252 vereor
619 4211 653 4250 ne
671 4201 699 4250 et
717 4195 887 4252 homoeusion
907 4195 1081 4268 periclitetur,
1095 4199 1159 4266 quia

52 4285 176 4340 nquam
194 4274 324 4342 seriptum
343 4275 519 4344 reperiatm.“
