2810 4846
244 427 298 480 ooo
631 421 966 492 Deconoiiiouphesino.
1386 479 1387 530 Ν

244 589 354 652 gener,
378 568 501 651 puriter
523 575 655 630 ooeotue
677 575 726 629 est
757 565 958 650 exemplario
981 565 1216 650 opusculorum
1239 566 1342 630 edver-

246 687 301 729 sus
322 665 538 730 Jovinienum
561 663 764 744 subtrahere,
797 661 885 749 quod
914 662 948 728 S.
972 661 1195 747 Hieronymus
1218 661 1341 749 epistole
1386 673 1387 686 ¹

245 763 302 826 52·
325 761 368 826 ed
390 765 499 846 ipsum
523 759 773 825 Pommsohium
801 760 981 845 prudenter
1003 769 1037 823 et
1059 771 1209 824 amenter
1230 761 1340 825 noum

245 858 435 945 laudavie).
468 895 512 906 --
543 857 637 938 Ques
669 879 770 944 quum
794 858 840 923 ite
870 879 940 922 sese
962 855 1132 936 heberent,
1155 856 1258 939 vides,
1280 857 1342 920 iieri

247 959 400 1042 potuisse,
424 955 478 1020 vel
510 965 548 1018 ut
569 953 707 1020 Sirioius
738 954 953 1020 relationibus
976 953 1175 1040 quibusdem
1197 951 1345 1018 adversus

245 1055 486 1138 Hieronymum
509 1054 644 1118 forsitan
667 1054 970 1133 eireumveniretur‚
1004 1051 1056 1116 vel
1079 1051 1200 1136 potius,
1223 1061 1259 1115 ut
1278 1071 1343 1136 pru-

247 1152 377 1217 dentiae
412 1171 482 1214 esse
516 1159 672 1231 oensorot,
708 1151 747 1213 ei*
762 1171 828 1214 non
862 1148 1019 1214 exhibere
1042 1149 1191 1214 furorem
1217 1157 1342 1226 tentum,

246 1258 405 1336 quantum
427 1255 665 1312 monstraverat
676 1245 709 1312 S.
728 1247 904 1328 Demessus,
928 1267 990 1312 neo
1012 1267 1110 1331 segre
1133 1247 1242 1328 ferret,
1265 1243 1342 1331 quod

247 1367 362 1411 censor
384 1347 444 1408 iste
467 1353 598 1410 sanetus
621 1343 679 1408 sed
702 1365 836 1408 severus
858 1344 963 1408 Rome
986 1343 1183 1409 diseederet.
1213 1343 1342 1422 Dixeris,

246 1447 274 1508 si
296 1443 420 1508 litteras
443 1441 552 1506 Sirioii
577 1441 745 1527 expendis,
769 1440 925 1506 Sirioium
948 1442 984 1504 in
1007 1440 1271 1506 administranda
1292 1437 1344 1503 Eo

247 1539 346 1604 olesie
369 1539 466 1604 veide
489 1540 630 1624 peritum
653 1537 763 1618 fuisse,
797 1539 949 1623 quemvis
979 1538 1060 1602 forte
1084 1539 1266 1604 Damasum
1287 1558 1344 1601 non

246 1645 401 1722 sequeret
423 1636 533 1722 quoad
556 1637 726 1720 ingenium
748 1643 847 1720 etque
870 1635 1088 1700 eruditionem
1112 1637 1149 1700 in
1174 1634 1347 1720 disciplinis

247 1735 347 1800 saeris
370 1743 468 1818 atque
491 1733 646 1819 proferis.
681 1731 969 1812 Quemadmodum
992 1733 1092 1817 igitur
1114 1733 1149 1798 S.
1174 1733 1346 1798 Damasum

247 1834 361 1896 merito
383 1829 567 1911 laudemus,
592 1828 680 1914 quod
695 1828 728 1894 S.
744 1829 947 1913 Hieronymo
961 1831 1032 1894 viro
1056 1829 1247 1894 doctissimo
1269 1849 1346 1910 mog·

247 1951 327 1994 num
350 1930 547 2014 praestiterit
569 1927 726 2009 favorem,
750 1929 796 1990 its
805 1925 839 1991 S.
853 1926 1008 1992 Sirioium
1032 1948 1098 1992 non
1122 1929 1346 2012 vituperemus,

246 2026 335 2113 quod
358 2028 547 2091 oeconomia
570 2024 714 2110 quadam
737 2023 890 2110 prudenti
910 2024 976 2088 siis
998 2024 1117 2109 egendi
1142 2045 1224 2088 usus
1246 2025 1285 2086 sit
1304 2043 1345 2084 rs-

248 2121 377 2208 tiones).

337 2221 387 2285 13.
411 2218 467 2284 Ad
497 2219 654 2284 Rufinum
686 2218 774 2305 quod
806 2228 932 2303 speetst
969 2240 1161 2304 erroresque
1195 2217 1344 2302 Origene,

246 2318 385 2383 Rufinus
408 2317 542 2402 quidem
572 2315 794 2402 Aquileiensis
826 2315 998 2400 presbyter
1029 2337 1130 2402 quum
1156 2337 1200 2380 ex
1224 2313 1344 2380 Oriente

246 2415 352 2480 redux
385 2437 416 2480 a.
450 2415 514 2480 397
538 2415 676 2479 Romam
710 2414 864 2492 venisset,
894 2412 1089 2498 Apologism
1124 2412 1278 2497 Origenis
1306 2407 1344 2472 ab

246 2511 390 2577 Eusebio
424 2509 640 2576 Oeessreenee
663 2531 779 2595 grseee
801 2513 958 2595 seriptum
981 2521 1018 2574 ut
1039 2532 1122 2595 opus
1141 2509 1178 2576 S.
1192 2505 1341 2592 Pompeii

321 2751 339 2819 ¹)
361 2749 416 2817 „De
434 2747 566 2817 opusculis
595 2748 661 2802 meis
689 2752 783 2801 eontra
800 2747 981 2814 ιῘοιιίιιὶειιιιιιι,
1010 2749 1079 2815 quod
1106 2751 1134 2801 et
1162 2749 1303 2816 prudenter
1319 2753 1341 2796 rt

246 2835 369 2884 emonter
386 2829 480 2883 seueris
498 2827 662 2895 exemplario
678 2827 866 2892 subtrehendo,
885 2828 985 2894 optime
1003 2827 1083 2894 novi3
1101 2827 1148 2881 sed
1168 2827 1236 2882 nihil
1252 2823 1341 2896 profuit

246 2912 302 2966 iste
319 2909 472 2978 diligentie,
491 2923 550 2964 eum
569 2907 702 2974 odouonti
714 2923 748 2963 ex
760 2907 825 2962 urbe
838 2909 984 2972 venientes,
997 2908 1062 2962 mihi
1081 2909 1175 2964 eedem
1193 2909 1341 2963 reumont

247 2987 767 3058 queeseRomseexoepissereferebsnt.
791 3028 799 3046 .
821 3029 827 3041 .
850 2988 936 3042 Audio
946 2987 1031 3044 totius
1040 2987 1280 3054 urbisintemei)
1295 2993 1342 3039 sus

247 3071 294 3124 die
311 3070 453 3132 seruitute,
481 3067 559 3122 sudio
586 3067 726 3124 Pontificio
755 3073 783 3122 et
804 3068 901 3136 ¹populi
919 3067 1086 3124 voluntatem
1108 3070 1168 3138 pori
1187 3072 1273 3124 ments
1290 3079 1340 3118 eou-

246 3165 350 3218 gruere.
388 3149 476 3204 Minus
496 3152 537 3201 est
555 3152 646 3201 tenere
665 3147 849 3212 secerdotium,
869 3163 947 3214 quem
965 3149 1085 3202 mereri.“

321 3230 344 3298 ²)
363 3227 471 3282 Sirioios
490 3225 645 3281 nullatenus
663 3227 772 3281 ridetur
790 3227 857 3280 meio
884 3232 1014 3298 trectense
1033 3225 1059 3281 S.
1076 3225 1273 3296 Hieronymum.
1290 3239 1341 3278 nus

246 3323 327 3376 quom
345 3308 415 3362 enim
432 3308 489 3362 tulo
507 3307 570 3374 quid
587 3307 612 3362 S.
640 3307 740 3361 Ductor
766 3311 884 3362 enorme
921 3305 1073 3370 iilismont,
1091 3307 1165 3362 ‘rom
1186 3307 1249 3362 ΧΠ.
1266 3307 1287 3359 s
1303 3303 1341 3356 Je-

247 3392 328 3454 roms,
346 3395 397 3442 ert
416 3391 458 3452 40,
476 3387 583 3444 scribit:
622 3387 770 3453 „Batonius
788 3387 856 3442 oroit
875 3385 970 3453 qu’uue
992 3387 1040 3442 des
1061 3401 1152 3443 esuses
1171 3388 1206 3442 de
1223 3387 1251 3442 [ι
1266 3383 1340 3453 μαί-

247 3466 338 3522 oution
357 3484 407 3536 que
425 3467 449 3522 S.
469 3467 575 3522 Jerome
592 3467 698 3522 souffrit
717 3469 733 3520 t
750 3467 842 3532 Rome,
859 3465 904 3520 fut
922 3467 1097 3536 queDsmuse
1114 3469 1194 3522 etsnt
1212 3473 1278 3522 mort
1307 3461 1341 3512 Si·

246 3548 300 3602 ries
319 3547 365 3614 qui
383 3547 421 3601 lui
440 3547 550 3601 succede
577 3549 593 3599 i
620 3547 647 3599 ls
665 3545 702 3599 fin
729 3547 762 3600 de
780 3545 797 3600 l'
811 3561 846 3599 en
865 3547 923 3613 384,
944 3561 977 3600 ne
995 3545 1020 3600 le
1039 3545 1169 3602 continue
1186 3562 1234 3616 pes
1252 3543 1310 3596 dsns
1326 3537 1339 3590 Γ

247 3627 343 3695 emploi
362 3643 412 3694 que
430 3627 468 3680 lui
487 3627 563 3679 erait
580 3626 667 3679 donne
692 3641 740 3679 son
758 3625 956 3693 mederemur,
985 3625 1016 3679 de
1035 3627 1163 3693 reponere
1181 3642 1234 3680 sur
1251 3617 1340 3678 romul-

246 3706 348 3761 tstions
375 3705 421 3760 des
448 3707 569 3772 meones,
597 3710 626 3758 et
649 3707 733 3760 meme
755 3721 791 3760 ne
814 3705 931 3760 I'honore
953 3719 1001 3773 pes
1028 3709 1058 3759 et
1074 3721 1109 3760 ne
1132 3707 1157 3761 le
1175 3705 1275 3760 soutint
1292 3713 1339 3766 pu.

246 3801 346 3840 eornme
363 3785 383 3840 il
401 3785 501 3840 deruit.
538 3785 571 3841 Jo
588 3801 623 3840 ne
641 3785 709 3840 orois
726 3799 776 3854 pus
793 3800 844 3852 que
869 3786 894 3840 S.
912 3785 1020 3840 Joremo
1036 3801 1066 3840 so
1082 3787 1192 3855 preigne
1206 3782 1298 3853 imit
1312 3777 1340 3830 40

247 3882 276 3920 ee
294 3866 381 3934 Pepe;
401 3881 429 3931 oo
448 3865 494 3934 qui
513 3871 555 3922 est
573 3881 625 3923 une
643 3882 719 3927 usses
736 3866 842 3936 grande
859 3881 969 3934 morquo
986 3864 1028 3934 qu'
1036 3865 1058 3920 il
1075 3865 1100 3920 u‘
1110 3881 1144 3920 en
1162 3865 1238 3920 eruit
1253 3877 1297 3930 pes
1311 3857 1339 3910 dt

246 3945 324 4014 suiet,
353 3950 380 4000 ot
407 3945 512 4000 ildefie
536 3945 617 4000 Rufin
644 3947 676 4002 de
700 3951 818 4000 montrer
846 3962 897 4014 que
920 3946 949 4003 ni
967 3945 992 4002 le
1017 3961 1086 4016 pope
1104 3945 1194 4009 Siriee,
1220 3942 1247 3996 ni
1264 3951 1339 3992 suom

246 4031 325 4080 entre
344 4027 444 4091 ovoque
464 4024 504 4078 eit
532 4025 590 4079 rien
618 4027 685 4078 ecrit
703 4030 795 4080 contre
813 4023 851 4079 lui
878 4041 925 4078 sur
942 4041 989 4080 son
1008 4025 1097 4093 sejour
1114 4029 1131 4078 ri
1148 4025 1237 4082 Rome.
1254 4035 1284 4073 oo
1300 4031 1340 4068 sur

246 4120 294 4158 son
313 4105 432 4173 depert‘⁴
453 4135 486 4146 —
505 4105 530 4160 S.
539 4105 718 4171 Hieronymus
735 4109 826 4158 tumen
845 4105 878 4158 de
896 4105 920 4158 S.
939 4105 1033 4160 Sirioio
1051 4121 1104 4158 non
1123 4119 1155 4158 eu
1172 4101 1285 4168 loquitur
1299 4109 1338 4146 re
1386 4149 1387 4168 ἶ

246 4184 454 4249 sentimenti
473 4185 505 4238 de
522 4185 646 4250 Damaso,
665 4182 817 4250 Anastasio,
837 4184 1001 4239 Innocentio.
1386 4171 1387 4184 ¹

252 2669 449 2680 -ιι-ιιι-ι--ιιι-
1306 2643 1312 2660 Ι

1386 3329 1387 3340 ι
