2924 4818
443 469 567 524 Conditio
586 467 809 524 Christianorum.
1161 476 1212 530 ne

94 615 153 680 hic
175 616 342 700 designari
371 613 563 698 religionem
594 609 817 676 christianam.
865 611 963 693 Quod
987 635 1066 680 vero
1091 616 1213 682 dicitur

92 713 278 800 Pomponia
300 733 361 798 per
383 710 604 798 quadraginta
626 730 730 774 annos
758 711 793 775 in
810 711 943 774 tristitia
967 714 1071 778 vitam
1095 717 1209 798 egisse,

92 813 218 896 optimc
242 818 412 874 mamonae
436 808 593 872 convenit
616 805 826 873 christianae.
852 806 963 888 Quum
988 811 1076 874 enim
1100 814 1211 878 omnia

91 906 151 972 illa
182 917 290 972 aetate
334 905 433 992 plena
465 914 574 970 essent
617 902 776 986 libidine,
815 906 972 987 crimine,
1015 906 1210 990 idololatria,

91 1003 274 1070 Christiani
304 1005 408 1070 vitam
440 1004 640 1066 severiorem
677 1001 852 1084 ducebant,
885 1012 985 1088 atque
1016 1027 1037 1068 a
1067 1005 1210 1090 publicis

90 1102 180 1168 ludis
203 1111 237 1166 et
259 1099 457 1188 spectaculis
481 1101 602 1184 impiis,
619 1107 651 1164 et
673 1121 693 1162 a
718 1101 1046 1192 commessationibus
1069 1113 1102 1166 et
1125 1124 1210 1168 com·

90 1199 320 1284 potationibus
333 1199 522 1264 effraenatis
536 1196 666 1262 illorum
681 1206 867 1282 temporum
881 1197 1102 1266 abstinebant.
1126 1199 1210 1268 Inde

91 1319 169 1362 mox
193 1295 405 1362 habebantur
429 1305 465 1360 ut
487 1293 637 1358 homines
661 1295 695 1358 in
718 1294 870 1380 squalore
893 1304 926 1358 et
948 1297 1082 1362 tristitia
1105 1299 1209 1364 vitam

90 1395 260 1480 degentes,
285 1395 353 1459 imo
376 1395 477 1458 etiam
492 1391 654 1456 invidiam
675 1401 707 1456 et
721 1391 983 1458 odiumaliornm
1007 1395 1208 1478 excitabant,

88 1515 193 1578 quum
224 1491 290 1556 hac
320 1493 447 1555 ratione
480 1491 585 1554 vitam
618 1511 712 1554 suam
743 1490 941 1575 reprehendi
974 1493 1207 1578 perspicerent

90 1589 186 1654 Vixit
207 1598 321 1654 antem
344 1588 528 1673 Pomponia
551 1584 716 1652 Graecina
739 1609 844 1674 usque
866 1588 909 1652 ad
933 1599 1081 1675 tempora
1094 1590 1208 1656 Domi-

89 1689 183 1768 tiani,
208 1686 338 1752 scilicet
360 1707 464 1772 usque
485 1685 530 1750 ad
552 1707 677 1750 annum
701 1685 755 1750 83.
784 1685 1015 1771 Quadraginta
1037 1689 1138 1772 igitur
1160 1688 1207 1754 illi

88 1787 179 1863 anni,
205 1805 289 1872 quos
311 1783 448 1849 Tacitus
470 1793 714 1864 commemorat,
744 1805 803 1848 nos
833 1783 1004 1850 adducunt
1026 1784 1069 1849 ad
1092 1807 1122 1850 a.
1145 1786 1206 1868 433

88 1885 134 1946 ita
157 1893 196 1946 ut
219 1882 316 1946 brevi
346 1890 420 1966 post
448 1879 630 1944 adventum
653 1879 686 1946 S.
716 1881 806 1944 Petri
835 1881 1019 1966 Pomponia
1042 1879 1207 1948 Graecina

88 1979 246 2044 videatur
283 1978 328 2044 ad
360 1977 641 2043 christianismum
674 1999 835 2042 conversa
866 1979 977 2044 fuisse.
1033 1977 1118 2044 Sunt
1150 1981 1206 2065 qui

86 2079 292 2156 existimant,
318 2075 405 2140 hane
414 2075 631 2160 Pomponiam
656 2075 807 2142 eamdem
830 2097 902 2140 esse
924 2097 965 2141 ac
987 2075 1140 2142 Meam
1162 2077 1206 2142 ie·

88 2178 215 2240 minam
240 2173 386 2238 nobilem
410 2172 594 2258 Apostolici
617 2175 783 2259 temporis,
809 2195 851 2238 ex
875 2196 941 2260 qua
963 2172 1059 2258 plura
1082 2195 1206 2240 coeme-

86 2275 170 2337 teria
194 2270 362 2357 appellata
384 2271 487 2351 inere,
518 2271 678 2356 cujusque
707 2291 828 2336 nomen
858 2272 1036 2356 posteriore
1059 2279 1206 2357 tempore

86 2371 199 2455 plures
222 2369 367 2434 feminae
390 2378 525 2434 unctae
547 2367 758 2454 adoptarunt.
766 2365 789 2454 ¹)
813 2405 856 2416 --
878 2368 1000 2450 Etiam,
1020 2367 1129 2434 Acten
1143 2368 1205 2434 Ne

85 2469 177 2532 renis
209 2466 364 2531 libertam
396 2475 429 2531 et
461 2465 571 2552 aliquo
595 2475 743 2552 tempore
776 2466 1006 2549 concubinam,
1030 2475 1205 2553 postquam

84 2566 126 2630 sb
151 2565 358 2650 Imperatore
388 2562 545 2628 derelicta
575 2573 624 2628 est
652 2562 696 2628 ad
725 2563 1006 2630 christianismum
1036 2587 1107 2630 esse
1131 2587 1205 2630 con·

85 2683 229 2744 versam,
255 2671 332 2728 sunt
354 2663 410 2748 qui
425 2663 618 2727 existimant
640 2671 672 2726 et
694 2663 897 2746 argumentis
920 2684 986 2728 non
1009 2663 1204 2747 spernendis

84 2757 272 2844 suadent¹)

176 2859 208 2924 7.
230 2857 407 2922 Nescimus
424 2857 569 2943 quidem,
594 2869 737 2944 quantus
760 2859 859 2922 fuerit
883 2855 1203 2924 numerusChristia·
1243 2881 1342 2924 consuo

84 2977 205 3020 uorum
229 2965 377 3040 tempore
391 2954 424 3022 S.
439 2954 543 3037 Petri3
567 2955 694 3040 aliquot
704 2954 843 3020 millium
858 2965 970 3020 tamen
993 2955 1105 3036 luisse,
1129 2976 1203 3041 sup·
1229 2942 1360 3046 Qw

83 3075 210 3139 ponere
242 3075 426 3140 possumus.
472 3052 605 3118 Incolae
638 3053 729 3118 urbis
761 3053 885 3117 Romae
918 3053 1133 3138 probabiliter
1165 3075 1203 3118 eo

82 3166 235 3238 tempore
265 3150 350 3215 duae
379 3149 542 3216 millioues
572 3149 707 3235 aranti)
752 3151 880 3235 Religio
905 3150 1085 3216 christiana
1109 3153 1202 3216 initio

82 3249 216 3334 legibus
249 3247 340 3312 haud
371 3250 554 3334 proscripta
586 3257 666 3332 erat,
692 3249 750 3314 sed
782 3248 881 3334 plane
904 3248 1010 3314 libera
1038 3250 1108 3335 ejus
1132 3272 1203 3335 pro-

82 3347 195 3410 fessio.
224 3345 359 3410 Etenim
380 3345 496 3430 religio
510 3345 655 3411 Judaica
677 3368 831 3432 expresse
854 3339 914 3432 per
934 3346 1024 3432 leges
1037 3347 1203 3414 Renum

81 3443 337 3528 agnoscebatur,
348 3453 381 3506 et
394 3443 628 3528 protegebatur
641 3446 818 3530 praecipue
833 3444 894 3510 sub
902 3444 924 3510 J
925 3443 992 3509 ulio
1002 3442 1142 3510 Caesare
1155 3455 1201 3510 at·

82 3563 148 3627 qne
163 3540 228 3606 snb
241 3541 404 3626 Augusto.
427 3540 615 3606 Identidem
630 3541 764 3626 quidem
772 3541 894 3607 Judaei
909 3540 1127 3622 vexabantur,
1142 3539 1201 3606 sed

161 3765 181 3828 ¹)
202 3759 1200 3830 cnsmsoliepsamumoncosscnusautnonieet.

157 3843 180 3909 ¹)
199 3840 255 3896 Gir.
273 3843 350 3908 scre,
366 3857 398 3895 ss
415 3841 572 3898 eonversiou
589 3855 625 3896 au
643 3842 848 3908 christianismo,
867 3843 1029 3912 parhrthnr
1045 3841 1130 3910 Loth3
1149 3841 1201 3898 Re·

83 3937 136 3975 rue
153 3921 202 3976 des
219 3927 306 3988 quest.
324 3920 387 3976 hist
405 3925 426 3973 t.
445 3919 550 3988 xvm;
568 3923 639 3976 lere
657 3938 682 3990 p.
701 3924 744 3977 58.

155 4003 179 4068 ι)
199 4001 231 4055 V.
251 4001 322 4056 Hist.
341 4001 393 4068 pol.
412 3999 521 4055 Bittter
541 4003 616 4066 1874,
640 3999 766 4056 Novemb.
790 4001 993 4057 Altchristliche
1010 3999 1146 4057 Stetistils.
1165 4033 1198 4044 -

84 4079 168 4135 Urbes
186 4079 362 4147 antiquitatis
380 4079 544 4148 temporibus
559 4081 754 4150 Imperatorum
773 4083 974 4138 multitudinem
992 4080 1139 4136 incolarum
1157 4089 1200 4138 sat

82 4159 199 4228 amplam
216 4158 360 4214 habebant.
397 4159 442 4213 lta
455 4159 619 4215 Alexandria
637 4169 665 4214 et
687 4161 832 4216 Antiochia
849 4163 971 4228 500,000‚
991 4177 1022 4216 sc
1039 4161 1101 4216 dein
1121 4161 1198 4224 (aser.

83 4237 141 4308 tv.)
159 4241 282 4306 mom.

112 4333 240 4386 imus.
255 4333 436 4376 mnatre-s.
1075 4332 1093 4384 8
