2874 4812
451 500 601 556 Diluuntnr
618 499 804 557 difficultates.
1133 505 1186 558 305

77 683 117 692 —
144 645 232 710 Haec
253 646 494 729 argumentatio
519 655 568 709 est
591 645 689 710 valde
712 647 835 730 inepta.
873 645 984 710 Potest
1008 649 1082 734 quis
1105 671 1185 713 sane

76 743 164 830 loqui
185 743 225 807 de
246 753 440 808 casamento
468 745 612 822 metatis,
642 745 723 829 quin
746 742 824 808 inde
848 753 1013 828 sequatur,
1046 745 1090 810 ab
1112 748 1187 832 ipso,

75 864 138 905 non
168 839 293 906 admitti
317 841 482 926 principis
514 849 547 904 et
578 843 673 926 signa
696 849 833 904 externa
856 840 956 926 hujus
978 845 1124 925 unitatis,
1148 853 1185 908 ut

75 941 206 1004 unitatis
227 942 326 1004 etism
349 937 501 1004 visibilis.
547 939 666 1004 Nonne
696 941 766 1026 ipse
789 937 968 1024 Apostolus
990 964 1086 1005 nnsnn
1108 941 1185 1028 dap·

73 1040 165 1101 rima
186 1046 429 1120 commemorat,
445 1046 478 1101 et
492 1036 558 1102 alis
572 1059 657 1124 quse
672 1045 808 1102 externe
824 1059 860 1102 se
882 1036 1050 1126 produnt?
1074 1059 1183 1103 nonne

71 1137 168 1199 etiam
189 1136 392 1222 principium
416 1143 589 1200 externum
612 1136 758 1217 unitatis,
789 1135 839 1200 uti
863 1142 912 1198 est
933 1155 1075 1220 persona
1094 1137 1183 1202 Petri

71 1234 186 1318 capitis
207 1232 388 1314 Ecclesiae,
412 1234 559 1297 internos
573 1234 710 1298 effeetus
730 1233 913 1319 producere
935 1233 1068 1318 potest?
1094 1233 1183 1315 Quid

72 1351 157 1410 vero,
180 1329 269 1417 qnod
291 1329 416 1395 Paulus
438 1339 533 1394 textu
556 1329 611 1394 illo
635 1331 774 1418 loquens
797 1331 839 1395 de
862 1330 990 1396 unitate
1013 1330 1184 1396 Ecclesiae

70 1447 134 1491 uon
164 1436 401 1492 commemorat
429 1427 564 1492 Petrum
597 1429 733 1516 ejusque
762 1430 969 1515 primatum?
1014 1429 1184 1516 Numquid

70 1547 109 1588 ex
132 1525 187 1590 illo
209 1524 282 1590 loco
306 1526 404 1589 unice
426 1534 494 1589 tote
509 1524 659 1590 doctrina
682 1526 724 1592 de
746 1529 872 1592 unitate
887 1529 1057 1594 Ecclesiae
1081 1527 1185 1592 deter-

69 1623 234 1688 minatur?
257 1623 347 1689 Sane
370 1619 558 1709 Cyprianus
589 1632 719 1688 textum
741 1623 837 1690 Pauli
867 1627 1007 1692 efferens
1031 1624 1184 1707 ostendit,

68 1719 109 1784 ab
133 1723 203 1808 ipso
226 1721 363 1786 Petrum
385 1741 452 1785 non
482 1719 598 1785 heberi
629 1731 667 1786 ut
689 1725 891 1810 principium
914 1725 1050 1789 unitatis
1071 1721 1184 1786 Eccle-

68 1820 152 1883 siae!
173 1817 273 1884 Telis
295 1817 492 1883 refutatione
515 1841 582 1884 non
605 1820 765 1905 indigent.

152 1915 208 1982 51.
231 1917 318 1981 Miro
342 1916 421 1980 dein
443 1915 540 1981 modo
565 1939 600 1981 se
626 1925 758 2004 torquet
777 1919 957 2002 Rcinlrens,
981 1927 1018 1982 ut
1041 1916 1185 2002 explicet

69 2013 325 2100 propositionem
348 2012 439 2078 illam
463 2014 596 2097 cleram,
617 2017 681 2101 ipsi
695 2037 774 2081 vero
798 2016 897 2082 valde
921 2014 1182 2082 incommodam:

72 2113 211 2178 Unitotis
234 2111 372 2202 ejsudem
404 2113 587 2198 oripinem
619 2113 659 2176 ab
688 2137 751 2178 nno
774 2116 975 2201 incipientem
998 2138 1057 2178 sna
1080 2123 1183 2176 uncto·

69 2213 158 2274 dioto
191 2210 360 2297 disposuit.
417 2209 490 2274 Hac
522 2211 744 2297 propositione
771 2209 974 2297 Cyprianus,
1008 2219 1182 2298 postquam

70 2307 167 2372 verba
203 2307 343 2372 Domini
382 2307 426 2371 ad
464 2307 599 2372 Petrum
637 2308 762 2390 rotulit,
800 2309 973 2374 evidenter
1008 2307 1182 2394 significat,

68 2395 281 2492 dispositione
314 2415 347 2469 et
377 2407 572 2469 auctoritate
605 2403 728 2470 Christi
761 2428 804 2470 ex
826 2406 923 2472 Petro
953 2429 1023 2472 esse
1046 2407 1183 2472 unitatis

68 2506 228 2592 originem,
259 2502 409 2590 adeoque
441 2502 531 2568 hunc
562 2525 622 2590 per
648 2513 843 2590 potestatem
875 2505 939 2591 ipsi
963 2504 1182 2570 communica·

68 2611 130 2666 tem
153 2623 228 2666 esse
250 2601 386 2683 fontem,
410 2601 622 2687 principium,
647 2611 797 2666 centrum
820 2604 967 2668 unitatis.
1011 2601 1077 2667 Sed
1101 2622 1183 2665 cave

68 2721 105 2763 ne
127 2703 175 2764 its
197 2720 270 2764 rem
293 2698 468 2784 intelligas.
514 2697 576 2779 ,Si
596 2700 676 2786 quis,
705 2700 814 2786 inquit
835 2699 890 2765 ille
914 2701 1063 2784 scriptor,
1090 2696 1183 2763 vellet

68 2821 170 2884 erpere
200 2795 295 2860 silom
311 2795 457 2883 plenem
483 2799 592 2884 „oripo
624 2798 760 2861 inntens
782 2821 822 2862 σω
852 2804 947 2877 snso“,
979 2808 1011 2860 et
1032 2818 1067 2860 so
1091 2818 1184 2861 senna

67 2917 237 2982 seponere,
273 2894 400 2958 Petrum
437 2917 502 2959 esse
537 2896 673 2960 totitatis
700 2895 847 2981 fontem
881 2919 921 2960 en
952 2918 1012 2984 qno
1043 2895 1105 2959 illo
1135 2896 1184 2959 nti

66 3015 103 3055 ee
124 3015 227 3056 causo
249 2991 400 3071 dissonet,
424 2990 529 3080 focile
562 2996 630 3083 ejus
661 2993 770 3080 opinio
806 2995 987 3081 sonipetnr,
1017 2991 1182 3057 dnrnnsodo

65 3091 135 3155 inec
149 3089 456 3154 admiscerentur.
481 3087 678 3176 Siprsijicotio
701 3092 785 3155 vocis
807 3093 939 3178 „oripo“
946 3095 1019 3180 jam
1037 3112 1078 3154 sn·
1085 3112 1181 3176 proe-

65 3187 169 3252 diesto
193 3187 317 3276 adjecto
344 3187 552 3273 incipiens,
583 3187 786 3268 declarotnr;
810 3189 934 3252 omnino
958 3199 1062 3252 antem
1084 3187 1182 3251 deter-

65 3287 204 3349 memor
227 3305 273 3362 eo,
296 3283 381 3370 qnod
405 3279 585 3370 Cyprianus
602 3286 820 3371 propositione
843 3297 986 3371 sequente
1009 3287 1183 3372 eoeprsssio·

64 3407 129 3446 nesn
151 3392 257 3446 mutat
280 3379 400 3446 dicens:
429 3381 628 3460 „Etcordinrn
641 3383 755 3468 incipit
770 3383 810 3446 ab
823 3385 946 3448 sinitote
961 3379 1182 3469 (numerica).“

64 3478 206 3545 1de
230 3477 323 3543 aliud
344 3478 520 3566 significare
537 3490 644 3566 potest
656 3479 738 3543 nisi:
760 3479 903 3544 Ecclesia
924 3491 960 3544 nt
982 3503 1047 3543 una
1069 3480 1183 3565 incipit

61 3601 121 3642 ouo
155 3578 192 3641 in
219 3587 351 3663 puncto,
380 3598 445 3640 non
473 3599 544 3640 sero
574 3578 609 3640 in
641 3580 860 3642 communitate
884 3577 997 3642 diviso.
1045 3575 1181 3641 liciniis

62 3675 157 3740 veta
185 3673 264 3754 illa,
292 3671 450 3739 (Μίνω
478 3674 684 3760 disposuisse,
712 3686 747 3740 ct
773 3675 916 3740 Ecclesia
946 3686 1095 3762 tanquam
1116 3697 1182 3738 sessa

63 3809 278 3822 ——1———un

63 3879 104 3934 des
132 3877 262 3946 Apostels
284 3876 395 3942 Penlus,
417 3877 507 3932 iudom
534 3891 564 3930 er
581 3875 751 3942 hervorhebt,
778 3877 840 3932 dom
857 3877 902 3934 dic
919 3877 1031 3933 Einhsit
1050 3877 1111 3944 „ein
1130 3877 1182 3932 Ge-

64 3959 222 4022 sema
246 3957 304 4011 also
331 3956 360 4011 in
389 3955 475 4012 ihrem
493 3955 594 4010 Wesen
618 3961 704 4010 etwas
722 3957 886 4012 Inuerliohes
913 3957 960 4024 sai,
979 3973 1035 4012 was
1052 3957 1183 4014 domusch

63 4037 143 4092 durch
163 4037 265 4092 Petrus
282 4034 359 4090 nicht
376 4035 514 4090 bestimmt
537 4035 644 4090 werden
666 4035 748 4091 kann.
786 4038 819 4091 In
842 4037 889 4092 der
910 4037 1097 4108 psnlinisclren
1114 4039 1182 4092 Der-

63 4118 182 4188 stdlnng
203 4115 277 4170 tems
298 4115 410 4186 Petrus;
432 4117 481 4170 des
497 4113 537 4170 ist
558 4130 661 4186 gonug.
698 4117 749 4172 Dis
766 4117 928 4187 Bsdeutung
952 4117 999 4172 des
1016 4117 1116 4172 Petrus
1132 4118 1182 4172 hat

63 4196 174 4268 tolgud:
190 4195 263 4252 mes
280 4193 329 4250 der
337 4195 504 4264 Auliessnng
517 4194 648 4264 cypriani
665 4196 717 4250 mit
735 4197 795 4251 dem
808 4197 918 4266 Princip
936 4197 991 4252 und
1008 4197 1109 4252 Wesen
1135 4197 1183 4254 der

64 4275 286 4332 Kirchendnheit
303 4275 393 4330 nichts
410 4293 445 4331 zu
463 4277 557 4332 thun.“
578 4274 608 4330 ls.
627 4292 649 4330 c
668 4275 694 4332 S.
713 4279 738 4330 9.

103 4379 425 4432 summm
1041 4367 1076 4420 20
