2874 4812
395 485 549 560 Appellatio
567 484 601 546 sd
619 483 712 548 Sadon
731 481 919 559 nasutum
1161 491 1214 550 309

116 633 227 700 meiat
256 657 294 700 ea
325 643 434 698 aetate
456 637 642 719 praesentia
673 645 706 698 et
728 637 921 719 suffragium
944 635 1050 721 plebis
1083 638 1118 702 in
1142 639 1215 723 ipsa

115 733 266 814 electione,
285 733 385 820 juxta
408 731 596 816 exemplum
616 732 658 796 ab
673 731 840 817 Apostolis
856 731 971 797 datum
994 736 1029 798 in
1053 734 1213 800 electione

115 830 323 896 diaconorum.
369 829 459 894 Hinc
490 829 597 894 latiori
630 851 729 894 sensu
761 831 861 894 etiam
893 828 936 894 ad
965 830 1055 896 hunc
1078 832 1213 897 modum

113 929 245 1012 suffragii
268 927 457 1013 Cyprianus
470 925 624 1012 applicat,
641 927 730 1012 quod
746 949 789 990 ex
803 927 919 991 divina
942 929 983 990 sit
1006 929 1213 994 ordinatione

111 1037 140 1087 et
151 1024 335 1110 Apostolica
353 1023 549 1105 traditione3
573 1023 631 1088 sed
650 1045 752 1109 quum
775 1023 849 1088 aliis
874 1045 1003 1110 quoque
1026 1025 1133 1090 modis
1154 1051 1214 1090 oroe-

110 1121 186 1186 ds'oto
203 1121 244 1186 de
267 1122 429 1207 dignitate
453 1121 638 1203 ordinandi,
664 1121 760 1186 etde
783 1123 970 1186 testimonio
994 1120 1100 1188 bonae
1125 1124 1213 1188 vitae

108 1217 187 1302 quod
208 1218 331 1284 habeat
353 1219 442 1304 apud
465 1217 588 1300 fideles,
613 1229 761 1282 constare
785 1221 896 1304 possit,
921 1218 1018 1283 facile
1043 1220 1146 1300 vides,
1171 1220 1212 1284 ob

106 1318 238 1382 udones
269 1338 389 1401 graves
421 1327 453 1380 et
485 1317 695 1397 necessarias,
730 1315 822 1380 illum
856 1325 1046 1380 concretum
1079 1318 1213 1382 modum

105 1413 264 1480 electionis
287 1415 456 1478 immutari
480 1423 594 1499 postea
617 1415 773 1498 potuisse.

182 1515 236 1580 54.
260 1511 360 1592 Quod
379 1511 422 1576 ad
440 1513 729 1597 participationem
744 1511 891 1577 lidelinm
907 1513 942 1575 in
957 1513 1097 1596 nogotiis
1113 1512 1213 1577 eccle·

102 1611 235 1676 siastieis
257 1609 474 1695 disponendis
502 1610 629 1690 attinet,
655 1607 843 1694 Cyprianus
873 1609 1008 1694 quidem
1033 1609 1158 1674 elerum
1182 1621 1214 1674 ot

101 1707 253 1794 populum
278 1710 313 1771 in
337 1706 436 1771 rebus
458 1705 616 1790 gravibus
640 1707 799 1770 wasalera
826 1706 962 1771 solebat.
1009 1707 1076 1772 Sed
1099 1729 1142 1771 ex
1163 1707 1213 1772 lit-

101 1807 173 1870 teris
194 1805 268 1890 ejus
297 1806 398 1869 etiam
431 1803 466 1867 id
489 1801 586 1887 plane
619 1803 830 1868 manifestum
861 1812 919 1884 est,
943 1806 1074 1868 nonnisi
1099 1815 1213 1868 votum

100 1901 354 1968 consultativum
368 1903 409 1964 iis
423 1921 623 1982 concessum,
645 1922 804 1986 suamque
820 1903 1049 1965 auctoritatem
1071 1911 1104 1964 et
1125 1911 1213 1987 pote·

99 2011 211 2064 statem
241 1998 464 2084 episcopalem
493 1996 536 2060 ab
568 1999 638 2083 ipso
667 2019 786 2081 magno
819 2000 931 2082 vigore
955 2019 1084 2084 semper
1107 1999 1214 2062 vindi-

98 2109 202 2162 catam
226 2097 341 2160 fuisse.

179 2195 236 2260 55.
260 2193 341 2258 Jam
363 2191 537 2256 veniamus
561 2190 603 2256 ad
627 2192 860 2277 appellationes
883 2194 1113 2277 episcoporum
1137 2192 1214 2256 alio-
1235 2193 1364 2293 troppau.

97 2313 210 2356 rumve
233 2290 280 2354 sd
303 2289 424 2356 Sedens
446 2288 690 2373 Apostolicam‚·
717 2289 774 2373 jus
796 2292 1002 2374 suppositum
1025 2290 1213 2376 appellatio·

97 2391 143 2454 uis
167 2389 342 2474 Cypriane
374 2385 472 2472 plane
507 2385 656 2471 ignotum
687 2385 798 2468 fuisse,
829 2389 944 2450 asserit
967 2387 1146 2454 Reinkens.
1172 2429 1213 2436 -

97 2487 208 2568 Quum
233 2486 277 2550 de
299 2507 435 2548 recursu
466 2485 695 2568 episcoporum
727 2481 911 2546 aliorumve
940 2483 983 2548 ad
1007 2485 1127 2550 Sedem
1151 2485 1213 2550 Ro·

95 2606 230 2650 manam
262 2583 451 2669 quaeritur,
484 2579 724 2644 advertendum
756 2590 821 2662 est,
854 2579 946 2644 aliud
978 2605 1048 2646 esse
1072 2585 1215 2668 formam

95 2682 183 2746 illam
209 2681 464 2744 determinatam
490 2688 588 2763 atque
607 2677 798 2764 juridicam,
832 2699 898 2764 qua
921 2678 1082 2762 ejusmodi
1106 2703 1213 2742 recur-

94 2803 147 2844 sus
169 2779 353 2866 posteriore
385 2785 532 2860 tempore
563 2775 634 2840 lieri
667 2776 848 2857 consuevit,
882 2774 974 2838 aliud
1004 2797 1081 2840 vero
1106 2779 1214 2861 ipsum

86 2879 216 2963 soem
238 2873 430 2940 recurrendi
453 2871 497 2936 ad
523 2873 644 2938 Sedent
671 2872 854 2936 Romanam
883 2873 1019 2958 ejusque
1042 2875 1215 2937 auctorita

94 2988 170 3040 tem.
220 2973 324 3036 Varia
352 2981 464 3036 autem
496 2969 648 3056 exempla
680 2970 842 3055 ejusmodi
866 2989 1017 3034 recursus
1040 2973 1075 3034 in
1098 2971 1215 3034 litteris

95 3075 128 3138 S.
151 3071 317 3158 Cypriani
349 3077 656 3150 commemorantur,
687 3089 726 3131 ac
749 3067 783 3132 S.
809 3065 995 3152 Cyprianus
1023 3067 1157 3152 quidem
1181 3089 1215 3131 se

95 3169 242 3236 ostendit
273 3165 371 3230 valde
403 3165 580 3230 sollicitum
613 3163 654 3228 de
681 3165 758 3252 jure
791 3186 849 3228 suo
883 3164 1080 3250 episcopali,
1113 3173 1214 3250 atque

95 3270 196 3334 en'am
221 3266 265 3330 de
289 3264 479 3348 obreptione
495 3263 619 3328 Romae
638 3262 727 3326 lacta
743 3263 964 3348 conqueritur.
998 3261 1063 3327 Sed
1086 3272 1214 3325 tantum

95 3365 200 3446 aboet,
226 3373 263 3427 nt
285 3364 356 3448 ipse
374 3362 431 3445 jus
453 3381 604 3424 monrsus
627 3359 671 3424 ad
686 3359 806 3424 Sedem
818 3359 1053 3444 Apostolicam,
1079 3359 1215 3444 ejusque

96 3463 327 3528 anctoritatem
347 3456 588 3524 interveniendi
614 3459 648 3522 in
668 3458 808 3540 negotiis
831 3455 1062 3520 ecelesiasticis
1076 3454 1215 3519 aliarum

97 3560 347 3646 provinciarum
369 3565 476 3640 neget,
500 3564 537 3619 ut
561 3555 669 3639 potius
692 3553 876 3618 luculenter
899 3553 982 3618 haec
1004 3552 1047 3616 ab
1071 3573 1108 3616 eo
1124 3572 1215 3635 urge·

97 3667 195 3722 antur
219 3665 252 3720 et
274 3653 520 3718 confirmentur.

183 3753 242 3820 56.
264 3736 341 3837 lpse
372 3750 529 3816 videlicet
551 3749 739 3834 Cyprianus
770 3751 931 3813 instanter
969 3747 1126 3812 admonet
1148 3747 1215 3811 Ste-

99 3851 247 3938 phanum
260 3848 465 3930 Pontificem,
490 3855 527 3910 ut
550 3869 609 3910 sua
630 3848 825 3910 auctoritate
848 3843 1022 3930 provideat
1045 3843 1142 3907 saluti
1166 3865 1215 3907 ec·

99 3951 218 4014 clasiae
246 3945 449 4012 Arelatensis
479 3946 513 4008 in
542 3943 665 4026 Gallia,
697 3944 792 4029 cujus
822 3945 994 4028 episeopus
1027 3941 1216 4005 Marcianus

98 4047 140 4112 sd
167 4055 281 4133 partes
301 4043 482 4109 Novatiani
511 4043 685 4108 defecerat.
731 4043 889 4126 Episcopi
913 4039 1040 4104 Galliae
1059 4041 1130 4124 jam
1154 4040 1216 4103 ista
1237 4027 1375 4131 ⁰⁴22?

99 4145 197 4210 dere
222 4143 421 4227 scripserant
444 4140 488 4205 ad
501 4139 717 4226 Stephanum,
742 4139 800 4204 sed
820 4160 896 4202 cum
920 4159 1011 4202 mora
1033 4136 1217 4200 traheretur

99 4245 132 4308 iu
171 4263 211 4306 eo
245 4240 394 4323 negotio,
437 4236 607 4322 epistolam
642 4237 820 4301 Faustinus
850 4235 1084 4319 Lugdunensis
1117 4235 1216 4300 etiam
