2810 4846
232 485 286 538 262
589 484 629 538 De
648 483 766 538 Concilio
786 482 1002 537 ctatoedonensi.

233 625 392 704 similiter,
417 628 496 713 quia
519 628 590 712 ipse
604 627 697 692 Deus
717 627 866 691 Verbum
890 625 989 690 homo
1013 624 1120 688 factus
1143 635 1202 704 est,
1227 635 1342 688 utnon

234 735 318 788 esset
331 724 518 788 differentia
542 726 628 788 inter
643 723 805 810 templum
820 735 853 787 et
875 721 1117 787 inhabitantem
1142 724 1176 788 in
1192 745 1240 787 eo.
1269 720 1344 786 Con·

232 823 364 906 scripsit
387 823 477 886 enim
501 821 677 886 duodecim
701 820 855 908 capitula,
881 843 965 906 quae
990 829 1068 906 puto
1101 831 1134 883 et
1166 829 1257 884 tuam
1279 841 1344 902 cog-

233 922 364 984 novisse
396 919 662 1004 religiositatem:
696 921 775 1006 quia
808 941 874 984 una
907 929 1025 982 natura
1058 928 1090 982 et
1112 917 1296 982 divinitatis
1317 927 1346 978 et

233 1017 449 1082 humanitatis
472 1018 610 1082 Domini
634 1019 736 1080 nostri
759 1017 841 1082 Jesu
868 1015 1005 1081 Christi:
1030 1025 1062 1078 et
1085 1017 1175 1100 quia,
1201 1017 1284 1079 sicut
1304 1015 1346 1078 di·

233 1117 287 1198 cit,
312 1138 378 1180 non
408 1123 537 1200 oportet
569 1114 720 1179 dividere
744 1135 843 1178 voces
867 1114 986 1195 dictas,
1012 1135 1094 1199 quas
1118 1113 1173 1177 vel
1196 1115 1266 1199 ipse
1288 1113 1345 1176 Do·

233 1216 342 1278 minus
357 1213 398 1277 de
413 1215 589 1298 semetipso
607 1213 689 1277 dicit
703 1213 756 1277 vel
771 1211 1005 1296 Evangelistac
1021 1211 1062 1276 de
1076 1233 1125 1274 eo.
1174 1211 1267 1276 Haec
1288 1231 1345 1272 om-

232 1313 290 1376 nia
314 1312 482 1396 impietate
514 1310 614 1396 plena
647 1320 733 1392 sunt,
767 1311 925 1375 sanctitas
948 1319 1006 1374 tua
1030 1309 1132 1374 novit.
1182 1306 1345 1388 Quomodo

232 1411 321 1474 euim
346 1410 453 1494 accipi
476 1417 584 1494 potest
606 1408 670 1473 hoc
694 1407 782 1493 quod
806 1417 856 1471 est
884 1409 917 1472 in
942 1407 1105 1492 principio
1130 1406 1288 1484 Verbum,
1311 1405 1346 1468 de

232 1506 353 1592 templo
379 1506 467 1592 quod
491 1507 680 1570 factumest
696 1529 738 1570 ex
754 1505 884 1570 Maria?
907 1514 966 1569 aut
980 1504 1079 1568 illud:
1103 1504 1256 1568 Minuisti
1279 1523 1345 1566 eum

231 1605 463 1691 paulominus
493 1605 535 1669 ab
566 1604 703 1688 angelis,
735 1604 776 1667 de
808 1603 982 1668 divinitate
1007 1602 1183 1686 Unigeniti
1206 1599 1346 1664 dictum?

233 1703 384 1768 Ecclesia
407 1705 495 1768 enim
529 1704 577 1766 sic
608 1703 699 1782 dicit,
724 1703 810 1766 sicut
842 1712 874 1766 et
897 1711 954 1765 tua
977 1700 1175 1784 religiositas
1200 1698 1299 1778 novit,
1320 1705 1348 1758 et

232 1823 252 1864 a
275 1802 439 1886 principio
473 1809 522 1863 est
546 1799 662 1864 edocta
697 1810 795 1884 atque
824 1799 954 1862 firmata
987 1797 1103 1862 divina
1132 1797 1284 1862 doctrina
1311 1815 1347 1856 ex
1393 1817 1394 1820 ¹

232 1897 325 1962 libris
348 1898 615 1962 beatissimorum
644 1898 798 1978 Petrum,
833 1897 919 1962 dnae
952 1908 1105 1977 naturae,
1140 1917 1211 1958 una
1243 1895 1346 1968 virtus,

234 2018 299 2060 una
322 2018 472 2082 persona,
506 2017 590 2081 quae
623 2005 673 2059 est
700 2017 787 2060 unns
820 1994 907 2059 lilius
935 1994 1100 2058 Dominus
1123 2003 1239 2056 noster
1260 1990 1348 2054 lesus

234 2092 395 2158 Christus.
442 2093 495 2158 Ob
524 2093 611 2158 hanc
646 2095 890 2158 contentionem
915 2093 1057 2156 victores
1087 2100 1120 2154 et
1143 2092 1193 2175 pii
1217 2089 1346 2174 Impera-
1393 2151 1394 2168 ,

238 2202 329 2254 tores
342 2192 514 2276 jusserunt
544 2193 773 2277 episcoporum
797 2192 957 2276 primores
981 2191 1015 2252 in
1030 2188 1205 2274 Ephesina
1228 2207 1346 2270 congre-

234 2289 305 2372 gari
330 2291 474 2369 civitate,
500 2299 532 2353 et
565 2311 675 2354 coram
708 2289 862 2354 omnibus
890 2287 992 2352 libros
1014 2287 1158 2351 Nestorii
1184 2295 1218 2350 ct
1241 2281 1345 2366 Cyrilli

231 2387 382 2473 judicari.
444 2387 540 2450 Prius
573 2398 684 2450 autem
718 2409 817 2472 quam
858 2407 971 2450 omnes
1005 2386 1150 2470 episcopi
1188 2385 1246 2469 qui
1272 2379 1344 2466 jussi

231 2486 363 2549 fuerant
386 2486 578 2569 congregari
600 2486 769 2548 venissent
782 2486 818 2548 in
832 2483 1013 2569 Ephesum,
1037 2483 1243 2567 praecedens
1265 2479 1341 2543 idem

232 2582 378 2667 Cyrillus
410 2605 505 2646 aures
529 2585 678 2647 omnium
711 2581 853 2668 quodam
887 2581 1117 2658 medicamine,
1151 2579 1244 2666 quod
1273 2575 1342 2640 solet

231 2681 431 2767 sapientium
444 2679 557 2744 oculos
581 2680 770 2757 obcaecare,
788 2679 1054 2764 praeoccupavit.
1084 2678 1222 2742 Invenit
1243 2683 1341 2738 antem

231 2801 365 2844 causam
389 2778 530 2842 exodio
562 2777 651 2863 quod
684 2777 801 2842 habuit
832 2777 921 2840 circa
950 2775 1149 2840 Nestorium.
1199 2775 1243 2838 Et
1264 2781 1340 2835 ante

232 2899 334 2963 quam
365 2879 400 2940 in
424 2876 591 2959 synodum
624 2875 798 2939 adveniret
830 2875 1058 2939 sanctissimus
1091 2883 1122 2938 et
1144 2873 1221 2937 Deo
1244 2891 1340 2935 oman·
1393 2911 1394 2918 κ

230 2975 376 3038 tissimus
400 2974 669 3059 archiepiscopus
691 2974 849 3051 Joannes,
873 2973 1062 3036 Nestorium
1094 2995 1136 3036 ex
1160 2973 1339 3057 episcopatu
1393 3007 1394 3012 κ

232 3071 464 3157 deposuerunt,
485 3071 613 3156 judicio
638 3081 671 3135 et
694 3072 908 3156 inquisitione
932 3092 999 3135 non
1022 3070 1120 3135 facta.
1166 3071 1247 3134 Post
1269 3067 1341 3130 duos

230 3181 339 3234 :tutem
375 3169 444 3232 dies
475 3169 698 3234 damnationis
731 3169 802 3254 ejus
835 3170 989 3232 venimus
1011 3167 1195 3254 Ephesum,
1226 3177 1257 3230 et
1278 3185 1340 3246 cog·

229 3267 441 3332 noscentibus
458 3265 646 3355 (pcn‘hirrwr
669 3263 784 3354 ἡμῶν),
810 3267 888 3350 quia
912 3266 946 3328 in
970 3265 1183 3330 damnatione
1200 3261 1338 3330 Nestorii.

230 3387 314 3451 quae
338 3365 380 3428 ab
414 3367 460 3428 eis
484 3363 572 3428 lacta
606 3374 664 3444 est,
696 3363 872 3428 duodecim
905 3363 1050 3448 capitula
1074 3384 1159 3448 quae
1183 3387 1204 3427 a
1228 3356 1338 3443 Cyrillo

231 3472 417 3548 conscripta
448 3473 534 3544 sunt,
567 3483 643 3525 cum
674 3471 783 3526 essent
814 3461 979 3526 conuaria
1003 3482 1101 3524 verae
1126 3461 1214 3540 fidei,
1239 3477 1337 3544 posue

232 3571 309 3626 runt
342 3569 373 3622 et
408 3561 632 3638 firmaverunt,
667 3568 700 3622 et
732 3569 968 3634 consenserunt
1000 3559 1047 3622 eis
1070 3567 1230 3644 tunquam
1252 3573 1337 3618 verae

231 3659 308 3723 fidei
334 3660 496 3740 consonis,
522 3679 635 3722 omnes
660 3656 834 3722 orientales
849 3658 994 3741 episcopi
1019 3655 1173 3720 eumdem
1191 3651 1336 3738 Cyrillum

235 3759 487 3838 damnaverunt,
512 3767 545 3819 et
568 3756 945 3819 excommunicationem
978 3753 1139 3818 adversus
1167 3752 1247 3818 alios
1268 3750 1337 3833 epis·

237 3877 336 3941 copes
360 3856 416 3940 qui
441 3863 677 3918 consenserunt
701 3853 771 3938 ejus
796 3851 948 3938 capitulis
970 3851 1184 3938 protulerunt.
1212 3849 1255 3914 Et
1275 3855 1338 3932 post

228 3951 317 4016 hanc
352 3951 635 4036 perturbationem
668 3952 894 4035 unusquisque
924 3950 960 4012 in
995 3971 1088 4013 suam
1113 3950 1276 4012 civitatem
1298 3966 1337 4005 rc·
1393 4017 1394 4024 ἵ

229 4071 345 4112 versus
370 4059 427 4113 est.
475 4049 645 4113 Nestorius
678 4059 799 4128 autem,
825 4049 903 4133 quia
928 4069 1007 4110 suae
1031 4058 1101 4110 erat
1123 4046 1198 4110 odio
1222 4039 1335 4108 civitati

231 4157 264 4210 et
288 4149 370 4212 viris
394 4150 449 4233 qui
474 4149 509 4212 in
534 4169 574 4210 sa
597 4155 674 4210 sunt
703 4148 869 4227 maximis,
901 4147 936 4208 in
965 4165 1038 4208 cam
1061 4144 1182 4208 reverti
1206 4163 1268 4207 non
1289 4157 1335 4220 po·

230 4247 306 4309 tuit.
352 4245 397 4308 Et
419 4247 577 4308 remansit
610 4243 767 4308 orientale
804 4243 980 4308 concilium
1015 4265 1080 4306 non
1105 4239 1336 4306 communicans
