2876 4814
243 502 295 563 244
579 506 619 558 De
638 503 723 572 Opere
742 503 1025 573 philosophomenon.

243 651 369 740 plicari,
393 648 482 738 quod
498 651 670 736 episeopus
694 645 828 734 quidem
852 649 1055 737 abantiquis
1078 656 1279 729 nominetur,
1305 655 1359 718 sed

244 773 306 816 nec
328 749 493 814 Eusebius
516 767 579 812 nec
602 747 635 812 S.
660 745 886 830 Hieronymus
901 749 973 833 ejus
997 750 1109 814 sedem
1133 755 1360 838 cognoverint,

244 873 264 914 a
287 849 436 935 pluribus
460 868 537 910 vero
571 844 760 909 auctoribus
784 841 921 909 Graecis
950 845 1080 912 dicatur
1104 852 1281 938 episcopus
1303 851 1361 916 Rc-

245 967 372 1012 manus.
397 985 439 992 —
464 943 643 1032 Oppositus
673 941 806 1028 quidem
836 943 900 1008 fnit
928 943 1061 1010 Callisto
1086 948 1212 1033 atejus
1237 970 1361 1012 succes-

245 1045 382 1126 soribus,
407 1043 464 1108 sed
488 1067 518 1108 a.
542 1043 610 1124 235γ
632 1043 701 1126 ipse
725 1063 802 1104 cum
827 1041 859 1108 S.
884 1041 1047 1108 Pontiano
1070 1044 1233 1110 Pontifice
1258 1047 1295 1108 in
1319 1049 1361 1110 in-

246 1143 350 1208 sulam
375 1138 561 1207 Sardiniam
588 1139 786 1224 deportatus,
812 1143 844 1202 et
868 1161 943 1203 curn
955 1139 1105 1206 Ecclesia
1130 1141 1296 1208 catholica
1319 1167 1362 1208 re-

247 1240 450 1320 conciliatus,
467 1234 602 1318 ibidem,
618 1239 665 1300 uti
683 1242 716 1300 et
730 1235 922 1317 Pontianus,
939 1241 1134 1324 martyrium
1159 1239 1272 1306 subiit.
1290 1241 1362 1306 Cor·

246 1359 326 1426 pora
350 1359 463 1400 eorum
494 1335 570 1400 dein
595 1335 733 1399 Romam
762 1335 920 1398 translata
944 1345 1021 1400 sunt
1052 1347 1085 1402 et
1108 1337 1161 1402 die
1186 1339 1275 1404 XIII
1300 1341 1363 1404 Aa·

247 1435 333 1523 gusti
367 1435 547 1522 antiquitus
579 1434 698 1497 festum
723 1429 755 1496 S.
780 1431 934 1496 Pontiani
967 1445 1000 1497 et
1023 1435 1055 1500 S.
1079 1435 1256 1521 Hippolyti
1287 1437 1364 1500 cele·

248 1533 415 1599 brabatur.
447 1531 598 1596 Habetur
621 1529 776 1594 videlicet
799 1529 833 1592 in
850 1529 1007 1616 Cataloga
1022 1533 1201 1598 Liberiano
1226 1535 1363 1600 dePun·

248 1631 356 1696 tiano:
390 1631 567 1694 Pontianus
595 1649 696 1692 annos
725 1629 868 1714 pariaque,
892 1642 1011 1693 menses
1035 1631 1123 1709 duos,
1148 1631 1216 1695 dies
1239 1635 1362 1719 septem.

249 1731 323 1798 Fuit
347 1729 535 1816 temporibus
558 1727 741 1791 Alexandri
770 1749 791 1789 a
814 1725 978 1790 conwlatu
1002 1729 1189 1816 Pompeiani
1211 1741 1244 1792 ct
1267 1729 1364 1793 Pei'·

249 1830 350 1894 niani.
399 1827 445 1890 Eo
471 1837 605 1912 tempore
625 1825 800 1888 Pontianus
824 1826 987 1910 episcopus
1010 1832 1040 1890 at
1064 1827 1261 1914 Hippolytus
1279 1849 1364 1914 pres-

250 1929 337 2014 byter
360 1923 467 1989 caules
490 1921 650 2010 deportati
673 1923 707 1986 in
730 1921 868 1986 insatiam
890 1925 1032 1988 nocivam
1042 1923 1237 2004 Sardiniam,
1255 1923 1365 1990 Seuero

251 2033 280 2090 a't
307 2023 458 2098 Quintilio
487 2019 689 2086 Conantibus:
720 2022 755 2083 in
786 2019 893 2084 eadem
916 2021 1024 2086 insula
1056 2023 1227 2087 discinctus
1251 2035 1301 2088 est
1322 2023 1368 2086 lt'

252 2119 326 2188 Kal.
343 2121 494 2198 Octobris,
519 2127 548 2183 et
572 2119 637 2182 loco
662 2123 728 2208 ejus
751 2117 919 2182 ordinatus
942 2131 987 2183 cst
1001 2121 1139 2186 Antea-us
1153 2121 1205 2185 XI
1213 2117 1292 2186 Kal.
1308 2123 1365 2186 De·

251 2221 390 2297 cambris,
418 2214 604 2282 Conantibus
634 2217 868 2303 suprascriptis.
916 2216 956 2279 In
981 2216 1085 2284 Catal.
1114 2217 1286 2284 Feliciano
1316 2218 1364 2282 ad-

252 2319 354 2383 ditur:
382 2315 479 2390 Quem
515 2316 552 2379 Β.
590 2315 753 2379 Fabianus
791 2313 929 2378 adiuuit
964 2318 1090 2402 nampio
1115 2329 1145 2382 et
1168 2317 1362 2406 sepelieritis
1425 2356 1426 2381 r

252 2414 429 2480 coemeterio
459 2408 586 2478 bbliisti
607 2415 661 2476 cia
683 2412 803 2498 Appia.
850 2411 889 2474 In
916 2409 1112 2478 Calendario
1136 2423 1249 2478 antem
1273 2413 1362 2478 Libe

250 2515 344 2579 riano
357 2508 478 2596 legitur
501 2513 535 2575 in
550 2509 764 2596 Depositione
779 2510 979 2594 Martyrum:
1002 2513 1112 2577 Idibus
1126 2513 1272 2598 Aapusti.
1289 2509 1362 2598 Hip

246 2611 355 2700 polyti
382 2613 417 2674 in
445 2610 622 2697 Tibsntina,
647 2621 676 2672 ct
699 2609 851 2672 Pontiani
873 2609 908 2671 in
935 2605 1070 2674 Callisti.
1118 2610 1216 2676 Unde
1241 2608 1362 2674 conclu·

252 2709 350 2790 ditur,
384 2707 417 2772 S.
442 2705 661 2793 Hippolytum
695 2703 844 2770 Fabiano
868 2703 1021 2770 Pontifici
1053 2705 1312 2790 reconciliatum,
1335 2718 1362 2770 et
1424 2718 1425 2747 ¹

252 2809 350 2872 etiam
385 2827 503 2891 corpus
533 2803 565 2869 S.
596 2803 770 2890 Hippolyti
803 2829 878 2873 cum
912 2823 1046 2891 corpore
1069 2806 1103 2872 S.
1127 2806 1282 2871 Pontiani
1307 2804 1362 2870 Ro·

253 2913 340 2968 marn
364 2902 558 2966 translatum
580 2899 690 2967 fuisse.

342 2993 395 3088 94.
420 2999 614 3066 Schismatis
638 3019 716 3065 vero
728 3001 902 3089 Hippolyti
932 3003 1031 3068 etiam
1055 3003 1178 3065 mansit
1201 3000 1361 3079 memoria,
1423 3047 1424 3113 ,

253 3099 406 3187 quamvis
450 3120 524 3162 cum
568 3095 679 3184 aliqua
723 3099 925 3167 confusione.
985 3099 1118 3164 Etenim
1158 3087 1361 3176 Prudentius,

254 3221 356 3286 quum
389 3199 523 3262 ineunte
555 3197 686 3261 saeculo
719 3198 750 3259 V
782 3199 907 3264 Romae
939 3207 1042 3279 esset,
1066 3205 1098 3260 et
1130 3195 1163 3262 S.
1196 3191 1361 3281 Hippolyti

254 3297 392 3362 vidisset
416 3294 636 3380 sepulchrum,
667 3295 708 3359 de
731 3297 802 3383 ipso
833 3297 911 3364 dein
935 3297 1056 3360 cecinit
1078 3296 1113 3358 in
1137 3317 1196 3358 sua
1219 3293 1362 3378 Hymuo:

324 3391 483 3479 ,Invenio
508 3391 742 3478 Hippolytum,
767 3396 823 3481 qui
848 3394 1015 3481 quondam
1038 3391 1182 3456 schisma
1203 3390 1322 3456 Novati
1422 3445 1423 3481 ,

366 3491 543 3576 Presbyter
565 3492 728 3574 attigerat,
753 3501 863 3556 nostra
886 3487 1053 3577 sequenda
1076 3509 1210 3582 negans,

323 3592 435 3676 Usque
459 3588 502 3652 ad
526 3590 676 3672 martyrii
700 3598 893 3675 provectum
917 3591 1058 3673 insigne,
1080 3586 1194 3652 tulisse

367 3686 496 3752 Lucida
519 3688 692 3770 sanguinei
715 3689 863 3773 praemia
885 3687 1050 3774 supplicii.

322 3789 393 3854 Nec
416 3785 534 3850 mirere
557 3802 668 3848 senem
691 3787 837 3871 perversi
861 3785 1024 3870 dogmatis
1046 3783 1135 3866 clim,

368 3879 506 3950 Munere
530 3879 669 3946 ditatum
695 3881 876 3948 catholicae
899 3881 987 3948 fidei.

325 3981 409 4049 Cum
427 3979 499 4067 jam
523 3994 644 4044 vesano
669 3983 776 4046 victor
797 3992 968 4069 raperetur
990 3979 1032 4044 ab
1056 3977 1158 4061 hoste,

368 4078 550 4146 Exultants
573 4079 685 4144 anima
708 4081 817 4146 carnis
839 4077 883 4144 ad
906 4080 1057 4159 exitium,

324 4177 434 4246 Plebis
457 4195 567 4240 amore
590 4196 670 4242 suaa
693 4177 804 4242 multis
827 4176 1061 4242 comitantibus
1084 4174 1167 4256 ibat3

372 4277 556 4359 Consultus,
581 4297 745 4361 quaenam
768 4284 857 4340 scota
880 4275 963 4340 foret
986 4272 1114 4356 uultur,
