2766 4836
219 413 252 466 te
466 409 505 462 De
525 406 670 462 Arieniemi
689 406 754 460 fatis
773 423 804 461 uc
822 407 855 462 do
873 407 950 474 lapsu
970 407 1078 462 Liben'i.

217 555 340 622 urbium
355 553 494 640 episcopi
516 563 545 616 et
567 553 676 637 capito
692 560 853 614 tantarum
865 549 1080 616 eeclesiarum:
1105 555 1311 640 nupiearedum

218 677 293 717 sane
305 653 408 738 foret,
431 674 470 714 nc
493 651 599 736 pratia
622 648 760 734 quadam
789 659 845 712 aut
858 649 977 734 favore
1000 651 1087 714 denti
1107 662 1312 715 nostratuum

211 756 283 838 jam
305 749 531 814 corstenderent.
582 746 657 812 Cum
678 757 781 810 aute-m
803 769 867 810 non
888 746 989 810 solum
1010 748 1111 812 culis
1134 751 1312 836 milipatro

219 849 318 912 (sinenti
343 847 480 932 fuerint,
513 845 685 909 sedetiam
708 843 837 908 erilium
867 847 1082 924 eeutinuerint,
1106 868 1146 910 en
1168 869 1314 932 corumpi

218 969 344 1009 nume-ro
359 945 400 1008 sit
414 943 556 1007 Liberius
572 945 690 1006 Romae
705 943 885 1028 episcopus:
903 944 1045 1006 nametei
1059 943 1151 1008 ordii
1165 969 1314 1008 aerumnae

1348 113 1349 177 l

220 1045 263 1107 ad
276 1043 375 1126 finem
404 1063 498 1126 noque
531 1063 594 1104 non
625 1039 813 1116 toleraverit,
838 1051 974 1106 attamen
1004 1041 1087 1126 quod
1108 1044 1270 1130 conflatam
1291 1045 1313 1104 in

1348 4166 1349 4212 l

1348 4215 1349 4256 r

1348 4261 1349 4292 l

1348 4314 1349 4370 l

218 1163 275 1204 nos
307 1140 568 1226 conspirationem
591 1137 693 1223 probe
722 1149 835 1216 nosset,
867 1138 991 1202 biennio
1022 1141 1057 1202 in
1083 1139 1177 1204 emilii
1199 1139 1261 1204 loco
1282 1151 1316 1202 est

219 1249 442 1316 commorans,-
471 1259 539 1300 cum
569 1237 663 1298 etiam
692 1257 731 1298 eoo
763 1257 868 1300 eorum
898 1259 1024 1301 numero
1057 1239 1098 1300 sit
1125 1261 1254 1324 maprm
1273 1235 1316 1301 ille

221 1337 339 1400 Hosius
362 1359 430 1398 cum
452 1335 606 1420 episcopie
629 1331 759 1410 Italiae,
787 1331 978 1412 Galliarum,
1002 1344 1032 1397 et
1054 1333 1128 1398 aliis
1154 1360 1195 1400 eo:
1216 1337 1318 1422 Hispo·

220 1436 292 1510 niis,
317 1456 355 1496 ou
378 1432 517 1518 Aepypto
549 1442 578 1494 ct
607 1453 646 1494 coc
668 1430 770 1516 Libya
801 1430 1000 1515 omnibusque
1022 1433 1231 1520 Pentapoleos
1252 1435 1317 1520 epir-

221 1532 324 1617 copis:
347 1553 422 1594 nom
445 1529 516 1593 licet
538 1527 592 1592 ille
616 1529 659 1592 ad
683 1527 771 1591 breve
804 1538 922 1615 tempus
949 1527 1127 1594 Constantii
1149 1533 1242 1596 minis
1258 1555 1318 1617 per·

222 1627 347 1692 territus
379 1629 420 1690 iis
453 1627 599 1690 obsistere
629 1649 693 1690 non
715 1626 883 1704 uideretur,
915 1637 1052 1690 ettamen
1074 1630 1186 1714 inpeus
1207 1628 1263 1692 illa
1283 1629 1319 1690 oio

222 1737 312 1811 atquc
343 1725 510 1812 tyrannica
545 1721 722 1789 Constantii
745 1733 899 1810 potestas,
932 1747 1050 1788 necnon
1074 1725 1237 1812 plurimae
1256 1725 1320 1788 illue

221 1821 423 1888 contumeliae
453 1833 482 1886 et
505 1821 625 1909 plnpnc
650 1820 765 1907 palam
785 1819 930 1906 faciunt,
964 1845 1032 1886 eum
1059 1846 1124 1886 non
1157 1825 1238 1910 quod
1263 1845 1320 1886 roos

221 1945 278 1986 nos
297 1923 497 1999 mndmaret,
521 1920 577 1983 sed
599 1919 682 2006 quod
698 1929 834 2006 propter
855 1923 1019 1984 senectutis
1041 1921 1252 2004 infirmitatem
1259 1919 1319 2007 plo·

220 2043 277 2104 pos
299 2043 363 2082 non
376 2017 492 2104 ferret,
516 2018 561 2082 od
584 2029 702 2104 tempus
718 2015 784 2080 illis
808 2019 951 2100 cessisse3
975 2040 1106 2104 aequum
1130 2042 1207 2084 saue
1221 2019 1318 2106 fuerit.

223 2139 325 2180 omnes
347 2127 453 2203 utpote
485 2118 533 2179 rei
562 2117 708 2179 certiores
730 2114 840 2201 factos
871 2116 1061 2204 injustitiam
1092 2115 1186 2180 illam
1217 2129 1244 2179 et
1272 2118 1319 2177 rior

222 2215 312 2278 nobis
334 2212 459 2278 illatam
485 2215 585 2299 mapis
609 2237 646 2276 oc
668 2216 768 2299 napis
793 2212 897 2276 odisse
920 2237 957 2276 oo
974 2215 1230 2299 perhorrescere:
1261 2214 1319 2276 idm

222 2313 357 2376 mommo
379 2313 462 2397 quod
476 2310 700 2398 planissimum
714 2313 764 2390 sit,
788 2310 950 2376 nosnullo
972 2309 1041 2376 alia
1063 2311 1102 2374 de
1126 2335 1224 2378 curua
1245 2333 1319 2396 quom

217 2421 352 2498 propter
375 2409 532 2474 Arionem
554 2410 744 2495 impietatem
766 2409 943 2498 lujusnwdi
965 2408 1052 2474 malo
1075 2433 1142 2474 esse
1159 2429 1317 2497 perpessos.

223 2547 267 2555 —
291 2507 328 2572 Si
350 2509 418 2594 quis
441 2508 538 2592 igitur
561 2530 640 2592 quae
662 2529 720 2570 nos
750 2517 892 2592 spectant
914 2505 1065 2592 simulque
1089 2507 1318 2572 Eusebianoruro

223 2607 458 2693 sycophantiam
487 2605 622 2668 ediscere
654 2605 777 2690 cupiat,
810 2605 838 2670 is
861 2627 941 2690 quae
967 2605 1069 2668 nostri
1089 2608 1200 2690 qratia
1220 2605 1318 2688 scripto

224 2716 296 2770 aurit
325 2702 416 2788 lepat,
450 2713 598 2788 testesque
628 2703 766 2790 occipiat
794 2725 858 2767 non
884 2726 979 2768 unum
1007 2713 1064 2768 aut
1093 2703 1174 2767 duos
1197 2701 1242 2766 uel
1262 2712 1318 2762 tres.

224 2803 280 2866 scel
312 2812 432 2866 tantam
462 2802 677 2887 episcoporum
705 2799 952 2864 multitudinem:
990 2810 1081 2864 testes
1102 2802 1216 2864 iterum
1237 2804 1320 2862 eumd

224 2900 383 2965 Liberium
405 2910 434 2962 et
455 2899 590 2964 Hosium
612 2921 774 2984 eorumque
797 2899 906 2977 sociam
931 2899 985 2984 qui
1005 2922 1073 2964 acm
1095 2899 1257 2962 adoermm
1276 2915 1319 2956 nos

224 3008 312 3084 posto
334 2997 490 3084 facinora
518 2997 739 3083 conspicerent,
770 3006 909 3060 extremo
932 2997 1009 3082 pati
1037 2995 1225 3074 noluemus,
1246 3013 1320 3078 quoto

227 3106 282 3160 out
303 3096 465 3159 ueritatem
487 3105 543 3158 aut
557 3093 715 3183 judicium
737 3095 839 3158 nostri
859 3096 967 3180 pratia
988 3093 1099 3158 ¹datum
1115 3093 1263 3180 prodere:
1283 3086 1319 3150 id·

227 3215 283 3280 que
306 3215 345 3256 eoo
368 3192 445 3256 boreo
470 3202 499 3256 et
520 3203 627 3256 sancto
651 3190 781 3256 consilio
806 3201 951 3277 egentum
973 3190 1060 3256 mola
1081 3193 1164 3254 enim
1186 3185 1320 3276 punisti

221 3292 369 3378 perpessi
390 3301 472 3369 sunt,
497 3313 588 3375 quam
611 3291 672 3354 nim
694 3289 754 3354 alii
784 3311 901 3376 quoque
925 3289 1064 3375 episcopi
1079 3288 1266 3375 pertulerint
1285 3285 1318 3344 in·

227 3390 344 3454 dicant.
370 3387 451 3452 Sunt
464 3398 567 3452 autem
589 3411 627 3452 ea
649 3389 722 3474 ipsa
743 3397 940 3452 monumenta
963 3397 992 3449 et
1014 3387 1102 3473 cippi
1123 3382 1318 3450 coutraArio·

226 3511 301 3552 nam
333 3486 484 3550 haeresim
514 3496 543 3550 et
573 3496 683 3550 contro
721 3487 1005 3572 syncoplrautorum
1032 3483 1191 3548 malinam
1219 3489 1319 3546 erecto:

227 3595 300 3650 sunt
322 3586 416 3648 etiam
429 3582 544 3669 forma
574 3594 603 3647 et
625 3582 786 3670 cnensplar
810 3583 950 3670 posteris
972 3583 1099 3660 nostru,
1123 3593 1159 3646 ut
1175 3602 1236 3669 pro
1256 3575 1318 3640 euri·

229 3694 291 3748 tate
307 3705 401 3768 usqne
416 3681 460 3746 ad
481 3691 609 3746 mortem
632 3680 797 3760 decertent,
816 3681 1031 3766 Amuliumque
1053 3680 1203 3744 eaerum
1216 3675 1318 3742 Coruo

228 3783 388 3850 inimicam
410 3790 440 3842 et
461 3779 649 3843 Antichristi
665 3779 872 3864 prodromum
879 3779 1132 3864 perhorruerint,
1155 3797 1246 3862 nepes
1266 3767 1318 3834 illis

229 3879 395 3944 aduersum
432 3900 489 3940 nos
522 3876 715 3963 loquentibus
736 3876 836 3960 fidem
873 3875 1017 3940 labeant.
1072 3874 1227 3962 Apolopio
1254 3868 1317 3932 coin

230 3976 471 4064 suffropiumqoe
496 3985 540 4039 tot
562 3999 598 4039 ao
623 3974 733 4039 talium
756 3976 971 4061 episcoporum
987 3995 1052 4059 pro
1066 3971 1134 4057 fide
1158 3971 1245 4056 dipsa
1266 3959 1317 4047 ses·

229 4075 402 4160 ficientique
425 4075 621 4137 innocentiae
643 4083 769 4136 nostroe
794 4072 967 4136 testimonio
990 4069 1135 4134 labenda
1156 4078 1232 4133 sunt.

320 4173 372 4237 97.
397 4171 509 4235 Altero
532 4171 603 4235 loco
636 4173 670 4234 in
694 4171 842 4236 Historia
864 4167 1057 4234 Arionorum
1087 4167 1131 4230 ad
1159 4159 1315 4230 Moundou
