2766 4836
231 489 266 542 46
480 491 520 544 De
538 491 684 546 Arianismi
704 489 769 546 fetis
789 507 820 545 ac
839 491 872 546 de
892 492 968 560 lapsu
986 490 1097 546 Liberii.

232 635 312 696 cium
335 633 461 711 scilicet,
492 633 662 714 Valentem,
699 634 903 714 Geminium,
937 636 1140 714 ducentium,
1174 632 1282 698 Gaium
1301 645 1323 696 ct
1371 667 1372 742 p

232 731 444 816 Demophilem
466 733 638 797 haereticos
660 733 865 798 declararunt
889 745 918 798 et
942 731 1197 819 depositor-unffi).
1371 755 1372 800 t

319 829 379 916 63,
397 830 448 893 Dc
472 831 586 894 eadem
611 831 674 896 hac
697 829 836 896 formula
860 831 969 896 adhuc
992 831 1194 896 Athanasius
1217 831 1255 895 de
1276 833 1324 916 Sy·

231 926 326 990 nodie
350 949 382 990 n.
407 929 466 992 29:
494 925 632 993 Consilio
656 933 769 994 iterum
791 941 909 994 mutato
943 953 1011 994 com
1034 929 1160 994 edidere
1174 930 1254 1014 fidei
1266 929 1325 1016 sor·
1371 917 1372 950 ³

230 1025 463 1111 malampnum
486 1049 517 1090 se
541 1049 608 1091 oum
631 1029 795 1092 consulatu
822 1028 958 1092 edidisse
975 1038 1091 1115 posteo
1114 1028 1266 1092 ontbuere.
1288 1027 1325 1090 De

230 1147 313 1187 more
337 1135 440 1187 autom
463 1127 555 1210 quasi
586 1127 665 1189 boue
696 1127 771 1190 item
797 1127 1026 1212 improbarent,
1059 1136 1210 1190 curarunt
1231 1135 1264 1189 ut
1282 1148 1326 1210 per

231 1223 464 1285 Martinianum
486 1226 645 1287 notorium
677 1225 821 1310 exemplo
854 1223 893 1287 ab
925 1226 967 1287 iia
989 1225 1044 1310 qui
1070 1223 1218 1288 baberent
1240 1221 1325 1310 aufer·

229 1331 349 1402 routur.¹
395 1321 529 1384 Etcum
556 1319 739 1386 Cormtoutio
764 1323 953 1408 Imperatori
980 1334 1122 1386 auctores
1137 1322 1327 1408 fruerentot

231 1419 380 1483 advorsus
413 1443 481 1482 eom
513 1419 646 1484 edictum
662 1419 888 1507 promulporet,
923 1421 1021 1484 olium
1043 1443 1154 1484 rursm
1178 1417 1327 1484 tradidere.

230 1555 273 1564 -
306 1516 478 1602 Ejusmodi
511 1517 742 1602 prohibitionis
765 1517 911 1582 edictum
938 1518 1039 1603 aliqui
1062 1517 1211 1581 referunt
1232 1513 1328 1579 adse.

232 1616 374 1680 cundem
407 1615 581 1680 formulam
615 1615 842 1698 sirmiensem,
873 1618 1015 1680 nitentes
1045 1613 1134 1680 Socr.
1171 1613 1213 1678 H.
1236 1613 1272 1679 E.
1293 1611 1328 1677 ll·

231 1715 275 1778 30
298 1725 330 1778 et
353 1712 481 1778 Sozom.
506 1715 549 1778 H.
573 1714 612 1780 E.
644 1713 702 1780 IV.
734 1713 886 1802 6-162).
933 1713 999 1778 Sed
1023 1717 1139 1779 merito
1165 1739 1330 1804 supponen-

231 1813 309 1876 dum
334 1823 396 1894 est,
422 1811 454 1877 S.
479 1811 710 1894 Athanasium,
735 1830 896 1876 coaevum
926 1821 959 1876 ct
990 1822 1171 1878 eventuum
1205 1817 1330 1880 maxime

230 1933 381 1996 gnarum,
398 1909 461 1974 hoc
484 1909 555 1975 loco
580 1932 645 1975 non
661 1933 796 1976 errasse.
821 1909 1014 1996 colligimus
1038 1921 1108 1974 tum
1132 1935 1177 1977 ex
1192 1913 1224 1978 S.
1246 1913 1331 1979 Athe

230 2007 364 2095 nesio⁸),
390 2019 460 2073 tum
483 2031 526 2072 ex
548 2007 724 2096 Socrate⁴),
755 2011 1004 2095 inscriptionem
1028 2007 1128 2092 illam,
1155 2035 1221 2098 que
1242 2011 1330 2096 Impe-

230 2119 318 2174 rator
341 2109 522 2172 vocabatur
545 2118 706 2189 aeternna,
741 2117 773 2172 et
805 2107 875 2172 dies
908 2109 1049 2173 confecti
1077 2110 1220 2192 symboli
1243 2107 1330 2192 desig·

230 2207 381 2288 nabetur,
408 2215 444 2269 ut
466 2205 564 2270 valde
587 2208 733 2292 ineptum
762 2207 842 2271 risui
871 2205 1019 2270 habitum
1053 2229 1132 2271 csse.
1182 2207 1221 2273 Id
1243 2209 1332 2294 potuit

232 2327 364 2368 movere
388 2303 627 2387 Constantium,
652 2313 689 2367 ut
710 2302 798 2368 hanc
819 2305 994 2370 formulam
1011 2307 1217 2391 supprimere
1240 2303 1331 2370 vellet.

232 2406 384 2490 quamvis
407 2403 505 2488 paulo
530 2412 604 2488 post
626 2403 760 2488 dempta
788 2404 1001 2489 inscriptione
1030 2403 1172 2468 similem
1196 2405 1332 2469 Patribus

232 2510 436 2588 proponeret.
492 2499 558 2564 Sed
591 2499 631 2564 de
664 2503 756 2564 exitu
789 2500 919 2565 concilii
937 2500 1176 2566 ·Ariminonsis
1212 2503 1332 2568 inferius

231 2599 461 2680 tractabimus3
486 2598 583 2664 modo
607 2621 709 2685 quum
733 2621 771 2662 ea
793 2601 942 2683 exposita
965 2601 1030 2664 sint
1053 2621 1141 2685 quae·
1163 2601 1207 2666 ad
1229 2601 1331 2665 tonnu-

231 2700 279 2764 les
312 2697 506 2763 Sirmienses
538 2707 696 2782 spectant,
724 2697 796 2782 jam
829 2699 1015 2761 accuratius
1048 2701 1273 2783 quaestionem
1299 2697 1330 2762 de

232 2799 325 2884 lapsu
350 2796 475 2860 Liberii
500 2797 690 2859 examinare
713 2794 800 2859 licet.

62 2919 221 2964 sonantium
320 2895 373 2959 64.
397 2895 449 2958 De
463 2891 594 2956 'biberit'
616 2894 709 2980 lapsu
733 2891 911 2958 admodum
935 2895 1047 2958 variae
1071 2897 1148 2959 sunt
1174 2903 1329 2960 anctorum

63 2984 124 3034 ¹²l³⁰
135 2981 221 3024 Μ·
232 2995 423 3060 sententiae.
468 2991 668 3074 Blondellus,
693 2993 742 3055 Dc
761 2992 906 3077 primatu
928 2991 1052 3078 Papae,
1075 2993 1270 3080 Basnegius,
1293 2992 1330 3054 Dr

232 3116 338 3158 correo
362 3091 520 3154 Ecclesiae
544 3091 748 3154 universitate
754 3139 764 3168 ,
794 3087 978 3154 visibilitate
1002 3099 1032 3154 et
1055 3094 1254 3170 auctorita-tc,
1275 3089 1329 3153 alii

231 3212 295 3278 que
318 3189 487 3254 Ecclesiae
516 3187 624 3252 hostes
655 3186 872 3268 contendunt,
906 3187 1078 3252 Liberium
1106 3211 1126 3252 a
1150 3187 1330 3254 Constantio

231 3289 431 3374 Imperatore
454 3286 555 3351 fuisse
569 3287 765 3366 restitutum,
785 3283 873 3370 quod
893 3284 983 3348 exilii
1003 3283 1112 3350 taedio
1137 3289 1246 3352 victus
1270 3283 1329 3348 sub·

232 3388 413 3472 scripsisset
427 3384 586 3449 formulae
603 3383 680 3448 fidei
697 3381 867 3448 Sirmiensi
892 3381 1066 3465 secundae,
1082 3404 1168 3468 quae
1187 3383 1328 3448 Arianem

232 3485 393 3549 haeresim
416 3482 588 3546 manifeste
611 3479 772 3546 tradebat.
811 3519 854 3528 -
892 3477 1100 3566 Bossuetue)
1125 3491 1158 3545 et
1182 3481 1275 3548 Card.
1297 3477 1329 3542 dc

231 3585 263 3650 la
279 3579 460 3668 Lucerne⁶)
483 3590 642 3660 asserunt,
657 3579 828 3644 Liberium
853 3577 1084 3664 subscripsisse
1107 3579 1264 3645 formulae
1277 3577 1329 3640 Sir·

234 3685 350 3747 miensi
373 3683 508 3769 primae,
533 3689 565 3742 et
588 3700 625 3742 eo
651 3680 720 3764 ipso
745 3677 900 3742 incidisse
926 3679 963 3741 in
986 3676 1148 3741 haeresim
1173 3677 1328 3742 Arianam.

292 3874 327 3941 ¹¹)
346 3871 386 3925 De
402 3869 516 3938 synodis
535 3885 560 3923 n.
579 3867 604 3923 9.

305 3951 329 4022 ¹)
349 3952 390 4008 Gt.
410 3967 432 4006 e.
451 3967 479 4020 g.
493 3953 619 4014 Durnont,
636 3949 661 4004 S.
675 3949 777 4026 Libere,
797 3963 821 4015 p.
833 3947 891 4014 tee,
904 3946 998 4002 Rerue
1016 3945 1062 4001 des
1081 3943 1134 4015 QQ.
1153 3943 1245 4000 histor.
1264 3940 1329 3997 186&

232 4035 283 4089 Μ’
302 4032 328 4184 i>
347 4113 386 4167 ne
405 4111 500 4179 synon.
520 4127 546 4166 n.
566 4115 591 4164 e.
859 4108 881 4176 ⁴)
901 4107 935 4161 n
953 4107 993 4174 n,
1012 4105 1042 4162 a.
1062 4107 1096 4163 n
1116 4123 1139 4162 e.
1158 4107 1201 4158 er.

303 4197 315 4227 Ι

304 4195 327 4346 0}
345 4189 635 4327 iiielieneiiuiiuil
651 4191 686 4325 ii
703 4187 802 4336 {lelio
821 4267 853 4322 oe
873 4267 983 4321 rena.
