2836 4804
14 995 15 1048 l

14 1049 16 1096 l

14 1129 16 1184 l

14 1189 16 1244 l

495 469 648 525 celebratio
673 471 792 526 Concilil.

613 725 673 790 11.

84 865 154 929 ne
191 845 507 931 terebratione
543 865 751 932 concine
788 866 1199 936 eeoooeoonenan.

171 1006 227 1070 32.
250 1005 440 1069 Marcianas
462 1005 654 1091 Imperator,
680 1019 782 1092 qu'um
805 1006 873 1070 Leo
893 1007 1049 1071 Pontifex
1062 1007 1199 1092 Synodo
1248 1029 1328 1080 synon

84 1102 301 1170 celebrandae
325 1105 533 1183 consentiret,
565 1101 668 1167 &era
699 1103 864 1190 Impar-inii
886 1104 1110 1190 Metropolitae
1133 1127 1199 1169 om·
1240 1090 1340 1132 hm

85 1224 142 1266 nea
164 1200 209 1264 ad
235 1199 421 1265 Concilium
444 1202 604 1286 proximis
635 1199 787 1265 kalendis
811 1201 977 1287 Septemb.
1002 1224 1032 1266 a.
1055 1203 1118 1266 451
1143 1203 1199 1266 Ni-

85 1321 182 1363 caeae
212 1299 249 1362 in
272 1297 432 1382 Bythinia
462 1297 697 1363 celebrandum
731 1301 938 1365 convocavit.
986 1299 1200 1380 Quinetiam

84 1395 275 1482 spopondit,
300 1418 334 1460 ee
356 1396 549 1460 adfuturum
573 1395 719 1478 Synodo.
767 1395 878 1476 anm
903 1419 981 1461 vero
1006 1398 1200 1484 paulopost

83 1493 269 1580 perturbari
292 1493 462 1578 Illyricum
486 1493 528 1558 ob
560 1503 683 1558 metum
715 1493 931 1558 barbarorum
955 1496 1199 1559 imminentium

14 1583 16 1650 i
82 1593 267 1678 Imperator
299 1613 341 1655 ex
372 1590 489 1655 litteris
512 1591 757 1656 Praefectoram
790 1594 979 1677 accepisset,
1014 1611 1120 1678 neque
1144 1593 1199 1656 Ni·

14 1675 15 1712 ³
85 1711 198 1754 caeam
212 1697 324 1774 posset
347 1709 380 1753 ee
401 1689 558 1771 conferre,
576 1688 761 1754 Concilium
776 1689 901 1754 Nicaea
923 1689 1089 1754 transtulit
1108 1688 1200 1755 Cloni-

83 1789 238 1866 ccdonem,
254 1785 397 1872 illucque
413 1789 582 1872 epiecopoe
594 1809 708 1851 omnes
721 1785 839 1851 litteris
853 1789 1060 1852 convocavit.
1083 1787 1200 1852 Trana·

83 1885 213 1949 ferendi
238 1883 424 1948 Concilium
449 1887 547 1948 etiam
572 1887 777 1949 occasionem
796 1884 888 1949 dedit
911 1885 1092 1949 obsecratio
1115 1884 1201 1969 lege·

14 1989 15 2000 ¹
82 1993 190 2047 torum
223 1982 434 2068 Apostolicae
467 1980 571 2064 Sedis,
608 1984 665 2069 qui
688 1982 923 2069 Imperatorem
947 1984 1044 2045 enixe
1067 2003 1200 2066 rogave-

86 2091 171 2162 rant,
205 2092 243 2145 ut
273 2079 404 2144 adeeeet
433 2101 526 2144 eaero
551 2079 710 2160 Concilio,
735 2082 904 2165 protestati
929 2101 963 2143 ae
986 2078 1041 2142 illo
1065 2079 1200 2143 absente

84 2177 163 2244 illuc
184 2200 252 2242 non
277 2189 442 2242 venturos.
758 2239 762 2248 ,

171 2277 225 2340 33.
250 2275 283 2341 S.
300 2275 369 2339 Leo
393 2275 516 2360 legatos
532 2274 574 2339 ad
590 2274 761 2359 Synodum
776 2277 910 2340 mittens
932 2275 975 2340 ad
999 2275 1085 2338 hane
1103 2277 1361 2356 eimrrlneonnaan

88 2373 181 2438 dedit
205 2375 375 2459 epietoem,
400 2375 435 2438 in
460 2395 526 2459 qua
551 2375 585 2437 in
603 2372 667 2438 illia
692 2395 727 2437 ee
742 2373 879 2458 Synodo
903 2373 1090 2459 praecidere
1113 2373 1199 2438 clare

82 2471 194 2552 edicit,
221 2481 253 2534 et
276 2479 396 2552 monet,
429 2482 466 2534 ut
493 2493 560 2536 non
584 2471 770 2556 disputetur
793 2471 834 2534 de
858 2471 937 2552 fide,
962 2492 1062 2557 quam
1084 2471 1201 2536 litteris

14 2633 15 2652 ,
82 2569 122 2632 ed
156 2568 357 2632 Flavianum
381 2569 451 2654 jam
476 2569 695 2655 praefinierat,
729 2569 786 2633 aed
819 2579 855 2632 ut
888 2592 966 2634 cura
990 2563 1201 2656 impendatur

14 2681 15 2692 ³
82 2667 122 2730 ad
147 2677 295 2730 errantes
308 2665 514 2731 reducendae
528 2677 561 2731 et
575 2666 618 2731 ad
633 2666 861 2731 orthodoxiam
878 2667 1045 2733 tuendam.
1091 2669 1130 2731 In
1152 2669 1200 2730 bie

73 2763 248 2848 fratr-ibae,
273 2763 396 2844 eeribit,
422 2765 612 2828 Panchaeino
637 2775 667 2828 et
681 2765 828 2828 Lucentio
853 2765 1017 2850 epiecopie,
1032 2764 1199 2848 Bonifatio

83 2873 110 2926 et
133 2861 262 2926 Bam'iio
289 2862 496 2948 preebyterie,
530 2865 584 2948 qai
607 2862 647 2926 ab
670 2861 855 2949 Apoetoiiea
879 2860 958 2925 Sede
982 2863 1096 2926 directi
1117 2873 1199 2939 enne,

14 2995 15 3024 1
82 2983 124 3023 roe
158 2959 278 3046 synodo
313 2971 417 3023 oeetra
432 2960 628 3046 fraternitas
660 2961 816 3022 caietimet
832 2960 1027 3043 praecidere,
1061 2983 1123 3023 non
1148 2961 1200 3023 ab·

14 3053 15 3136 i
75 3061 190 3146 juncta
214 3081 235 3120 a
258 3057 346 3120 cotta
361 3059 548 3142 praesentia
562 3080 640 3135 mea,
656 3057 710 3141 qni
731 3079 812 3118 nnnc
835 3059 869 3119 in
892 3059 1021 3120 vicariie
1044 3059 1120 3120 maie
1142 3057 1198 3121 ad-

80 3177 153 3236 enm,
179 3167 211 3219 et
226 3159 299 3243 jam
322 3154 439 3218 dedam
462 3156 497 3218 in
511 3155 595 3239 fidei
608 3153 777 3218 catholicae
794 3154 1037 3240 praedieatione
1060 3177 1121 3218 non
1147 3155 1198 3218 de-

14 3253 15 3286 f
80 3277 155 3331 enm,
179 3263 216 3316 nt
238 3254 293 3339 pai
313 3254 520 3340 nonpoteotie
535 3255 691 3337 ipnorare,
709 3253 785 3337 qnid
808 3275 848 3314 ea·
872 3255 1002 3337 antiqno
1027 3251 1198 3316 traditione

14 3377 15 3382 ¹
79 3353 251 3428 credamne,
273 3373 338 3414 non
355 3353 489 3436 poenitio
511 3350 667 3428 dubitare,
686 3351 763 3434 qnid
785 3352 955 3435 capiamus.
1007 3350 1106 3426 Unde,
1122 3350 1198 3435 fra-

80 3461 139 3513 tree
163 3450 331 3526 earieeirni,
347 3453 463 3537 rejecta
471 3450 603 3534 penitae
619 3448 758 3511 andacia
775 3447 964 3533 disputandi
983 3459 1093 3510 contra
1102 3447 1199 3531 fidem

14 3563 15 3614 i
80 3547 232 3611 divinitae
255 3547 456 3631 inopinatam,
481 3569 565 3608 nana
597 3547 771 3608 errantinm
794 3543 967 3626 infidelitas
990 3546 1197 3630 oonqaieaoat,

14 3635 15 3648 ,
78 3667 130 3708 nee
154 3643 250 3707 liceat
273 3643 405 3728 defatdi
426 3643 510 3728 qnod
531 3665 595 3706 noa
619 3641 691 3706 lieet
706 3643 801 3720 credi,
826 3665 893 3705 enm
916 3642 1082 3705 oeoandnm
1105 3665 1196 3705 coarc-

81 3742 197 3824 octiens
219 3742 433 3818 auctoritatae,
458 3741 624 3804 eaenndnm
642 3741 846 3826 propheticae
867 3761 956 3804 ooeee
979 3739 1196 3824 apostolicam-

77 3863 132 3925 qae
157 3841 343 3917 doctrinam,
371 3838 554 3925 plenioeime
587 3862 624 3902 aa
656 3837 847 3902 lacidieaima
870 3861 934 3924 per
966 3837 1090 3899 litterae
1117 3859 1197 3920 qnae

78 3939 118 4001 ad
143 3937 253 4002 beatae
277 3938 441 4000 memoriae
458 3936 650 4000 Flavianum
667 3937 845 4021 episcopam
859 3935 1000 3998 mieimna
1014 3932 1121 4018 faerit
1143 3933 1194 3995 de-

77 4035 240 4112 claratam,
256 4059 336 4120 qnae
352 4036 394 4098 eit
417 4034 455 4096 de
471 4044 664 4097 tenemento
682 4033 917 4097 Incarnationie
932 4032 1063 4094 Domini
1080 4030 1196 4094 Nostri

78 4135 153 4200 Jeen
180 4130 297 4197 Cirieti
313 4135 375 4217 pia
399 4143 428 4195 et
451 4133 576 4195 sincera
601 4131 766 4216 confeeeia
817 4127 902 4202 Qnia
924 4151 996 4191 aero
1019 4149 1083 4190 non
1105 4129 1194 4213 ipno·

76 4256 190 4312 ramae,
218 4253 280 4316 per
305 4252 427 4316 pravae
451 4229 678 4294 aemulationes
706 4227 876 4292 mnitarnm
904 4225 1105 4290 cacierini-am
1127 4234 1192 4288 etn-
