2874 4812
333 479 486 560 Appellatio
504 477 539 544 sd
557 475 649 544 sedem
667 479 857 558 Apostolicam.
1102 485 1155 546 tls

65 635 183 722 episcopi
205 643 341 722 propter
362 635 478 717 gravia
501 631 642 698 crimina
664 636 745 719 ipsis
769 619 899 719 objecta
922 633 1062 720 depositi
1086 633 1154 700 fue-

65 737 234 809 1111111111
257 751 373 797 eorum
395 730 505 795 locum
525 731 621 798 Felix
644 743 678 795 et
700 731 843 800 Sabinus
867 731 972 796 electi.
1023 731 1155 799 (3111ιί11

65 857 137 895 amm
156 833 408 906 womaismmos,
440 827 554 892 scribit
576 829 610 894 S.
636 828 838 914 Cyprianus,
871 829 1000 916 lepimus
1031 830 1154 896 litteras

65 939 166 1006 1111111,
181 931 308 1016 fratres
330 927 537 1006 dilectissimi,
561 948 637 1012 quos
660 927 704 990 od
721 949 779 990 roos
796 949 859 1013 per
872 927 1005 992 Felicem
1020 937 1051 992 et
1064 927 1154 995 Sabi·
1191 931 1201 948 '

64 1051 118 1090 sum
129 1029 321 1113 mepisecpos
333 1036 458 1090 metros
470 1045 533 1111 pro
544 1024 628 1107 fidei
640 1036 761 1088 cosmae
775 1026 957 1111 intepritate
970 1036 1007 1088 et
1006 1047 1078 1110 pro
1092 1027 1156 1090 Dei

63 1127 149 1189 timore
162 1126 299 1212 fecistis,
329 1123 550 1210 sipaificuates,
578 1121 755 1186 Basilidem
778 1131 808 1184 et
831 1121 1016 1185 Martialem
1039 1121 1155 1188 libellis

62 1221 237 1288 mutarem
270 1220 513 1284 commomlotos
544 1231 575 1283 et
596 1219 808 1305 nefandorum
829 1219 1016 1304 facinorum
1038 1224 1153 1286 cousci-

62 1323 129 1384 mtio
148 1323 273 1398 oimtos,
305 1321 520 1404 episcopatum
541 1339 646 1403 perere
679 1328 709 1382 et
732 1317 941 1380 sacerdotium
964 1318 1028 1380 Dei
1054 1319 1153 1382 admi

62 1417 173 1480 sistram
193 1439 257 1480 nom
280 1425 444 1502 oportere,·
468 1426 498 1478 et
520 1413 727 1478 desiderastis
741 1415 874 1478 rescribi
895 1414 940 1478 od
961 1416 1036 1479 loeo
1057 1416 1153 1494 ochis,

62 1525 84 1574 et
95 1519 202 1601 justam
217 1516 348 1600 pariter
377 1537 414 1577 ac
446 1514 656 1578 necessariam
683 1511 928 1576 sollicitudiuem
949 1525 1084 1578 cosmam
1106 1513 1155 1578 vel

62 1609 152 1674 solatio
178 1611 226 1674 oei
258 1611 384 1674 armich
416 1621 544 1674 noemae
578 1611 750 1674 sermatiae
785 1609 951 1674 subleuari.
1007 1609 1153 1676 Comme·

63 1718 145 1770 norat
168 1707 244 1772 dein
278 1707 462 1792 speciatim,
498 1708 534 1771 iu
556 1705 673 1774 Sabini
711 1705 871 1770 electione
898 1707 998 1791 juxta
1029 1729 1153 1772 morem

61 1815 226 1869 muscetum
256 1814 370 1869 actum
403 1805 513 1870 fuisse.
563 1802 656 1876 Quod
679 1813 709 1868 et
741 1803 829 1889 optol
851 1825 905 1867 vos
920 1806 1048 1891 factam
1069 1808 1154 1875 side·

63 1925 113 1964 mos
137 1905 169 1966 in
194 1901 312 1968 &tint
340 1901 478 1988 collepae
500 1903 604 1966 nostri
635 1902 846 1980 ordinatione,
871 1913 906 1965 ot
928 1903 967 1965 de
989 1904 1153 1966 uniuersae

56 1997 249 2080 ,immitam
282 1997 435 2086 suffragio
464 2009 494 2062 et
523 1999 562 2062 de
592 2000 815 2084 episcoporum,
847 2001 901 2084 qui
929 2000 965 2062 io
989 1997 1157 2084 mamito,

62 2108 250 2176 commorant,
284 2098 398 2182 quique
429 2095 468 2160 de
491 2117 526 2159 eo
550 2096 594 2159 ad
619 2118 674 2159 oce
702 2091 827 2160 litteras
841 2096 1000 2181 fecerant,
1017 2098 1153 2186 judicic,

63 2195 232 2279 φίκοραωι
254 2196 287 2259 si
309 2195 495 2281 defensum,
520 2205 550 2258 et
572 2215 684 2257 11111111
706 2194 737 2256 ei
758 2195 794 2257 ia
817 2193 917 2258 locum
928 2193 1086 2259 Basilidis
1099 2197 1153 2260 im·

61 2303 233 2372 pmcreotur.
281 2291 350 2358 Sed
373 2289 545 2372 Basilides,
569 2291 623 2377 (ac
652 2291 735 2354 forte
759 2293 859 2355 etiam
883 2291 1068 2379 Martialis),
1094 2293 1153 2357 Ro·

65 2405 132 2449 nsm
144 2409 175 2452 se
188 2399 344 2471 verterat,
364 2398 402 2452 ut
416 2390 608 2474 impetraret
622 2387 782 2474 Stephani
798 2389 971 2453 Pontificis
993 2391 1152 2471 favorem,

64 2496 88 2544 11
112 2487 327 2574 episcopatum
356 2509 521 2551 resumere
553 2494 672 2572 posset.
719 2487 825 2572 quue
854 2481 970 2555 revera
999 2488 1152 2571 obtinuit,

65 2581 107 2643 sed
120 2603 155 2646 ex
168 2583 337 2671 Cypriane
352 2587 486 2650 omniuo
495 2608 557 2671 per
570 2585 800 2669 obreptionem
823 2584 1008 2649 Martialem
1023 2607 1153 2672 quoqne

64 2679 147 2744 simile
173 2683 251 2770 quid
280 2682 473 2764 obtinuisse,
506 2705 549 2745 ex
572 2679 710 2766 epistola
734 2681 854 2765 conjici
878 2691 992 2766 potest.
1033 2683 1152 2746 Utrum

64 2773 90 2836 in
109 2775 151 2840 his
170 2779 325 2844 solemnis
355 2779 466 2866 aliqua
490 2779 650 2864 Stephani
674 2781 837 2842 sententia
860 2780 1085 2859 intervenerit,
1109 2801 1153 2844 an

65 2891 124 2935 vero
144 2897 197 2960 per
217 2877 323 2942 solam
342 2879 675 2942 communicationem
695 2897 770 2940 cum
794 2878 863 2962 ipso
880 2875 1069 2961 Stephanus
1092 2879 1153 2962 sig·

64 2969 231 3057 nificarerit,
262 2997 299 3038 se
321 2974 444 3040 hahere
467 2995 543 3039 cum
576 2983 613 3036 ut
640 2976 832 3059 episcopum
860 2972 1056 3057 legitimum,
1086 2995 1153 3038 non

64 3069 125 3130 satis
151 3081 245 3155 patet
303 3069 386 3136 Inde
418 3061 507 3136 vero¹
529 3072 653 3135 factum
688 3080 752 3151 est,
793 3081 830 3134 ut
865 3071 975 3156 plures
1007 3073 1152 3157 episcopi

64 3162 158 3230 iterum
180 3187 254 3234 cum
279 3167 336 3232 illo
359 3171 652 3235 communicarent.
697 3169 791 3232 Idem
824 3167 948 3232 factum
973 3179 1022 3232 est
1044 3167 1154 3255 quoad

63 3257 231 3348 Martialem,
256 3268 329 3330 sive
353 3265 441 3351 quod
474 3267 599 3352 etipse
623 3266 783 3351 Stephani
808 3267 1074 3330 communionem
1098 3265 1152 3330 ob·

63 3355 182 3442 turem,
204 3365 276 3426 sire
301 3365 399 3448 quod,
433 3385 535 3450 quum
559 3385 654 3427 casos
678 3363 793 3428 similis
817 3359 912 3444 esset,
936 3365 1081 3449 episcopi
1106 3363 1153 3426 illi

64 3471 217 3541 comunt,
232 3463 332 3524 sicuti
356 3482 432 3524 cum
446 3460 601 3543 Basilidc,
617 3462 663 3524 lta
678 3463 778 3525 etism
802 3479 878 3524 cum
894 3457 1045 3525 Martiale
1068 3481 1149 3524 com·

63 3555 276 3622 municsndum
299 3579 379 3624 esse.

132 3651 179 3718 62.
202 3655 362 3720 Attamen
390 3655 504 3719 fideles
533 3655 664 3722 illarum
698 3657 901 3735 dioeceseon,
936 3675 1039 3742 quum
1062 3665 1154 3720 tanta

64 3759 157 3854 111111,
188 3751 299 3837 (juxta
322 3752 494 3840 epistolam
523 3754 565 3818 de
589 3775 654 3839 qua
677 3751 830 3838 agimus),
860 3755 1001 3818 crimina
1024 3753 1154 3818 illorum

65 3843 275 3932 cpiscoporum,
309 3871 364 3916 cos
393 3850 491 3936 plane
521 3851 675 3936 indignos
707 3852 915 3936 episcopatus
944 3861 1152 3932 censuerunt,

65 3945 208 4022 11111111
232 3945 439 4059 cyprianum
471 3948 631 4012 miseruut
659 3969 736 4011 cum
764 3946 911 4032 epistolis
944 3947 1089 4014 Felicem
1122 3959 1154 4012 et

66 4029 209 4124 Sabinum,
242 4053 279 4106 ut
311 4065 386 4108 eum
418 4045 454 4108 in
485 4043 548 4108 hoo
584 4047 716 4128 negotio
748 4045 951 4116 consulerem.
1007 4044 1153 4112 Omnino

66 4131 210 4203 artritrarie
241 4150 490 4234 supponeretur,
523 4163 578 4206 eos
608 4143 816 4206 definitivam
848 4142 994 4228 aliquam
1027 4153 1153 4208 senten·

66 4227 128 4294 tiam
147 4227 344 4322 sprrisuo
368 4249 525 4324 tanquam
549 4239 702 4326 ajudice
726 4239 872 4324 petiisse.
897 4240 995 4306 Sed
986 4261 1021 4304 m
1035 4241 1154 4328 Hispa·
