2924 4818
561 486 618 544 Alii
635 491 757 544 erantne
1162 487 1211 540 101

111 631 206 695 variis
225 630 302 696 locis
324 635 371 696 ita
394 630 554 717 loquitur,
585 641 623 696 ut
652 631 825 715 colligatur
854 625 1101 714 cumpluribus
1125 653 1214 696 men-

107 731 196 794 sibus
215 732 437 796 continuatam
461 752 540 796 esse.
586 731 687 794 Porro
706 728 758 794 his
781 727 935 794 omnibus
956 729 1111 811 gerendis
1135 740 1213 794 tem-

107 851 170 912 pus
196 827 325 892 brevius
356 849 457 913 quam
481 829 600 912 viginti
633 826 748 892 saltem
781 848 919 909 menses,
942 835 1001 890 aut
1023 828 1123 890 etiam
1147 826 1213 891 duo

104 929 182 990 anni
196 929 319 1010 integri,
329 928 410 992 satis
433 948 502 990 esse
526 949 592 992 non
607 936 753 1011 possunt.
798 925 917 1011 Itaque
939 923 1035 989 Pauli
1049 928 1210 990 conversio

105 1037 176 1088 ena
191 1027 311 1112 primos
333 1047 453 1090 masec
476 1027 555 1090 onai
577 1027 618 1088 31
644 1025 794 1089 commi-i
815 1047 880 1088 nou
897 1033 1012 1109 potest.
1035 1020 1212 1086 -Oonlir

104 1134 193 1188 mant
212 1123 297 1188 hanc
329 1125 526 1188 sententiam
559 1122 707 1208 alioquin
733 1123 805 1207 jam
835 1123 1052 1186 certissimam
1079 1119 1212 1186 tabulae

102 1221 347 1302 ecclesiasticae,
371 1231 408 1285 ut
430 1223 524 1286 varia
547 1220 782 1305 martyrologia
804 1222 951 1306 antiqua,
976 1242 1061 1305 quae
1070 1217 1210 1283 Paulum

100 1341 291 1384 conversum
315 1321 433 1386 dicunt
456 1321 494 1384 2⁰
526 1343 614 1384 anno
637 1331 711 1405 post
733 1321 959 1384 ascensionem
983 1317 1134 1398 Domini3
1159 1319 1211 1380 iis·

99 1439 162 1503 que
182 1417 311 1484 accedit
333 1417 567 1484 Oecnmenius.
613 1417 725 1498 Quare
747 1439 855 1484 annus
883 1417 1031 1484 decimus
1054 1417 1212 1502 septimus

99 1525 169 1602 post
190 1519 441 1582 conversionem
463 1514 623 1602 Apostoli,
648 1538 712 1601 quo
736 1518 807 1601 ipse
829 1515 873 1582 ad
897 1513 1083 1581 Concilium
1107 1515 1209 1596 venit,

98 1636 162 1678 non
175 1614 258 1678 alins
281 1624 331 1679 est
353 1635 446 1700 quam
468 1617 513 1678 47
532 1637 625 1678 aerae
643 1614 794 1700 culparis,
818 1637 911 1700 eoque
935 1635 1019 1678 anuo
1038 1609 1210 1676 Concilium

96 1711 231 1776 moiun
253 1723 309 1776 111
317 1712 344 1798 ¹)

181 1811 233 1876 91.
257 1810 337 1876 Jam
359 1809 427 1876 alia
454 1810 618 1896 quaedam
642 1811 731 1876 facta
753 1833 795 1875 ex
819 1811 1007 1895 primordiis
1029 1807 1208 1886 Ecclesiae,
1234 1825 1282 1866 mu
1296 1825 1363 1866 rau.

94 1931 177 1994 quae
199 1909 336 1974 Petrum
360 1917 394 1974 et
416 1908 556 1974 Paulum
586 1919 744 1995 spectant,
775 1909 873 1974 modo
895 1909 1082 1975 accuratius
1106 1904 1209 1969 deter-

96 2009 267 2073 minemus.
299 2007 423 2072 Narrat
444 2007 478 2074 S.
501 2007 611 2074 Lucos
635 2006 710 2074 Act.
734 2007 799 2092 Ap.
827 2007 955 2089 11,19:
1002 2007 1045 2070 Et
1067 2004 1120 2068 illi
1142 2005 1208 2090 qui·

93 2105 160 2168 sm
188 2107 244 2192 pai
267 2106 406 2192 dispersi
428 2105 566 2192 firmat
596 2129 617 2168 a
640 2105 855 2182 tribulatium,
888 2129 967 2192 quae
983 2105 1079 2191 faeta
1093 2104 1209 2191 flaret
1311 2161 1317 2174 .

93 2204 146 2266 suh
170 2203 340 2290 Stephme,
367 2203 667 2290 perambulaverunt
697 2228 792 2290 usque
814 2205 987 2270 Phoenicen
1017 2215 1047 2270 et
1073 2200 1209 2290 Cyprum

93 2313 120 2364 st
141 2303 352 2382 Antiochiam,
375 2303 495 2366 rammi
516 2301 674 2388 loquentes
696 2303 821 2368 cubum
855 2303 921 2368 nisi
952 2303 1028 2368 solis
1059 2302 1207 2366 Judaeis.

93 2399 145 2463 Sic
184 2401 289 2484 igitur
329 2398 528 2466 Antiochiae
565 2399 660 2466 brevi
702 2410 776 2485 post
816 2399 939 2466 Christi
980 2402 1207 2468 ascensionem

91 2497 229 2562 11111111
261 2519 306 2562 ex
336 2497 476 2564 Judaeis
507 2500 676 2564 conversis
706 2497 847 2564 formata
878 2508 937 2581 est,
968 2510 1001 2564 et
1023 2500 1206 2566 secundum

91 2596 278 2660 11111111οηί11
310 2597 516 2681 antiquitatis
548 2596 581 2664 S.
604 2597 722 2662 Petrus
753 2596 852 2683 hujus
876 2596 1034 2663 ecclesiae
1066 2621 1125 2684 per
1148 2621 1206 2662 sex

92 2692 140 2756 rel
162 2701 293 2779 septem
316 2715 421 2758 annos
441 2694 507 2758 fuit
535 2696 718 2780 episcopus.
757 2695 870 2760 Versus
893 2720 1010 2762 anuum
1033 2699 1077 2762 35
1099 2699 1205 2782 itaque

90 2813 263 2877 supponere
271 2813 449 2878 pommus,
468 2815 536 2857 eum
549 2795 720 2879 suscepisse
743 2795 955 2880 episcopatum
969 2795 1203 2862 Antiochenam.

90 2925 129 2936 -
159 2889 218 2954 Ex
251 2891 407 2956 missione
439 2891 483 2956 ed
507 2889 696 2959 Cornelium
728 2913 768 2957 ac
801 2893 929 2960 visione
960 2903 1059 2958 antea
1090 2893 1205 2962 habita

89 2985 175 3054 (Aa
204 2989 247 3053 lo
270 2987 355 3074 sqq.)
377 2988 412 3055 S.
436 2989 553 3054 Petrus
585 2989 756 3072 intellexit,
786 3000 916 3076 tempus
938 2991 1054 3056 adesse
1077 2994 1203 3078 praedi·

89 3085 184 3151 caudi
200 3087 302 3150 efiam
317 3087 480 3170 gentibus.
506 3087 539 3154 S.
555 3087 664 3154 Lucas
686 3099 760 3175 post
780 3096 949 3154 narratam
962 3087 1106 3156 Cornelii
1130 3114 1203 3158 cou-

89 3187 284 3266 versionem,
307 3185 394 3250 redit
416 3186 459 3252 ad
482 3209 537 3251 eos
569 3189 626 3273 qui
656 3187 795 3273 dispersi
829 3187 960 3254 fueram
989 3187 1031 3252 ob
1055 3209 1204 3275 persecu-

87 3283 209 3346 tionem
236 3293 385 3370 tempore
408 3283 579 3370 Stephani,
603 3295 789 3372 narretque,
823 3307 913 3350 nunc
942 3287 1042 3352 etiam
1066 3285 1204 3356 Graccis

88 3377 310 3464 Evangelium
341 3381 525 3466 praedicari
558 3385 722 3468 coepisse,
761 3383 935 3469 mulasque
965 3407 1112 3450 numerus
1140 3411 1203 3454 ere-

87 3476 227 3541 1111111
249 3499 414 3544 macerare
436 3490 482 3544 111
506 3479 549 3544 od
571 3481 741 3544 Dominum
764 3478 853 3566 (Aac
879 3481 929 3562 11,
942 3479 1009 3566 21.)
1039 3482 1103 3548 His
1125 3483 1202 3550 Hie·

87 3573 260 3658 msolymis
283 3578 458 3661 compertis
472 3577 685 3643 Antiochiam
700 3579 818 3644 missus
833 3587 882 3642 est
903 3577 1083 3663 Barnabas,
1108 3584 1201 3668 isque

88 3689 161 3734 mox
183 3671 351 3737 Thursum
374 3674 539 3759 profectus
554 3674 690 3741 Saulum
714 3676 897 3757 accersivit,
921 3677 1042 3762 quibus
1064 3679 1200 3765 quidem

87 3769 240 3834 omuibus
263 3771 460 3856 peragendis
483 3771 608 3858 aliquot
628 3793 756 3840 menses
779 3773 931 3859 deputari
955 3775 1086 3844 debent.
1132 3777 1199 3842 An-

88 3865 228 3932 tiochiae
246 3866 367 3934 Saulus
389 3871 511 3936 mansit
533 3893 658 3936 aunum
681 3881 796 3952 totum,
821 3871 927 3938 donec
950 3893 1026 3938 cum
1044 3874 1200 3942 Bernaba

87 3961 126 4026 ul
139 3965 272 4030 Pascha
294 3989 379 4032 auae
401 3968 614 4054 42prosectue
628 3981 674 4034 est
688 3969 948 4055 Hierosolymam
973 3969 1054 4058 (Act
1077 3973 1200 4061 11,30.)

88 4056 137 4124 Ex
168 4061 222 4128 his
254 4071 354 4148 patet,
386 4065 615 4130 macariorum
642 4063 781 4132 Cornelii
812 4067 916 4132 serius
947 4067 1099 4136 collocari
1132 4091 1199 4138 uon

89 4201 258 4214 -t——fln——n

158 4273 177 4344 ¹)
195 4273 228 4328 V.
245 4273 403 4342 Pataliam,
420 4273 454 4330 ln
471 4275 578 4348 Erana.
596 4276 629 4334 L.
646 4277 697 4334 ΙΙΙ,
715 4277 785 4336 Dies.
804 4276 850 4336 m
868 4295 896 4338 u.
916 4283 957 4338 10.
