2806 4848
159 457 162 470 ¹
258 471 292 521 86
432 474 468 522 lue
488 469 635 524 Arianismi
655 470 831 526 decrementis
849 487 881 524 ae
895 465 932 524 'de
952 470 1029 522 Cone
1050 467 1197 523 CPtauoL

257 635 390 696 procare
405 637 498 699 qnam
520 613 667 698 sinqsdos.
699 617 766 681 Hoc
780 640 833 703 eqo
853 613 1026 678 (iuvidiam
1041 615 1217 699 episcopum
1227 621 1345 674 nostrum

259 713 351 795 quasi
381 710 599 775 obtrectantem
630 714 749 799 referre
781 718 907 782 solitam
929 711 1049 790 oudini,
1082 711 1138 774 sed
1165 709 1250 794 lonqe
1271 707 1348 771 aliter

258 810 415 889 senserim,
447 808 596 895 laudique
629 813 766 877 attribuo
799 817 954 903 episcopie
985 823 1048 875 tam
1073 829 1233 896 pauperes
1251 806 1349 892 fiebas,

258 904 394 970 cenibil
418 910 549 993 proprii
579 908 734 989 baberent,
758 937 854 998 anaqam
878 913 918 976 ob
951 909 1026 974 aliis
1043 910 1154 994 potius
1186 929 1274 992 qaum
1286 905 1350 988 ficto

259 1016 422 1081 sumerent,
445 1003 500 1068 ubi
521 1008 672 1070 nominem
702 1003 899 1094 probabam&
930 1011 978 1072 ita
999 1010 1035 1071 in
1056 1007 1196 1091 atriaque
1219 1004 1350 1088 aprugnum

259 1101 441 1189 cuempiam.
487 1105 536 1166 Dc
559 1103 688 1190 reliq-ais
711 1107 791 1171 vibit
813 1111 962 1172 memoria
985 1107 1112 1190 utiquam
1136 1103 1291 1180 traditur,·
1310 1099 1351 1162 sed

259 1201 351 1264 redeo
376 1201 419 1263 od
443 1201 624 1288 ordireeml).

347 1299 378 1362 4.
402 1297 456 1362 Ex
480 1301 642 1386 episcopis
666 1307 884 1388 congregatis,
909 1301 1091 1367 secundum
1115 1297 1290 1382 Sulpitium
1311 1295 1350 1360 ss

165 1459 197 1488 n·
260 1417 375 1459 verum
399 1399 563 1482 octoginta
587 1398 704 1463 Ariani
728 1413 831 1466 erant.
876 1401 1044 1487 Imprimis
1068 1399 1196 1478 Ariani,
1220 1397 1266 1458 uti
1288 1392 1353 1455 vidi-

262 1516 343 1574 mus,
368 1495 584 1579 postularunt,
609 1506 645 1561 ut
674 1498 839 1585 abrogatis
872 1500 1000 1564 cunctis
1023 1497 1100 1561 fidei
1124 1493 1273 1560 formulis
1294 1505 1355 1554 aute

261 1593 366 1674 editis,
400 1595 601 1678 reciperetur
631 1595 770 1662 formula
794 1599 982 1664 sirmiensis
1012 1597 1108 1659 tertia
1136 1617 1156 1656 a
1182 1590 1355 1656 Constantio

261 1691 451 1777 approbata,
476 1693 510 1755 in
534 1715 600 1778 qua
616 1693 722 1760 Filius
735 1697 825 1761 Patri
841 1719 899 1782 per
917 1697 1028 1759 omnia
1052 1691 1168 1757 similis
1192 1687 1356 1753 dicebatur.

260 1789 385 1853 Verum
410 1809 484 1852 eum
508 1792 543 1854 in
566 1790 628 1855 hac
651 1792 792 1858 formula
805 1815 904 1858 voces
919 1791 1097 1858 substantia
1120 1799 1152 1852 et
1174 1784 1357 1880 consubstan-

262 1886 349 1952 tialis
373 1897 480 1951 essent
503 1887 623 1953 diserte
647 1913 849 1977 suppressae,
865 1892 1011 1978 episcopi
1032 1887 1186 1954 catholici
1209 1884 1296 1950 illam
1317 1901 1357 1944 ne-

262 1989 370 2072 cipere
403 1985 587 2069 noluernnt,
621 1988 678 2053 sed
712 1991 898 2054 Nicaenum
930 1989 1008 2054 fidei
1041 1983 1227 2072 symbolum
1261 1979 1358 2046 contir-

262 2092 397 2166 mantes,
421 2083 581 2148 Arionem
605 2085 766 2151 haeresim
783 2088 919 2174 ejusque
943 2094 1119 2150 sectatores
1142 2084 1262 2147 iterum
1285 2078 1359 2142 dam·

262 2189 392 2246 nerunt.
438 2180 501 2243 His
533 2181 689 2248 absolutis
721 2185 764 2249 ad
795 2184 1031 2270 Imperatorem
1063 2182 1187 2267 legatos
1216 2179 1359 2242 miserunt

263 2281 318 2364 qui
343 2280 372 2342 ei
397 2278 438 2342 de
460 2279 559 2343 rebus
575 2281 609 2344 in
624 2282 762 2346 concilio
779 2284 879 2366 gestis
893 2283 1131 2362 renuntiarent,
1154 2287 1189 2350 ,et
1211 2275 1360 2363 episcopis

262 2375 422 2441 redeundi
447 2377 490 2441 ad
513 2377 667 2444 eeclesias
692 2402 767 2446 suaa
796 2381 985 2446 facultatem
1010 2379 1052 2443 ab
1077 2377 1192 2442 eodem
1216 2383 1358 2461 peterent

109 2483 197 2534 busto
212 2483 239 2523 ²⁸
351 2475 382 2540 5.
409 2474 503 2556 Quae
535 2487 725 2560 evenerunt,
754 2477 948 2565 compendio
973 2476 1140 2562 Sulpitius.
1163 2473 1304 2540 Severus
1325 2471 1359 2531 ita

125 2543 224 2596 Imperat.

264 2582 410 2638 enarrat:
446 2573 520 2656 „Ad
550 2583 750 2660 postremum
779 2577 905 2662 placuit
928 2575 1043 2640 decem
1075 2573 1199 2659 legatos
1223 2572 1306 2636 mitti
1326 2563 1359 2629 ad

263 2672 508 2758 Imperatorem,
532 2681 569 2735 ut
591 2695 675 2758 quae
700 2684 784 2738 esset
797 2676 941 2760 partium
957 2670 1038 2738 fides
1062 2681 1095 2738 et
1117 2671 1280 2736 senmntia
1302 2685 1359 2745 cog·

263 2779 420 2851 nosceret,
454 2771 617 2856 sciretque
641 2793 758 2857 pacem
792 2793 865 2835 cnm
890 2771 1065 2836 haereticis
1087 2791 1158 2834 esse
1182 2789 1247 2832 non
1272 2783 1360 2853 pesse.

263 2867 354 2932 Idem
379 2866 496 2931 Ariani
519 2868 656 2951 faciunt,
681 2872 881 2956 mittuntque
904 2890 1041 2933 numero
1064 2869 1136 2954 pari
1161 2865 1294 2950 legatos,
1315 2857 1359 2946 qni

263 2965 441 3030 adversum
464 2975 590 3030 nostros
613 2988 723 3032 coram
747 2969 948 3054 Imperatore
973 2966 1198 3050 confligerent.
1245 2961 1308 3028 Sed
1328 2979 1360 3022 ex

263 3073 357 3150 parte
389 3073 573 3128 nostrorum
604 3064 758 3150 leguntur
797 3066 946 3131 homines
982 3063 1226 3142 adolescentes,
1260 3075 1360 3146 parum

265 3163 353 3227 docti
376 3170 408 3225 et
431 3184 547 3247 parum
572 3167 680 3246 cauti3
714 3165 756 3229 ab
779 3165 915 3230 Arianis
937 3171 1046 3228 autem
1071 3163 1163 3226 missi
1186 3181 1290 3234 senes,
1312 3152 1360 3217 cal·

264 3259 333 3343 lidi,
358 3269 391 3324 et
414 3262 545 3345 ingenio
561 3261 718 3342 valentes,
733 3273 867 3327 veterno
883 3260 1042 3348 perfidiae
1057 3261 1187 3341 imbuti,
1207 3261 1265 3345 qni
1287 3249 1361 3341 apud

264 3379 375 3442 regem
389 3358 486 3423 facile
510 3360 692 3445 superiores
707 3363 913 3426 exstiterunt.
938 3359 1004 3426 Sed
1028 3360 1149 3424 nostris
1173 3357 1360 3422 mandatum.

264 3477 305 3521 ne
329 3477 393 3542 quo
418 3456 514 3520 modo
546 3479 621 3521 cum
644 3457 779 3523 Arianis
809 3460 1074 3522 communionem
1098 3458 1229 3536 inirent,
1255 3451 1360 3517 omnia·

264 3576 329 3641 que
352 3557 479 3639 integra
502 3553 627 3640 synodo
652 3565 866 3622 reservarent.
893 3611 898 3622 .
925 3607 932 3620 .
958 3557 985 3621 .“

353 3653 383 3718 6.
410 3653 559 3736 „Interea
581 3652 704 3738 legatos
737 3655 957 3719 Ariminensis
987 3652 1119 3718 concilii
1143 3675 1186 3716 ex
1209 3661 1299 3738 parte
1320 3665 1361 3708 no·

265 3759 404 3814 atrorum
429 3749 594 3836 compellit
622 3753 823 3839 Imperator,
847 3755 934 3817 uniri
964 3751 1205 3824 haeretieorum
1237 3763 1362 3814 commu·

265 3850 366 3929 nioni,
400 3848 589 3935 eisdemque
622 3851 842 3936 conscriptam
875 3849 917 3914 ab
947 3849 1107 3935 improbis
1138 3849 1239 3914 fidem
1268 3841 1362 3909 trsrlit.

266 3946 375 4010 verbis
398 3945 587 4012 fallentibus
610 3948 802 4030 involutam,
827 3969 911 4034 quae
941 3945 1135 4012 catholicam
1170 3943 1363 4030 disciplinam

266 4044 404 4130 pertidia
419 4044 540 4110 latente
555 4046 752 4133 loqueretur.
781 4045 933 4134 Namque
952 4046 1046 4111 Uriae
1058 4046 1198 4110 verbum
1222 4053 1361 4126 tanquam

268 4191 477 4200 --—--.---—-—-

341 4267 360 4336 ῑ)
378 4265 451 4322 usse
469 4281 535 4322 saer.
555 4267 573 4322 1.
592 4267 628 4324 11.
